<?xml version="1.0" encoding="UTF-8"?>
<!DOCTYPE html PUBLIC "-//W3C//DTD XHTML 1.0 Transitional//EN"
    "http://www.w3.org/TR/xhtml1/DTD/xhtml1-transitional.dtd">
<html xmlns="http://www.w3.org/1999/xhtml" xml:lang="en" lang="en">
 <head>
  <title>
</title>
<meta http-equiv="Content-Type" content="text/html;charset=utf-8" />
  <meta name='ocr-system' content='tesseract 3.04.00' />
  <meta name='ocr-capabilities' content='ocr_page ocr_carea ocr_par ocr_line ocrx_word'/>
</head>
<body>
  <div class='ocr_page' id='page_1' title='image "./bullariumordinis01cath_0123.png"; bbox 0 0 2658 4244; ppageno 0'>
   <div class='ocr_carea' id='block_1_1' title="bbox 956 225 1776 356">
    <p class='ocr_par' dir='ltr' id='par_1_1' title="bbox 956 225 1776 356">
     <span class='ocr_line' id='line_1_1' title="bbox 956 225 1776 356; baseline -0.004 -25"><span class='ocrx_word' id='word_1_1' title='bbox 956 242 1121 331; x_wconf 74' lang='lat' dir='ltr'>Sub</span> <span class='ocrx_word' id='word_1_2' title='bbox 1170 225 1524 356; x_wconf 50' lang='lat' dir='ltr'>‘Gregoria</span> <span class='ocrx_word' id='word_1_3' title='bbox 1586 240 1681 326; x_wconf 80' lang='lat' dir='ltr'><em>X</em></span> <span class='ocrx_word' id='word_1_4' title='bbox 1677 239 1776 328; x_wconf 88' lang='lat' dir='ltr'>V.</span> 
     </span>
    </p>
   </div>
   <div class='ocr_carea' id='block_1_2' title="bbox 257 356 1320 3850">
    <p class='ocr_par' dir='ltr' id='par_1_2' title="bbox 257 356 1320 3850">
     <span class='ocr_line' id='line_1_2' title="bbox 297 356 1313 416; baseline -0.009 -10"><span class='ocrx_word' id='word_1_5' title='bbox 297 362 377 406; x_wconf 73' lang='lat' dir='ltr'>non</span> <span class='ocrx_word' id='word_1_6' title='bbox 394 360 517 405; x_wconf 73' lang='lat' dir='ltr'>solum</span> <span class='ocrx_word' id='word_1_7' title='bbox 535 361 574 403; x_wconf 90' lang='lat' dir='ltr'>in</span> <span class='ocrx_word' id='word_1_8' title='bbox 587 356 704 406; x_wconf 85' lang='lat' dir='ltr'><strong>Urbe</strong></span> <span class='ocrx_word' id='word_1_9' title='bbox 717 385 732 410; x_wconf 64' lang='grc' dir='ltr'>ς.</span> <span class='ocrx_word' id='word_1_10' title='bbox 757 357 822 402; x_wconf 71' lang='lat' dir='ltr'>{ed</span> <span class='ocrx_word' id='word_1_11' title='bbox 839 359 960 401; x_wconf 86' lang='lat' dir='ltr'>etiam</span> <span class='ocrx_word' id='word_1_12' title='bbox 975 362 1118 416; x_wconf 88' lang='lat' dir='ltr'>ubique</span> <span class='ocrx_word' id='word_1_13' title='bbox 1132 358 1270 401; x_wconf 88' lang='lat' dir='ltr'>locoru</span> <span class='ocrx_word' id='word_1_14' title='bbox 1279 375 1313 398; x_wconf 87' lang='lat' dir='ltr'>m</span> 
     </span>
     <span class='ocr_line' id='line_1_3' title="bbox 291 419 1315 477; baseline -0.005 -14"><span class='ocrx_word' id='word_1_15' title='bbox 291 435 367 477; x_wconf 87' lang='lat' dir='ltr'>per</span> <span class='ocrx_word' id='word_1_16' title='bbox 386 420 614 464; x_wconf 87' lang='lat' dir='ltr'>universum</span> <span class='ocrx_word' id='word_1_17' title='bbox 632 421 784 462; x_wconf 89' lang='lat' dir='ltr'>Orbem</span> <span class='ocrx_word' id='word_1_18' title='bbox 799 419 1010 460; x_wconf 77' lang='lat' dir='ltr'>existentes</span> <span class='ocrx_word' id='word_1_19' title='bbox 1026 447 1039 469; x_wconf 90' lang='lat'>,</span> <span class='ocrx_word' id='word_1_20' title='bbox 1068 428 1108 458; x_wconf 90' lang='lat' dir='ltr'>ut</span> <span class='ocrx_word' id='word_1_21' title='bbox 1126 420 1222 459; x_wconf 79' lang='lat' dir='ltr'>vere</span> <span class='ocrx_word' id='word_1_22' title='bbox 1236 448 1251 467; x_wconf 87' lang='lat'>,</span> <span class='ocrx_word' id='word_1_23' title='bbox 1275 419 1315 458; x_wconf 70' lang='grc' dir='ltr'>ὃς</span> 
     </span>
     <span class='ocr_line' id='line_1_4' title="bbox 291 477 1318 535; baseline 0.003 -22"><span class='ocrx_word' id='word_1_24' title='bbox 291 480 461 523; x_wconf 55' lang='lat' dir='ltr'>naliter</span> <span class='ocrx_word' id='word_1_25' title='bbox 486 483 507 521; x_wconf 62' lang='grc' dir='ltr'>τὶ</span> <span class='ocrx_word' id='word_1_26' title='bbox 533 478 744 535; x_wconf 80' lang='lat' dir='ltr'>Capucinis</span> <span class='ocrx_word' id='word_1_27' title='bbox 769 477 1081 532; x_wconf 84' lang='lat' dir='ltr'>distinguantur,</span> <span class='ocrx_word' id='word_1_28' title='bbox 1111 477 1150 516; x_wconf 90' lang='lat'>&amp;</span> <span class='ocrx_word' id='word_1_29' title='bbox 1178 478 1318 532; x_wconf 86' lang='lat' dir='ltr'>digno-</span> 
     </span>
     <span class='ocr_line' id='line_1_5' title="bbox 293 534 1320 593; baseline -0.006 -13"><span class='ocrx_word' id='word_1_30' title='bbox 293 539 475 589; x_wconf 80' lang='lat' dir='ltr'><strong>scantur,</strong></span> <span class='ocrx_word' id='word_1_31' title='bbox 502 536 650 593; x_wconf 74' lang='lat' dir='ltr'>praeterv</span> <span class='ocrx_word' id='word_1_32' title='bbox 661 538 881 590; x_wconf 82' lang='lat' dir='ltr'>capucium</span> <span class='ocrx_word' id='word_1_33' title='bbox 896 540 1056 591; x_wconf 88' lang='lat' dir='ltr'>penitus</span> <span class='ocrx_word' id='word_1_34' title='bbox 1072 534 1289 577; x_wconf 89' lang='lat' dir='ltr'>rotundum</span> <span class='ocrx_word' id='word_1_35' title='bbox 1307 562 1320 584; x_wconf 91' lang='lat'>,</span> 
     </span>
     <span class='ocr_line' id='line_1_6' title="bbox 293 592 1313 645; baseline -0.002 -9"><span class='ocrx_word' id='word_1_36' title='bbox 293 598 334 636; x_wconf 69' lang='grc' dir='ltr'>δε</span> <span class='ocrx_word' id='word_1_37' title='bbox 349 597 527 639; x_wconf 82' lang='lat' dir='ltr'>colorem</span> <span class='ocrx_word' id='word_1_38' title='bbox 543 593 794 639; x_wconf 88' lang='lat' dir='ltr'>berettinum</span> <span class='ocrx_word' id='word_1_39' title='bbox 811 624 825 645; x_wconf 89' lang='lat'>‚</span> <span class='ocrx_word' id='word_1_40' title='bbox 843 595 906 637; x_wconf 90' lang='lat' dir='ltr'>vel</span> <span class='ocrx_word' id='word_1_41' title='bbox 924 593 1229 638; x_wconf 86' lang='lat' dir='ltr'>subcinericium</span> <span class='ocrx_word' id='word_1_42' title='bbox 1242 621 1256 642; x_wconf 88' lang='lat'>,</span> <span class='ocrx_word' id='word_1_43' title='bbox 1272 592 1313 634; x_wconf 78' lang='lat' dir='ltr'>ut</span> 
     </span>
     <span class='ocr_line' id='line_1_7' title="bbox 291 651 1314 709; baseline -0.003 -12"><span class='ocrx_word' id='word_1_44' title='bbox 291 653 521 709; x_wconf 80' lang='lat' dir='ltr'>praemiffum</span> <span class='ocrx_word' id='word_1_45' title='bbox 546 653 602 694; x_wconf 90' lang='lat' dir='ltr'>est</span> <span class='ocrx_word' id='word_1_46' title='bbox 627 681 643 704; x_wconf 91' lang='lat'>,</span> <span class='ocrx_word' id='word_1_47' title='bbox 670 653 793 693; x_wconf 87' lang='lat' dir='ltr'>etiam</span> <span class='ocrx_word' id='word_1_48' title='bbox 816 653 1055 696; x_wconf 86' lang='lat' dir='ltr'>Mantellum</span> <span class='ocrx_word' id='word_1_49' title='bbox 1082 651 1239 703; x_wconf 86' lang='lat' dir='ltr'>longius</span> <span class='ocrx_word' id='word_1_50' title='bbox 1263 653 1314 694; x_wconf 84' lang='lat' dir='ltr'>ad</span> 
     </span>
     <span class='ocr_line' id='line_1_8' title="bbox 294 710 1317 765; baseline -0.006 -9"><span class='ocrx_word' id='word_1_51' title='bbox 294 711 636 756; x_wconf 75' lang='lat' dir='ltr'>conventualium</span> <span class='ocrx_word' id='word_1_52' title='bbox 651 710 946 765; x_wconf 78' lang='lat' dir='ltr'>longitudinem</span> <span class='ocrx_word' id='word_1_53' title='bbox 959 710 1139 762; x_wconf 88' lang='lat' dir='ltr'>deferre,</span> <span class='ocrx_word' id='word_1_54' title='bbox 1151 711 1186 750; x_wconf 88' lang='lat'>&amp;</span> <span class='ocrx_word' id='word_1_55' title='bbox 1203 713 1317 751; x_wconf 88' lang='lat' dir='ltr'>Moz-</span> 
     </span>
     <span class='ocr_line' id='line_1_9' title="bbox 289 768 1316 822; baseline -0.005 -9"><span class='ocrx_word' id='word_1_56' title='bbox 289 780 441 813; x_wconf 74' lang='lat' dir='ltr'>zettam</span> <span class='ocrx_word' id='word_1_57' title='bbox 465 768 588 809; x_wconf 88' lang='lat' dir='ltr'>latam</span> <span class='ocrx_word' id='word_1_58' title='bbox 602 797 616 818; x_wconf 95' lang='lat'>,</span> <span class='ocrx_word' id='word_1_59' title='bbox 637 769 844 822; x_wconf 85' lang='lat' dir='ltr'>&amp;longam</span> <span class='ocrx_word' id='word_1_60' title='bbox 858 798 872 820; x_wconf 90' lang='lat'>,</span> <span class='ocrx_word' id='word_1_61' title='bbox 903 784 980 812; x_wconf 91' lang='lat' dir='ltr'>non</span> <span class='ocrx_word' id='word_1_62' title='bbox 1008 771 1074 812; x_wconf 76' lang='lat' dir='ltr'>fiib</span> <span class='ocrx_word' id='word_1_63' title='bbox 1095 768 1288 811; x_wconf 88' lang='lat' dir='ltr'>mantello</span> <span class='ocrx_word' id='word_1_64' title='bbox 1302 798 1316 819; x_wconf 95' lang='lat'>,</span> 
     </span>
     <span class='ocr_line' id='line_1_10' title="bbox 288 826 1314 884; baseline -0.002 -15"><span class='ocrx_word' id='word_1_65' title='bbox 288 827 358 870; x_wconf 86' lang='lat' dir='ltr'>sed</span> <span class='ocrx_word' id='word_1_66' title='bbox 376 827 485 881; x_wconf 72' lang='lat' dir='ltr'>supra</span> <span class='ocrx_word' id='word_1_67' title='bbox 503 826 655 880; x_wconf 87' lang='lat' dir='ltr'>gestare</span> <span class='ocrx_word' id='word_1_68' title='bbox 678 837 917 870; x_wconf 86' lang='lat' dir='ltr'>teneantur.</span> <span class='ocrx_word' id='word_1_69' title='bbox 946 832 1111 884; x_wconf 80' lang='lat' dir='ltr'>Insuper</span> <span class='ocrx_word' id='word_1_70' title='bbox 1134 827 1314 869; x_wconf 70' lang='lat' dir='ltr'>strictiori</span> 
     </span>
     <span class='ocr_line' id='line_1_11' title="bbox 289 884 1315 940; baseline -0.003 -13"><span class='ocrx_word' id='word_1_71' title='bbox 289 884 595 940; x_wconf 85' lang='lat' dir='ltr'>Capucinorum</span> <span class='ocrx_word' id='word_1_72' title='bbox 610 884 892 939; x_wconf 60' lang='lat' dir='ltr'>predictorum</span> <span class='ocrx_word' id='word_1_73' title='bbox 923 888 1011 930; x_wconf 81' lang='lat' dir='ltr'>vitae</span> <span class='ocrx_word' id='word_1_74' title='bbox 1034 886 1315 936; x_wconf 75' lang='lat' dir='ltr'>consulentes,</span> 
     </span>
     <span class='ocr_line' id='line_1_12' title="bbox 284 941 1318 1002; baseline 0 -19"><span class='ocrx_word' id='word_1_75' title='bbox 284 955 339 984; x_wconf 84' lang='lat' dir='ltr'>ne</span> <span class='ocrx_word' id='word_1_76' title='bbox 350 943 400 984; x_wconf 83' lang='lat' dir='ltr'>ab</span> <span class='ocrx_word' id='word_1_77' title='bbox 421 941 571 984; x_wconf 90' lang='lat' dir='ltr'>eisdem</span> <span class='ocrx_word' id='word_1_78' title='bbox 587 943 834 996; x_wconf 85' lang='lat' dir='ltr'>Reformatis</span> <span class='ocrx_word' id='word_1_79' title='bbox 850 946 912 1001; x_wconf 80' lang='lat' dir='ltr'>ipsi</span> <span class='ocrx_word' id='word_1_80' title='bbox 930 948 1126 1002; x_wconf 84' lang='lat' dir='ltr'>Capucini</span> <span class='ocrx_word' id='word_1_81' title='bbox 1141 945 1318 994; x_wconf 84' lang='lat' dir='ltr'>admitti,</span> 
     </span>
     <span class='ocr_line' id='line_1_13' title="bbox 283 1000 1319 1056; baseline 0.001 -14"><span class='ocrx_word' id='word_1_82' title='bbox 283 1000 356 1042; x_wconf 84' lang='lat' dir='ltr'>vel</span> <span class='ocrx_word' id='word_1_83' title='bbox 370 1001 496 1055; x_wconf 82' lang='lat' dir='ltr'>recipi</span> <span class='ocrx_word' id='word_1_84' title='bbox 507 1001 650 1056; x_wconf 66' lang='lat' dir='ltr'>possint</span> <span class='ocrx_word' id='word_1_85' title='bbox 663 1032 677 1053; x_wconf 90' lang='lat'>,</span> <span class='ocrx_word' id='word_1_86' title='bbox 694 1000 762 1044; x_wconf 90' lang='lat' dir='ltr'>sub</span> <span class='ocrx_word' id='word_1_87' title='bbox 776 1004 922 1046; x_wconf 89' lang='lat' dir='ltr'>eadem</span> <span class='ocrx_word' id='word_1_88' title='bbox 936 1004 1319 1048; x_wconf 83' lang='lat' dir='ltr'>excommunicatio-</span> 
     </span>
     <span class='ocr_line' id='line_1_14' title="bbox 284 1059 1312 1121; baseline -0.001 -18"><span class='ocrx_word' id='word_1_89' title='bbox 284 1059 346 1103; x_wconf 82' lang='lat' dir='ltr'>nis</span> <span class='ocrx_word' id='word_1_90' title='bbox 364 1060 561 1102; x_wconf 85' lang='lat' dir='ltr'>sententia</span> <span class='ocrx_word' id='word_1_91' title='bbox 578 1088 592 1112; x_wconf 90' lang='lat'>,</span> <span class='ocrx_word' id='word_1_92' title='bbox 622 1060 703 1116; x_wconf 90' lang='lat' dir='ltr'>ipso</span> <span class='ocrx_word' id='word_1_93' title='bbox 721 1060 824 1103; x_wconf 64' lang='lat' dir='ltr'>facto</span> <span class='ocrx_word' id='word_1_94' title='bbox 838 1093 853 1113; x_wconf 88' lang='lat'>‚</span> <span class='ocrx_word' id='word_1_95' title='bbox 879 1074 961 1105; x_wconf 89' lang='lat' dir='ltr'>tam</span> <span class='ocrx_word' id='word_1_96' title='bbox 974 1065 1022 1106; x_wconf 93' lang='lat' dir='ltr'>ab</span> <span class='ocrx_word' id='word_1_97' title='bbox 1035 1066 1121 1121; x_wconf 79' lang='lat' dir='ltr'>ipsis</span> <span class='ocrx_word' id='word_1_98' title='bbox 1137 1062 1312 1115; x_wconf 86' lang='lat' dir='ltr'>Capuci-</span> 
     </span>
     <span class='ocr_line' id='line_1_15' title="bbox 283 1118 1309 1178; baseline 0.002 -18"><span class='ocrx_word' id='word_1_99' title='bbox 283 1118 346 1160; x_wconf 85' lang='lat' dir='ltr'>nis</span> <span class='ocrx_word' id='word_1_100' title='bbox 375 1119 578 1171; x_wconf 84' lang='lat' dir='ltr'>receptis,</span> <span class='ocrx_word' id='word_1_101' title='bbox 605 1120 725 1174; x_wconf 73' lang='lat' dir='ltr'>quam</span> <span class='ocrx_word' id='word_1_102' title='bbox 754 1121 996 1164; x_wconf 82' lang='lat' dir='ltr'>Reformatis</span> <span class='ocrx_word' id='word_1_103' title='bbox 1022 1123 1309 1178; x_wconf 78' lang='lat' dir='ltr'>recipientibus</span> 
     </span>
     <span class='ocr_line' id='line_1_16' title="bbox 284 1175 1315 1237; baseline 0.001 -18"><span class='ocrx_word' id='word_1_104' title='bbox 284 1175 526 1219; x_wconf 81' lang='lat' dir='ltr'>incurrenda</span> <span class='ocrx_word' id='word_1_105' title='bbox 543 1205 556 1227; x_wconf 90' lang='lat'>,</span> <span class='ocrx_word' id='word_1_106' title='bbox 585 1178 862 1222; x_wconf 80' lang='lat' dir='ltr'>interdicimus</span> <span class='ocrx_word' id='word_1_107' title='bbox 880 1183 946 1230; x_wconf 72' lang='grc' dir='ltr'>,δε</span> <span class='ocrx_word' id='word_1_108' title='bbox 959 1184 1245 1237; x_wconf 77' lang='lat' dir='ltr'>prohibemus3</span> <span class='ocrx_word' id='word_1_109' title='bbox 1265 1183 1315 1221; x_wconf 83' lang='lat' dir='ltr'>Et</span> 
     </span>
     <span class='ocr_line' id='line_1_17' title="bbox 284 1235 1314 1295; baseline 0 -17"><span class='ocrx_word' id='word_1_110' title='bbox 284 1235 546 1278; x_wconf 85' lang='lat' dir='ltr'>nihilominus</span> <span class='ocrx_word' id='word_1_111' title='bbox 566 1239 694 1278; x_wconf 77' lang='lat' dir='ltr'>ac&#39;tum</span> <span class='ocrx_word' id='word_1_112' title='bbox 711 1236 831 1290; x_wconf 86' lang='lat' dir='ltr'>ipsum</span> <span class='ocrx_word' id='word_1_113' title='bbox 846 1243 1090 1295; x_wconf 83' lang='lat' dir='ltr'>receptionis</span> <span class='ocrx_word' id='word_1_114' title='bbox 1104 1268 1117 1289; x_wconf 67' lang='lat'><em>2</em></span> <span class='ocrx_word' id='word_1_115' title='bbox 1143 1242 1181 1281; x_wconf 88' lang='lat'>&amp;</span> <span class='ocrx_word' id='word_1_116' title='bbox 1203 1250 1314 1280; x_wconf 88' lang='lat' dir='ltr'>tran-</span> 
     </span>
     <span class='ocr_line' id='line_1_18' title="bbox 283 1291 1312 1350; baseline 0.002 -15"><span class='ocrx_word' id='word_1_117' title='bbox 283 1291 377 1335; x_wconf 76' lang='lat' dir='ltr'>fitfis</span> <span class='ocrx_word' id='word_1_118' title='bbox 394 1303 582 1348; x_wconf 86' lang='lat' dir='ltr'>tanquam</span> <span class='ocrx_word' id='word_1_119' title='bbox 597 1294 777 1337; x_wconf 72' lang='lat' dir='ltr'>indebite</span> <span class='ocrx_word' id='word_1_120' title='bbox 792 1294 934 1339; x_wconf 59' lang='lat' dir='ltr'>flauum</span> <span class='ocrx_word' id='word_1_121' title='bbox 955 1326 967 1347; x_wconf 88' lang='lat'>,</span> <span class='ocrx_word' id='word_1_122' title='bbox 981 1313 1031 1341; x_wconf 88' lang='lat' dir='ltr'>ex</span> <span class='ocrx_word' id='word_1_123' title='bbox 1046 1311 1148 1340; x_wconf 91' lang='lat' dir='ltr'>nunc</span> <span class='ocrx_word' id='word_1_124' title='bbox 1166 1325 1178 1347; x_wconf 84' lang='lat'>,</span> <span class='ocrx_word' id='word_1_125' title='bbox 1196 1306 1312 1350; x_wconf 85' lang='lat' dir='ltr'>prout</span> 
     </span>
     <span class='ocr_line' id='line_1_19' title="bbox 284 1351 1315 1408; baseline 0 -14"><span class='ocrx_word' id='word_1_126' title='bbox 284 1351 338 1394; x_wconf 80' lang='lat' dir='ltr'>ex</span> <span class='ocrx_word' id='word_1_127' title='bbox 354 1363 448 1393; x_wconf 91' lang='lat' dir='ltr'>tunc</span> <span class='ocrx_word' id='word_1_128' title='bbox 464 1351 622 1396; x_wconf 87' lang='lat' dir='ltr'>irritum</span> <span class='ocrx_word' id='word_1_129' title='bbox 634 1382 649 1402; x_wconf 81' lang='lat'>,</span> <span class='ocrx_word' id='word_1_130' title='bbox 677 1355 716 1393; x_wconf 89' lang='lat'>&amp;</span> <span class='ocrx_word' id='word_1_131' title='bbox 729 1355 889 1408; x_wconf 86' lang='lat' dir='ltr'>penitus</span> <span class='ocrx_word' id='word_1_132' title='bbox 912 1356 1062 1398; x_wconf 88' lang='lat' dir='ltr'>nullum</span> <span class='ocrx_word' id='word_1_133' title='bbox 1078 1351 1156 1398; x_wconf 82' lang='lat' dir='ltr'>effe</span> <span class='ocrx_word' id='word_1_134' title='bbox 1170 1355 1315 1395; x_wconf 87' lang='lat' dir='ltr'>decer-</span> 
     </span>
     <span class='ocr_line' id='line_1_20' title="bbox 283 1408 1311 1469; baseline 0 -17"><span class='ocrx_word' id='word_1_135' title='bbox 283 1412 441 1458; x_wconf 83' lang='lat' dir='ltr'>nimus,</span> <span class='ocrx_word' id='word_1_136' title='bbox 469 1409 509 1449; x_wconf 85' lang='lat'>&amp;</span> <span class='ocrx_word' id='word_1_137' title='bbox 537 1408 809 1453; x_wconf 68' lang='lat' dir='ltr'>declaramus·</span> <span class='ocrx_word' id='word_1_138' title='bbox 839 1416 892 1455; x_wconf 85' lang='lat' dir='ltr'>Et</span> <span class='ocrx_word' id='word_1_139' title='bbox 920 1416 1107 1469; x_wconf 89' lang='lat' dir='ltr'>quoniam</span> <span class='ocrx_word' id='word_1_140' title='bbox 1129 1412 1311 1453; x_wconf 82' lang='lat' dir='ltr'>fimiliter</span> 
     </span>
     <span class='ocr_line' id='line_1_21' title="bbox 280 1467 1312 1526; baseline 0.002 -18"><span class='ocrx_word' id='word_1_141' title='bbox 280 1467 535 1520; x_wconf 76' lang='lat' dir='ltr'>accepimUS,</span> <span class='ocrx_word' id='word_1_142' title='bbox 562 1469 779 1511; x_wconf 83' lang='lat' dir='ltr'>nonnullos</span> <span class='ocrx_word' id='word_1_143' title='bbox 792 1470 890 1512; x_wconf 86' lang='lat' dir='ltr'>alios</span> <span class='ocrx_word' id='word_1_144' title='bbox 908 1499 921 1521; x_wconf 91' lang='lat'>,</span> <span class='ocrx_word' id='word_1_145' title='bbox 947 1472 1012 1526; x_wconf 91' lang='lat' dir='ltr'>qui</span> <span class='ocrx_word' id='word_1_146' title='bbox 1027 1472 1097 1513; x_wconf 89' lang='lat' dir='ltr'>sub</span> <span class='ocrx_word' id='word_1_147' title='bbox 1111 1471 1312 1512; x_wconf 86' lang='lat' dir='ltr'>Eremita-</span> 
     </span>
     <span class='ocr_line' id='line_1_22' title="bbox 277 1524 1312 1584; baseline 0 -16"><span class='ocrx_word' id='word_1_148' title='bbox 277 1539 369 1568; x_wconf 74' lang='lat' dir='ltr'>rum</span> <span class='ocrx_word' id='word_1_149' title='bbox 387 1524 583 1565; x_wconf 89' lang='lat' dir='ltr'>vocabulo</span> <span class='ocrx_word' id='word_1_150' title='bbox 595 1529 852 1569; x_wconf 83' lang='lat' dir='ltr'>nominantur</span> <span class='ocrx_word' id='word_1_151' title='bbox 866 1559 879 1580; x_wconf 91' lang='lat'>,</span> <span class='ocrx_word' id='word_1_152' title='bbox 911 1542 1029 1584; x_wconf 88' lang='lat' dir='ltr'>vagos</span> <span class='ocrx_word' id='word_1_153' title='bbox 1043 1559 1056 1581; x_wconf 92' lang='lat'>,</span> <span class='ocrx_word' id='word_1_154' title='bbox 1079 1539 1148 1572; x_wconf 89' lang='lat' dir='ltr'>aut</span> <span class='ocrx_word' id='word_1_155' title='bbox 1174 1526 1312 1583; x_wconf 89' lang='lat' dir='ltr'>profu-</span> 
     </span>
     <span class='ocr_line' id='line_1_23' title="bbox 277 1584 1309 1640; baseline 0.004 -16"><span class='ocrx_word' id='word_1_156' title='bbox 277 1597 376 1640; x_wconf 77' lang='lat' dir='ltr'>g05,</span> <span class='ocrx_word' id='word_1_157' title='bbox 403 1596 448 1623; x_wconf 91' lang='lat' dir='ltr'>ac</span> <span class='ocrx_word' id='word_1_158' title='bbox 475 1584 701 1638; x_wconf 87' lang='lat' dir='ltr'>Acephalos</span> <span class='ocrx_word' id='word_1_159' title='bbox 731 1584 800 1629; x_wconf 73' lang='lat' dir='ltr'>sub</span> <span class='ocrx_word' id='word_1_160' title='bbox 824 1586 972 1630; x_wconf 87' lang='lat' dir='ltr'>nullius</span> <span class='ocrx_word' id='word_1_161' title='bbox 989 1588 1222 1630; x_wconf 75' lang='lat' dir='ltr'>obedientia</span> <span class='ocrx_word' id='word_1_162' title='bbox 1238 1587 1309 1628; x_wconf 90' lang='lat' dir='ltr'>de-</span> 
     </span>
     <span class='ocr_line' id='line_1_24' title="bbox 277 1641 1311 1701; baseline -0.001 -17"><span class='ocrx_word' id='word_1_163' title='bbox 277 1652 451 1698; x_wconf 75' lang='lat' dir='ltr'>genteS,</span> <span class='ocrx_word' id='word_1_164' title='bbox 478 1656 551 1684; x_wconf 88' lang='lat' dir='ltr'>nec</span> <span class='ocrx_word' id='word_1_165' title='bbox 571 1641 860 1698; x_wconf 86' lang='lat' dir='ltr'>Episcoporum</span> <span class='ocrx_word' id='word_1_166' title='bbox 874 1645 1134 1701; x_wconf 61' lang='lat' dir='ltr'>jurisdictioni</span> <span class='ocrx_word' id='word_1_167' title='bbox 1165 1646 1203 1687; x_wconf 91' lang='lat' dir='ltr'>se</span> <span class='ocrx_word' id='word_1_168' title='bbox 1228 1644 1311 1686; x_wconf 90' lang='lat' dir='ltr'>sub.</span> 
     </span>
     <span class='ocr_line' id='line_1_25' title="bbox 275 1699 1314 1758; baseline 0.002 -17"><span class='ocrx_word' id='word_1_169' title='bbox 275 1701 489 1757; x_wconf 77' lang='lat' dir='ltr'>jicienteS,</span> <span class='ocrx_word' id='word_1_170' title='bbox 526 1699 607 1741; x_wconf 84' lang='lat' dir='ltr'>sine</span> <span class='ocrx_word' id='word_1_171' title='bbox 634 1703 765 1758; x_wconf 88' lang='lat' dir='ltr'>aliqua</span> <span class='ocrx_word' id='word_1_172' title='bbox 796 1704 963 1746; x_wconf 88' lang='lat' dir='ltr'>licentia</span> <span class='ocrx_word' id='word_1_173' title='bbox 986 1733 999 1754; x_wconf 90' lang='lat'>,</span> <span class='ocrx_word' id='word_1_174' title='bbox 1027 1705 1090 1748; x_wconf 82' lang='lat' dir='ltr'>vel</span> <span class='ocrx_word' id='word_1_175' title='bbox 1122 1703 1198 1744; x_wconf 91' lang='lat' dir='ltr'>loci</span> <span class='ocrx_word' id='word_1_176' title='bbox 1232 1702 1314 1744; x_wconf 85' lang='lat' dir='ltr'>affi-</span> 
     </span>
     <span class='ocr_line' id='line_1_26' title="bbox 279 1757 1312 1815; baseline 0.001 -16"><span class='ocrx_word' id='word_1_177' title='bbox 279 1757 469 1814; x_wconf 85' lang='lat' dir='ltr'>gnatione</span> <span class='ocrx_word' id='word_1_178' title='bbox 486 1785 500 1808; x_wconf 89' lang='lat'>,</span> <span class='ocrx_word' id='word_1_179' title='bbox 523 1770 603 1799; x_wconf 86' lang='lat' dir='ltr'>non</span> <span class='ocrx_word' id='word_1_180' title='bbox 622 1761 701 1802; x_wconf 87' lang='lat' dir='ltr'>fine</span> <span class='ocrx_word' id='word_1_181' title='bbox 713 1763 824 1815; x_wconf 85' lang='lat' dir='ltr'>gravi</span> <span class='ocrx_word' id='word_1_182' title='bbox 839 1761 1018 1803; x_wconf 79' lang='lat' dir='ltr'>fidelium</span> <span class='ocrx_word' id='word_1_183' title='bbox 1036 1761 1222 1805; x_wconf 88' lang='lat' dir='ltr'>scandalo</span> <span class='ocrx_word' id='word_1_184' title='bbox 1237 1762 1312 1801; x_wconf 88' lang='lat' dir='ltr'>huc</span> 
     </span>
     <span class='ocr_line' id='line_1_27' title="bbox 280 1817 1312 1874; baseline -0.001 -15"><span class='ocrx_word' id='word_1_185' title='bbox 280 1817 382 1859; x_wconf 86' lang='lat' dir='ltr'>illuc</span> <span class='ocrx_word' id='word_1_186' title='bbox 409 1819 546 1870; x_wconf 86' lang='lat' dir='ltr'>vagari</span> <span class='ocrx_word' id='word_1_187' title='bbox 570 1844 583 1865; x_wconf 88' lang='lat'>,</span> <span class='ocrx_word' id='word_1_188' title='bbox 617 1819 839 1861; x_wconf 88' lang='lat' dir='ltr'>eorundem</span> <span class='ocrx_word' id='word_1_189' title='bbox 866 1823 1054 1862; x_wconf 83' lang='lat' dir='ltr'>Fratrum</span> <span class='ocrx_word' id='word_1_190' title='bbox 1080 1820 1312 1874; x_wconf 69' lang='lat' dir='ltr'>Capucino-</span> 
     </span>
     <span class='ocr_line' id='line_1_28' title="bbox 281 1874 1314 1935; baseline -0.001 -17"><span class='ocrx_word' id='word_1_191' title='bbox 281 1889 370 1918; x_wconf 83' lang='lat' dir='ltr'>rum</span> <span class='ocrx_word' id='word_1_192' title='bbox 385 1874 578 1915; x_wconf 82' lang='lat' dir='ltr'>Habitum</span> <span class='ocrx_word' id='word_1_193' title='bbox 593 1902 607 1924; x_wconf 89' lang='lat'>,</span> <span class='ocrx_word' id='word_1_194' title='bbox 627 1876 690 1920; x_wconf 89' lang='lat' dir='ltr'>vel</span> <span class='ocrx_word' id='word_1_195' title='bbox 710 1879 812 1919; x_wconf 87' lang='lat' dir='ltr'>adeo</span> <span class='ocrx_word' id='word_1_196' title='bbox 827 1879 1074 1920; x_wconf 80' lang='lat' dir='ltr'>conlimilem</span> <span class='ocrx_word' id='word_1_197' title='bbox 1087 1880 1282 1935; x_wconf 85' lang='lat' dir='ltr'>gestantes</span> <span class='ocrx_word' id='word_1_198' title='bbox 1300 1906 1314 1928; x_wconf 88' lang='lat'>,</span> 
     </span>
     <span class='ocr_line' id='line_1_29' title="bbox 281 1931 1314 1991; baseline 0.001 -16"><span class='ocrx_word' id='word_1_199' title='bbox 281 1943 326 1975; x_wconf 91' lang='lat' dir='ltr'>ut</span> <span class='ocrx_word' id='word_1_200' title='bbox 341 1931 460 1974; x_wconf 71' lang='lat' dir='ltr'>facile</span> <span class='ocrx_word' id='word_1_201' title='bbox 475 1945 547 1985; x_wconf 89' lang='lat' dir='ltr'>pro</span> <span class='ocrx_word' id='word_1_202' title='bbox 562 1935 778 1988; x_wconf 86' lang='lat' dir='ltr'>Capucinis</span> <span class='ocrx_word' id='word_1_203' title='bbox 796 1949 1066 1990; x_wconf 78' lang='lat' dir='ltr'>reputemur3</span> <span class='ocrx_word' id='word_1_204' title='bbox 1083 1942 1196 1979; x_wconf 87' lang='lat' dir='ltr'>Motu</span> <span class='ocrx_word' id='word_1_205' title='bbox 1213 1938 1314 1991; x_wconf 85' lang='lat' dir='ltr'>pari,</span> 
     </span>
     <span class='ocr_line' id='line_1_30' title="bbox 278 1989 1311 2044; baseline 0.001 -10"><span class='ocrx_word' id='word_1_206' title='bbox 278 1989 443 2034; x_wconf 89' lang='lat' dir='ltr'>eosdem</span> <span class='ocrx_word' id='word_1_207' title='bbox 472 1991 701 2044; x_wconf 81' lang='lat' dir='ltr'>Eremitas,</span> <span class='ocrx_word' id='word_1_208' title='bbox 731 1994 812 2036; x_wconf 90' lang='lat' dir='ltr'>fine</span> <span class='ocrx_word' id='word_1_209' title='bbox 843 1996 971 2038; x_wconf 89' lang='lat' dir='ltr'>literis</span> <span class='ocrx_word' id='word_1_210' title='bbox 997 1995 1224 2037; x_wconf 75' lang='lat' dir='ltr'>dimissoriis</span> <span class='ocrx_word' id='word_1_211' title='bbox 1241 1995 1311 2035; x_wconf 84' lang='lat' dir='ltr'>ali-</span> 
     </span>
     <span class='ocr_line' id='line_1_31' title="bbox 280 2047 1313 2109; baseline 0.002 -17"><span class='ocrx_word' id='word_1_212' title='bbox 280 2047 391 2105; x_wconf 86' lang='lat' dir='ltr'>cujus</span> <span class='ocrx_word' id='word_1_213' title='bbox 415 2047 627 2101; x_wconf 87' lang='lat' dir='ltr'>superioris</span> <span class='ocrx_word' id='word_1_214' title='bbox 649 2052 815 2094; x_wconf 87' lang='lat' dir='ltr'>Ordinis</span> <span class='ocrx_word' id='word_1_215' title='bbox 840 2055 1050 2109; x_wconf 84' lang='lat' dir='ltr'>approbati</span> <span class='ocrx_word' id='word_1_216' title='bbox 1072 2087 1088 2106; x_wconf 83' lang='grc'>,</span> <span class='ocrx_word' id='word_1_217' title='bbox 1126 2054 1177 2097; x_wconf 87' lang='lat' dir='ltr'>de</span> <span class='ocrx_word' id='word_1_218' title='bbox 1201 2053 1313 2108; x_wconf 84' lang='lat' dir='ltr'>cujus</span> 
     </span>
     <span class='ocr_line' id='line_1_32' title="bbox 277 2105 1314 2172; baseline 0.006 -24"><span class='ocrx_word' id='word_1_219' title='bbox 277 2107 438 2164; x_wconf 65' lang='lat' dir='ltr'>‘gremio</span> <span class='ocrx_word' id='word_1_220' title='bbox 463 2105 569 2172; x_wconf 64' lang='lat' dir='ltr'>fint,</span> <span class='ocrx_word' id='word_1_221' title='bbox 597 2109 659 2151; x_wconf 89' lang='lat' dir='ltr'>vel</span> <span class='ocrx_word' id='word_1_222' title='bbox 679 2111 865 2167; x_wconf 78' lang='lat' dir='ltr'>Episcopi</span> <span class='ocrx_word' id='word_1_223' title='bbox 893 2113 971 2154; x_wconf 91' lang='lat' dir='ltr'>loci</span> <span class='ocrx_word' id='word_1_224' title='bbox 987 2114 1123 2162; x_wconf 86' lang='lat' dir='ltr'>illius,</span> <span class='ocrx_word' id='word_1_225' title='bbox 1151 2114 1216 2155; x_wconf 90' lang='lat' dir='ltr'>ubi</span> <span class='ocrx_word' id='word_1_226' title='bbox 1243 2112 1314 2154; x_wconf 89' lang='lat' dir='ltr'>de-</span> 
     </span>
     <span class='ocr_line' id='line_1_33' title="bbox 279 2171 1310 2224; baseline 0.006 -18"><span class='ocrx_word' id='word_1_227' title='bbox 279 2174 380 2223; x_wconf 81' lang='lat' dir='ltr'>gunt</span> <span class='ocrx_word' id='word_1_228' title='bbox 397 2193 411 2218; x_wconf 92' lang='lat'>,</span> <span class='ocrx_word' id='word_1_229' title='bbox 437 2177 568 2224; x_wconf 79' lang='lat' dir='ltr'>vagari</span> <span class='ocrx_word' id='word_1_230' title='bbox 585 2194 598 2216; x_wconf 89' lang='lat'>,</span> <span class='ocrx_word' id='word_1_231' title='bbox 621 2178 690 2211; x_wconf 91' lang='lat' dir='ltr'>aut</span> <span class='ocrx_word' id='word_1_232' title='bbox 707 2172 879 2224; x_wconf 86' lang='lat' dir='ltr'>propriis</span> <span class='ocrx_word' id='word_1_233' title='bbox 896 2171 994 2216; x_wconf 87' lang='lat' dir='ltr'>locis</span> <span class='ocrx_word' id='word_1_234' title='bbox 1007 2171 1218 2214; x_wconf 81' lang='lat' dir='ltr'>discedere</span> <span class='ocrx_word' id='word_1_235' title='bbox 1232 2185 1310 2212; x_wconf 89' lang='lat' dir='ltr'>non</span> 
     </span>
     <span class='ocr_line' id='line_1_34' title="bbox 279 2221 1312 2285; baseline 0.006 -21"><span class='ocrx_word' id='word_1_236' title='bbox 279 2221 413 2280; x_wconf 83' lang='lat' dir='ltr'>poffe,</span> <span class='ocrx_word' id='word_1_237' title='bbox 426 2224 667 2279; x_wconf 85' lang='lat' dir='ltr'>&amp;imprimis</span> <span class='ocrx_word' id='word_1_238' title='bbox 683 2230 730 2270; x_wconf 92' lang='lat' dir='ltr'>ab</span> <span class='ocrx_word' id='word_1_239' title='bbox 745 2230 897 2272; x_wconf 85' lang='lat' dir='ltr'>Habitu</span> <span class='ocrx_word' id='word_1_240' title='bbox 913 2228 1312 2285; x_wconf 84' lang='lat' dir='ltr'>Capucinorum,eis-</span> 
     </span>
     <span class='ocr_line' id='line_1_35' title="bbox 279 2280 1312 2333; baseline 0.004 -9"><span class='ocrx_word' id='word_1_241' title='bbox 279 2282 375 2326; x_wconf 84' lang='lat' dir='ltr'>dem</span> <span class='ocrx_word' id='word_1_242' title='bbox 399 2280 540 2323; x_wconf 87' lang='lat' dir='ltr'>saltem</span> <span class='ocrx_word' id='word_1_243' title='bbox 563 2311 576 2333; x_wconf 90' lang='lat'>,</span> <span class='ocrx_word' id='word_1_244' title='bbox 622 2284 686 2326; x_wconf 89' lang='lat' dir='ltr'>vel</span> <span class='ocrx_word' id='word_1_245' title='bbox 711 2287 798 2329; x_wconf 90' lang='lat' dir='ltr'>aliis</span> <span class='ocrx_word' id='word_1_246' title='bbox 831 2289 1051 2331; x_wconf 88' lang='lat' dir='ltr'>notioribus</span> <span class='ocrx_word' id='word_1_247' title='bbox 1076 2288 1312 2331; x_wconf 84' lang='lat' dir='ltr'>differentiis</span> 
     </span>
     <span class='ocr_line' id='line_1_36' title="bbox 277 2340 1311 2405; baseline 0.005 -22"><span class='ocrx_word' id='word_1_248' title='bbox 277 2340 461 2395; x_wconf 83' lang='lat' dir='ltr'>distingui</span> <span class='ocrx_word' id='word_1_249' title='bbox 476 2370 498 2405; x_wconf 41' lang='grc'>,.</span> <span class='ocrx_word' id='word_1_250' title='bbox 510 2342 548 2381; x_wconf 86' lang='lat'>&amp;</span> <span class='ocrx_word' id='word_1_251' title='bbox 561 2341 739 2398; x_wconf 82' lang='lat' dir='ltr'>dignosci</span> <span class='ocrx_word' id='word_1_252' title='bbox 755 2346 907 2390; x_wconf 90' lang='lat' dir='ltr'>debere</span> <span class='ocrx_word' id='word_1_253' title='bbox 922 2376 935 2398; x_wconf 95' lang='lat'>,</span> <span class='ocrx_word' id='word_1_254' title='bbox 962 2348 1126 2389; x_wconf 90' lang='lat' dir='ltr'>omnino</span> <span class='ocrx_word' id='word_1_255' title='bbox 1140 2347 1311 2402; x_wconf 83' lang='lat' dir='ltr'>praecipi-</span> 
     </span>
     <span class='ocr_line' id='line_1_37' title="bbox 275 2399 1310 2460; baseline 0.006 -21"><span class='ocrx_word' id='word_1_256' title='bbox 275 2405 366 2443; x_wconf 83' lang='lat' dir='ltr'>&#39;mus</span> <span class='ocrx_word' id='word_1_257' title='bbox 386 2427 399 2449; x_wconf 87' lang='lat'>,</span> <span class='ocrx_word' id='word_1_258' title='bbox 422 2400 460 2438; x_wconf 66' lang='grc' dir='ltr'>ὃς</span> <span class='ocrx_word' id='word_1_259' title='bbox 486 2399 692 2454; x_wconf 74' lang='lat' dir='ltr'>jubemus.</span> <span class='ocrx_word' id='word_1_260' title='bbox 726 2405 966 2448; x_wconf 86' lang='lat' dir='ltr'>Mandantes</span> <span class='ocrx_word' id='word_1_261' title='bbox 993 2418 1203 2460; x_wconf 87' lang='lat' dir='ltr'>propterea</span> <span class='ocrx_word' id='word_1_262' title='bbox 1227 2405 1310 2446; x_wconf 87' lang='lat' dir='ltr'>uni-</span> 
     </span>
     <span class='ocr_line' id='line_1_38' title="bbox 277 2457 1309 2516; baseline 0.003 -17"><span class='ocrx_word' id='word_1_263' title='bbox 277 2457 433 2506; x_wconf 79' lang='lat' dir='ltr'>¹versis,</span> <span class='ocrx_word' id='word_1_264' title='bbox 457 2457 497 2496; x_wconf 88' lang='lat'>&amp;</span> <span class='ocrx_word' id='word_1_265' title='bbox 524 2458 683 2513; x_wconf 80' lang='lat' dir='ltr'>ssnguh&#39;s</span> <span class='ocrx_word' id='word_1_266' title='bbox 711 2463 916 2504; x_wconf 86' lang='lat' dir='ltr'>Fratribus</span> <span class='ocrx_word' id='word_1_267' title='bbox 942 2462 1192 2506; x_wconf 87' lang='lat' dir='ltr'>Reformatis</span> <span class='ocrx_word' id='word_1_268' title='bbox 1215 2476 1309 2516; x_wconf 86' lang='lat' dir='ltr'>prae-</span> 
     </span>
     <span class='ocr_line' id='line_1_39' title="bbox 277 2515 1309 2573; baseline -0.004 -11"><span class='ocrx_word' id='word_1_269' title='bbox 277 2515 391 2556; x_wconf 65' lang='lat' dir='ltr'>distis</span> <span class='ocrx_word' id='word_1_270' title='bbox 409 2541 423 2563; x_wconf 75' lang='lat' dir='ltr'>s</span> <span class='ocrx_word' id='word_1_271' title='bbox 443 2527 666 2570; x_wconf 78' lang='lat' dir='ltr'>eorumque</span> <span class='ocrx_word' id='word_1_272' title='bbox 691 2515 988 2572; x_wconf 85' lang='lat' dir='ltr'>superioribus,</span> <span class='ocrx_word' id='word_1_273' title='bbox 1017 2536 1061 2562; x_wconf 91' lang='lat' dir='ltr'>ac</span> <span class='ocrx_word' id='word_1_274' title='bbox 1092 2522 1178 2573; x_wconf 88' lang='lat' dir='ltr'>ipsss</span> <span class='ocrx_word' id='word_1_275' title='bbox 1211 2522 1309 2559; x_wconf 89' lang='lat' dir='ltr'>Ere-</span> 
     </span>
     <span class='ocr_line' id='line_1_40' title="bbox 279 2572 1311 2624; baseline 0.003 -11"><span class='ocrx_word' id='word_1_276' title='bbox 279 2572 386 2614; x_wconf 87' lang='lat' dir='ltr'>mitis</span> <span class='ocrx_word' id='word_1_277' title='bbox 401 2572 617 2624; x_wconf 85' lang='lat' dir='ltr'>Acephalis</span> <span class='ocrx_word' id='word_1_278' title='bbox 633 2601 647 2624; x_wconf 89' lang='lat'>,</span> <span class='ocrx_word' id='word_1_279' title='bbox 677 2575 716 2614; x_wconf 88' lang='lat'>&amp;</span> <span class='ocrx_word' id='word_1_280' title='bbox 730 2576 819 2617; x_wconf 77' lang='lat' dir='ltr'>sine.</span> <span class='ocrx_word' id='word_1_281' title='bbox 835 2578 1065 2619; x_wconf 82' lang='lat' dir='ltr'>obedientia</span> <span class='ocrx_word' id='word_1_282' title='bbox 1084 2577 1311 2618; x_wconf 75' lang='lat' dir='ltr'>itineranti-</span> 
     </span>
     <span class='ocr_line' id='line_1_41' title="bbox 274 2631 1310 2688; baseline 0.002 -16"><span class='ocrx_word' id='word_1_283' title='bbox 274 2631 351 2672; x_wconf 86' lang='lat' dir='ltr'>bus</span> <span class='ocrx_word' id='word_1_284' title='bbox 367 2658 379 2679; x_wconf 91' lang='lat'>,</span> <span class='ocrx_word' id='word_1_285' title='bbox 409 2639 553 2682; x_wconf 75' lang='lat' dir='ltr'>praeter</span> <span class='ocrx_word' id='word_1_286' title='bbox 568 2644 706 2684; x_wconf 88' lang='lat' dir='ltr'>poenas</span> <span class='ocrx_word' id='word_1_287' title='bbox 725 2661 738 2683; x_wconf 94' lang='lat'>,</span> <span class='ocrx_word' id='word_1_288' title='bbox 754 2647 826 2688; x_wconf 89' lang='lat' dir='ltr'>per</span> <span class='ocrx_word' id='word_1_289' title='bbox 845 2635 1153 2677; x_wconf 76' lang='lat' dir='ltr'>praedeceffores</span> <span class='ocrx_word' id='word_1_290' title='bbox 1175 2633 1310 2688; x_wconf 46' lang='lat' dir='ltr'>predi,</span> 
     </span>
     <span class='ocr_line' id='line_1_42' title="bbox 275 2687 1308 2741; baseline 0.006 -14"><span class='ocrx_word' id='word_1_291' title='bbox 275 2691 362 2729; x_wconf 61' lang='lat' dir='ltr'>istos</span> <span class='ocrx_word' id='word_1_292' title='bbox 379 2687 541 2728; x_wconf 65' lang='lat' dir='ltr'>infliftas</span> <span class='ocrx_word' id='word_1_293' title='bbox 557 2715 571 2737; x_wconf 93' lang='lat'>,</span> <span class='ocrx_word' id='word_1_294' title='bbox 603 2689 641 2730; x_wconf 93' lang='lat' dir='ltr'>in</span> <span class='ocrx_word' id='word_1_295' title='bbox 662 2691 813 2734; x_wconf 84' lang='lat' dir='ltr'>virtute</span> <span class='ocrx_word' id='word_1_296' title='bbox 833 2695 964 2735; x_wconf 60' lang='lat' dir='ltr'>lancta:</span> <span class='ocrx_word' id='word_1_297' title='bbox 982 2693 1221 2735; x_wconf 68' lang='lat' dir='ltr'>obedientia:</span> <span class='ocrx_word' id='word_1_298' title='bbox 1234 2720 1246 2741; x_wconf 80' lang='lat'>‚</span> <span class='ocrx_word' id='word_1_299' title='bbox 1263 2707 1308 2734; x_wconf 86' lang='lat' dir='ltr'>ac</span> 
     </span>
     <span class='ocr_line' id='line_1_43' title="bbox 275 2744 1308 2807; baseline 0.005 -20"><span class='ocrx_word' id='word_1_300' title='bbox 275 2745 346 2789; x_wconf 80' lang='lat' dir='ltr'>sub</span> <span class='ocrx_word' id='word_1_301' title='bbox 362 2744 642 2794; x_wconf 82' lang='lat' dir='ltr'>indignationis</span> <span class='ocrx_word' id='word_1_302' title='bbox 661 2748 821 2800; x_wconf 85' lang='lat' dir='ltr'>nostrae,</span> <span class='ocrx_word' id='word_1_303' title='bbox 853 2751 1018 2807; x_wconf 87' lang='lat' dir='ltr'>aliisque</span> <span class='ocrx_word' id='word_1_304' title='bbox 1058 2750 1308 2806; x_wconf 87' lang='lat' dir='ltr'>gravioribus</span> 
     </span>
     <span class='ocr_line' id='line_1_44' title="bbox 274 2802 1307 2863; baseline 0.006 -18"><span class='ocrx_word' id='word_1_305' title='bbox 274 2802 404 2861; x_wconf 82' lang='lat' dir='ltr'>poenis</span> <span class='ocrx_word' id='word_1_306' title='bbox 418 2832 433 2852; x_wconf 89' lang='lat'>,</span> <span class='ocrx_word' id='word_1_307' title='bbox 450 2802 617 2845; x_wconf 89' lang='lat' dir='ltr'>arbitrio</span> <span class='ocrx_word' id='word_1_308' title='bbox 633 2806 765 2847; x_wconf 86' lang='lat' dir='ltr'>nostro</span> <span class='ocrx_word' id='word_1_309' title='bbox 780 2807 1049 2863; x_wconf 81' lang='lat' dir='ltr'>imponendis,</span> <span class='ocrx_word' id='word_1_310' title='bbox 1064 2820 1108 2851; x_wconf 91' lang='lat' dir='ltr'>ut</span> <span class='ocrx_word' id='word_1_311' title='bbox 1121 2807 1307 2863; x_wconf 68' lang='lat' dir='ltr'>praemissa</span> 
     </span>
     <span class='ocr_line' id='line_1_45' title="bbox 275 2861 1306 2920; baseline 0.006 -18"><span class='ocrx_word' id='word_1_312' title='bbox 275 2861 414 2905; x_wconf 89' lang='lat' dir='ltr'>omnia</span> <span class='ocrx_word' id='word_1_313' title='bbox 429 2888 444 2911; x_wconf 92' lang='lat'>,</span> <span class='ocrx_word' id='word_1_314' title='bbox 465 2862 504 2900; x_wconf 87' lang='lat'>&amp;</span> <span class='ocrx_word' id='word_1_315' title='bbox 517 2862 665 2917; x_wconf 79' lang='lat' dir='ltr'>lingula</span> <span class='ocrx_word' id='word_1_316' title='bbox 679 2866 788 2906; x_wconf 87' lang='lat' dir='ltr'>omni</span> <span class='ocrx_word' id='word_1_317' title='bbox 803 2867 1055 2909; x_wconf 74' lang='lat' dir='ltr'>excusatione</span> <span class='ocrx_word' id='word_1_318' title='bbox 1073 2895 1086 2918; x_wconf 90' lang='lat'>,</span> <span class='ocrx_word' id='word_1_319' title='bbox 1115 2869 1153 2908; x_wconf 89' lang='lat'>&amp;</span> <span class='ocrx_word' id='word_1_320' title='bbox 1178 2867 1306 2920; x_wconf 83' lang='lat' dir='ltr'>tergi-</span> 
     </span>
     <span class='ocr_line' id='line_1_46' title="bbox 274 2917 1304 2978; baseline 0 -14"><span class='ocrx_word' id='word_1_321' title='bbox 274 2917 502 2964; x_wconf 86' lang='lat' dir='ltr'>versatione</span> <span class='ocrx_word' id='word_1_322' title='bbox 529 2921 736 2976; x_wconf 82' lang='lat' dir='ltr'>postposita</span> <span class='ocrx_word' id='word_1_323' title='bbox 751 2951 764 2972; x_wconf 85' lang='lat'>,</span> <span class='ocrx_word' id='word_1_324' title='bbox 797 2923 895 2967; x_wconf 85' lang='lat' dir='ltr'>infra</span> <span class='ocrx_word' id='word_1_325' title='bbox 925 2927 988 2967; x_wconf 85' lang='lat' dir='ltr'>sex</span> <span class='ocrx_word' id='word_1_326' title='bbox 1019 2927 1203 2969; x_wconf 79' lang='lat' dir='ltr'>mensium</span> <span class='ocrx_word' id='word_1_327' title='bbox 1220 2924 1304 2978; x_wconf 88' lang='lat' dir='ltr'>spa-</span> 
     </span>
     <span class='ocr_line' id='line_1_47' title="bbox 273 2977 1303 3038; baseline 0.003 -17"><span class='ocrx_word' id='word_1_328' title='bbox 273 2980 374 3021; x_wconf 86' lang='lat' dir='ltr'>tium</span> <span class='ocrx_word' id='word_1_329' title='bbox 391 3005 403 3026; x_wconf 87' lang='lat'>,</span> <span class='ocrx_word' id='word_1_330' title='bbox 419 2977 440 3016; x_wconf 76' lang='lat' dir='ltr'>a</span> <span class='ocrx_word' id='word_1_331' title='bbox 459 2977 550 3020; x_wconf 86' lang='lat' dir='ltr'>data</span> <span class='ocrx_word' id='word_1_332' title='bbox 564 2981 814 3032; x_wconf 84' lang='lat' dir='ltr'>praesentium</span> <span class='ocrx_word' id='word_1_333' title='bbox 827 2982 1158 3038; x_wconf 85' lang='lat' dir='ltr'>computandum,</span> <span class='ocrx_word' id='word_1_334' title='bbox 1175 2982 1303 3024; x_wconf 87' lang='lat' dir='ltr'>statim</span> 
     </span>
     <span class='ocr_line' id='line_1_48' title="bbox 270 3035 1300 3100; baseline 0.004 -21"><span class='ocrx_word' id='word_1_335' title='bbox 270 3035 546 3090; x_wconf 85' lang='lat' dir='ltr'>adimpleant,</span> <span class='ocrx_word' id='word_1_336' title='bbox 559 3039 599 3080; x_wconf 74' lang='grc' dir='ltr'>ὅτ.</span> <span class='ocrx_word' id='word_1_337' title='bbox 612 3050 863 3094; x_wconf 88' lang='lat' dir='ltr'>exequantur</span> <span class='ocrx_word' id='word_1_338' title='bbox 877 3069 888 3080; x_wconf 89' lang='lat'>.</span> <span class='ocrx_word' id='word_1_339' title='bbox 925 3040 1049 3100; x_wconf 83' lang='lat' dir='ltr'>Qod</span> <span class='ocrx_word' id='word_1_340' title='bbox 1069 3044 1095 3082; x_wconf 80' lang='lat' dir='ltr'>si</span> <span class='ocrx_word' id='word_1_341' title='bbox 1113 3041 1300 3083; x_wconf 74' lang='lat' dir='ltr'>facere-..v</span> 
     </span>
     <span class='ocr_line' id='line_1_49' title="bbox 270 3093 1300 3155; baseline 0.001 -18"><span class='ocrx_word' id='word_1_342' title='bbox 270 3093 494 3137; x_wconf 89' lang='lat' dir='ltr'>distulerint</span> <span class='ocrx_word' id='word_1_343' title='bbox 521 3124 535 3146; x_wconf 93' lang='lat'>,</span> <span class='ocrx_word' id='word_1_344' title='bbox 568 3096 632 3138; x_wconf 87' lang='lat' dir='ltr'>vel</span> <span class='ocrx_word' id='word_1_345' title='bbox 649 3096 903 3152; x_wconf 86' lang='lat' dir='ltr'>neglexerint</span> <span class='ocrx_word' id='word_1_346' title='bbox 925 3130 940 3149; x_wconf 84' lang='lat'>,</span> <span class='ocrx_word' id='word_1_347' title='bbox 974 3097 1043 3141; x_wconf 83' lang='lat' dir='ltr'>eos</span> <span class='ocrx_word' id='word_1_348' title='bbox 1070 3113 1142 3155; x_wconf 89' lang='lat' dir='ltr'>per</span> <span class='ocrx_word' id='word_1_349' title='bbox 1170 3097 1300 3141; x_wconf 76' lang='lat' dir='ltr'>Almae</span> 
     </span>
     <span class='ocr_line' id='line_1_50' title="bbox 269 3152 1298 3211; baseline 0.002 -15"><span class='ocrx_word' id='word_1_350' title='bbox 269 3152 391 3196; x_wconf 90' lang='lat' dir='ltr'>Urbis</span> <span class='ocrx_word' id='word_1_351' title='bbox 406 3153 613 3195; x_wconf 83' lang='lat' dir='ltr'>vicarium</span> <span class='ocrx_word' id='word_1_352' title='bbox 627 3155 799 3197; x_wconf 85' lang='lat' dir='ltr'>nostrum</span> <span class='ocrx_word' id='word_1_353' title='bbox 815 3157 881 3199; x_wconf 77' lang='lat' dir='ltr'>hic</span> <span class='ocrx_word' id='word_1_354' title='bbox 899 3157 936 3198; x_wconf 92' lang='lat' dir='ltr'>in</span> <span class='ocrx_word' id='word_1_355' title='bbox 968 3159 1081 3200; x_wconf 89' lang='lat' dir='ltr'>Urbe</span> <span class='ocrx_word' id='word_1_356' title='bbox 1092 3186 1106 3207; x_wconf 90' lang='lat'>,</span> <span class='ocrx_word' id='word_1_357' title='bbox 1138 3156 1298 3211; x_wconf 87' lang='lat' dir='ltr'>ejusque</span> 
     </span>
     <span class='ocr_line' id='line_1_51' title="bbox 267 3209 1299 3268; baseline 0.001 -15"><span class='ocrx_word' id='word_1_358' title='bbox 267 3209 438 3253; x_wconf 66' lang='lat' dir='ltr'>distrietu</span> <span class='ocrx_word' id='word_1_359' title='bbox 452 3238 466 3261; x_wconf 91' lang='lat'>,</span> <span class='ocrx_word' id='word_1_360' title='bbox 496 3225 540 3252; x_wconf 88' lang='lat' dir='ltr'>ac</span> <span class='ocrx_word' id='word_1_361' title='bbox 557 3227 630 3268; x_wconf 87' lang='lat' dir='ltr'>per</span> <span class='ocrx_word' id='word_1_362' title='bbox 646 3212 828 3256; x_wconf 88' lang='lat' dir='ltr'>locorum</span> <span class='ocrx_word' id='word_1_363' title='bbox 841 3214 1077 3258; x_wconf 89' lang='lat' dir='ltr'>Ordinarios</span> <span class='ocrx_word' id='word_1_364' title='bbox 1093 3244 1105 3266; x_wconf 94' lang='lat'>,</span> <span class='ocrx_word' id='word_1_365' title='bbox 1121 3216 1186 3258; x_wconf 90' lang='lat' dir='ltr'>ubi</span> <span class='ocrx_word' id='word_1_366' title='bbox 1201 3217 1299 3255; x_wconf 78' lang='lat' dir='ltr'>Fra-</span> 
     </span>
     <span class='ocr_line' id='line_1_52' title="bbox 268 3267 1298 3326; baseline 0.002 -17"><span class='ocrx_word' id='word_1_367' title='bbox 268 3281 353 3311; x_wconf 87' lang='lat' dir='ltr'>tres</span> <span class='ocrx_word' id='word_1_368' title='bbox 371 3267 543 3323; x_wconf 72' lang='lat' dir='ltr'>praediffi</span> <span class='ocrx_word' id='word_1_369' title='bbox 564 3271 842 3326; x_wconf 87' lang='lat' dir='ltr'>reperientur,</span> <span class='ocrx_word' id='word_1_370' title='bbox 879 3286 951 3326; x_wconf 80' lang='lat' dir='ltr'>per</span> <span class='ocrx_word' id='word_1_371' title='bbox 965 3275 1298 3322; x_wconf 86' lang='lat' dir='ltr'>carcerationem,</span> 
     </span>
     <span class='ocr_line' id='line_1_53' title="bbox 267 3327 1294 3386; baseline 0.002 -18"><span class='ocrx_word' id='word_1_372' title='bbox 267 3327 422 3383; x_wconf 81' lang='lat' dir='ltr'>aliaque</span> <span class='ocrx_word' id='word_1_373' title='bbox 440 3339 664 3383; x_wconf 88' lang='lat' dir='ltr'>opportuna</span> <span class='ocrx_word' id='word_1_374' title='bbox 681 3328 778 3386; x_wconf 86' lang='lat' dir='ltr'>juris</span> <span class='ocrx_word' id='word_1_375' title='bbox 791 3360 805 3383; x_wconf 90' lang='lat'>,</span> <span class='ocrx_word' id='word_1_376' title='bbox 819 3332 856 3371; x_wconf 72' lang='lat' dir='ltr'>Sc</span> <span class='ocrx_word' id='word_1_377' title='bbox 870 3330 962 3372; x_wconf 61' lang='lat' dir='ltr'>fasti</span> <span class='ocrx_word' id='word_1_378' title='bbox 981 3331 1161 3373; x_wconf 90' lang='lat' dir='ltr'>remedia</span> <span class='ocrx_word' id='word_1_379' title='bbox 1178 3357 1193 3377; x_wconf 68' lang='lat' dir='ltr'>a</span> <span class='ocrx_word' id='word_1_380' title='bbox 1208 3343 1294 3384; x_wconf 85' lang='lat' dir='ltr'>pro-</span> 
     </span>
     <span class='ocr_line' id='line_1_54' title="bbox 257 3387 1298 3444; baseline 0.001 -17"><span class='ocrx_word' id='word_1_381' title='bbox 257 3393 312 3427; x_wconf 70' lang='lat' dir='ltr'>m</span> <span class='ocrx_word' id='word_1_382' title='bbox 327 3387 576 3429; x_wconf 83' lang='lat' dir='ltr'>contumacia</span> <span class='ocrx_word' id='word_1_383' title='bbox 590 3389 776 3444; x_wconf 87' lang='lat' dir='ltr'>cujusque</span> <span class='ocrx_word' id='word_1_384' title='bbox 791 3390 974 3444; x_wconf 87' lang='lat' dir='ltr'>exegerit</span> <span class='ocrx_word' id='word_1_385' title='bbox 989 3418 1002 3440; x_wconf 91' lang='lat'>,</span> <span class='ocrx_word' id='word_1_386' title='bbox 1016 3390 1122 3444; x_wconf 85' lang='lat' dir='ltr'>cogi,</span> <span class='ocrx_word' id='word_1_387' title='bbox 1134 3391 1173 3429; x_wconf 91' lang='lat'>&amp;</span> <span class='ocrx_word' id='word_1_388' title='bbox 1188 3401 1298 3429; x_wconf 88' lang='lat' dir='ltr'>com-</span> 
     </span>
     <span class='ocr_line' id='line_1_55' title="bbox 268 3440 1294 3500; baseline 0.004 -18"><span class='ocrx_word' id='word_1_389' title='bbox 268 3441 366 3499; x_wconf 86' lang='lat' dir='ltr'>pelli</span> <span class='ocrx_word' id='word_1_390' title='bbox 381 3440 484 3495; x_wconf 78' lang='lat' dir='ltr'>polse</span> <span class='ocrx_word' id='word_1_391' title='bbox 500 3472 514 3494; x_wconf 95' lang='lat'>,</span> <span class='ocrx_word' id='word_1_392' title='bbox 544 3460 587 3487; x_wconf 87' lang='lat' dir='ltr'>ac</span> <span class='ocrx_word' id='word_1_393' title='bbox 607 3447 760 3489; x_wconf 88' lang='lat' dir='ltr'>debere</span> <span class='ocrx_word' id='word_1_394' title='bbox 778 3445 961 3496; x_wconf 85' lang='lat' dir='ltr'>volumus</span> <span class='ocrx_word' id='word_1_395' title='bbox 980 3475 991 3497; x_wconf 84' lang='lat'>,</span> <span class='ocrx_word' id='word_1_396' title='bbox 1023 3450 1062 3488; x_wconf 64' lang='grc' dir='ltr'>ὃς</span> <span class='ocrx_word' id='word_1_397' title='bbox 1089 3447 1268 3500; x_wconf 85' lang='lat' dir='ltr'>jubemus</span> <span class='ocrx_word' id='word_1_398' title='bbox 1284 3474 1294 3486; x_wconf 93' lang='lat'><strong>.</strong></span> 
     </span>
     <span class='ocr_line' id='line_1_56' title="bbox 267 3498 1295 3554; baseline 0.006 -16"><span class='ocrx_word' id='word_1_399' title='bbox 267 3503 325 3543; x_wconf 80' lang='lat' dir='ltr'>Et</span> <span class='ocrx_word' id='word_1_400' title='bbox 341 3498 590 3544; x_wconf 84' lang='lat' dir='ltr'>nihilominus</span> <span class='ocrx_word' id='word_1_401' title='bbox 608 3505 765 3548; x_wconf 87' lang='lat' dir='ltr'>irritum</span> <span class='ocrx_word' id='word_1_402' title='bbox 781 3532 794 3554; x_wconf 81' lang='lat'>,</span> <span class='ocrx_word' id='word_1_403' title='bbox 825 3506 996 3547; x_wconf 86' lang='lat' dir='ltr'>&amp;inane</span> <span class='ocrx_word' id='word_1_404' title='bbox 1011 3505 1264 3548; x_wconf 88' lang='lat' dir='ltr'>decernimus</span> <span class='ocrx_word' id='word_1_405' title='bbox 1282 3531 1295 3553; x_wconf 88' lang='lat'>,</span> 
     </span>
     <span class='ocr_line' id='line_1_57' title="bbox 268 3555 1296 3619; baseline 0.006 -21"><span class='ocrx_word' id='word_1_406' title='bbox 268 3555 459 3615; x_wconf 90' lang='lat' dir='ltr'>quicquid</span> <span class='ocrx_word' id='word_1_407' title='bbox 473 3558 582 3603; x_wconf 91' lang='lat' dir='ltr'>secus</span> <span class='ocrx_word' id='word_1_408' title='bbox 599 3561 713 3618; x_wconf 85' lang='lat' dir='ltr'>super</span> <span class='ocrx_word' id='word_1_409' title='bbox 727 3563 784 3603; x_wconf 87' lang='lat' dir='ltr'>his</span> <span class='ocrx_word' id='word_1_410' title='bbox 801 3561 820 3603; x_wconf 71' lang='grc' dir='ltr'>εἴ</span> <span class='ocrx_word' id='word_1_411' title='bbox 835 3577 1032 3619; x_wconf 90' lang='lat' dir='ltr'>quoquam</span> <span class='ocrx_word' id='word_1_412' title='bbox 1048 3592 1061 3614; x_wconf 88' lang='lat'>,</span> <span class='ocrx_word' id='word_1_413' title='bbox 1075 3561 1210 3618; x_wconf 89' lang='lat' dir='ltr'>quavis</span> <span class='ocrx_word' id='word_1_414' title='bbox 1227 3575 1296 3604; x_wconf 80' lang='lat' dir='ltr'>au·</span> 
     </span>
     <span class='ocr_line' id='line_1_58' title="bbox 267 3615 1297 3675; baseline 0.003 -18"><span class='ocrx_word' id='word_1_415' title='bbox 267 3615 460 3657; x_wconf 66' lang='lat' dir='ltr'>ctoritate</span> <span class='ocrx_word' id='word_1_416' title='bbox 486 3617 656 3661; x_wconf 87' lang='lat' dir='ltr'>scienter</span> <span class='ocrx_word' id='word_1_417' title='bbox 682 3650 696 3672; x_wconf 89' lang='lat'>,</span> <span class='ocrx_word' id='word_1_418' title='bbox 740 3634 787 3661; x_wconf 92' lang='lat' dir='ltr'>ve</span> <span class='ocrx_word' id='word_1_419' title='bbox 815 3620 1045 3675; x_wconf 87' lang='lat' dir='ltr'>ignoranter</span> <span class='ocrx_word' id='word_1_420' title='bbox 1079 3619 1297 3675; x_wconf 85' lang='lat' dir='ltr'>contigerit</span> 
     </span>
     <span class='ocr_line' id='line_1_59' title="bbox 268 3674 1297 3734; baseline 0.003 -18"><span class='ocrx_word' id='word_1_421' title='bbox 268 3674 463 3716; x_wconf 87' lang='lat' dir='ltr'>attentari</span> <span class='ocrx_word' id='word_1_422' title='bbox 476 3701 487 3710; x_wconf 89' lang='lat'><em>-</em></span> <span class='ocrx_word' id='word_1_423' title='bbox 519 3678 611 3718; x_wconf 89' lang='lat' dir='ltr'>Non</span> <span class='ocrx_word' id='word_1_424' title='bbox 627 3677 868 3721; x_wconf 83' lang='lat' dir='ltr'>obstantibus</span> <span class='ocrx_word' id='word_1_425' title='bbox 882 3706 896 3728; x_wconf 90' lang='lat'>,</span> <span class='ocrx_word' id='word_1_426' title='bbox 912 3690 1107 3734; x_wconf 84' lang='lat' dir='ltr'>quatenus</span> <span class='ocrx_word' id='word_1_427' title='bbox 1121 3692 1220 3733; x_wconf 91' lang='lat' dir='ltr'>opus</span> <span class='ocrx_word' id='word_1_428' title='bbox 1235 3677 1297 3728; x_wconf 85' lang='lat' dir='ltr'>fit,</span> 
     </span>
     <span class='ocr_line' id='line_1_60' title="bbox 267 3729 1291 3792; baseline 0.003 -18"><span class='ocrx_word' id='word_1_429' title='bbox 267 3729 409 3784; x_wconf 85' lang='lat' dir='ltr'>regula</span> <span class='ocrx_word' id='word_1_430' title='bbox 431 3732 554 3774; x_wconf 85' lang='lat' dir='ltr'>nostra</span> <span class='ocrx_word' id='word_1_431' title='bbox 572 3759 586 3782; x_wconf 87' lang='lat'>,</span> <span class='ocrx_word' id='word_1_432' title='bbox 616 3733 668 3776; x_wconf 88' lang='lat' dir='ltr'>de</span> <span class='ocrx_word' id='word_1_433' title='bbox 691 3735 780 3792; x_wconf 87' lang='lat' dir='ltr'>jure</span> <span class='ocrx_word' id='word_1_434' title='bbox 806 3736 966 3791; x_wconf 81' lang='lat' dir='ltr'>quaefito</span> <span class='ocrx_word' id='word_1_435' title='bbox 981 3751 1058 3779; x_wconf 91' lang='lat' dir='ltr'>non</span> <span class='ocrx_word' id='word_1_436' title='bbox 1074 3735 1260 3778; x_wconf 88' lang='lat' dir='ltr'>tollendo</span> <span class='ocrx_word' id='word_1_437' title='bbox 1277 3765 1291 3786; x_wconf 91' lang='lat'>,</span> 
     </span>
     <span class='ocr_line' id='line_1_61' title="bbox 268 3789 1293 3850; baseline 0.004 -17"><span class='ocrx_word' id='word_1_438' title='bbox 268 3789 431 3845; x_wconf 85' lang='lat' dir='ltr'>aliisque</span> <span class='ocrx_word' id='word_1_439' title='bbox 457 3790 817 3850; x_wconf 72' lang='lat' dir='ltr'>Constitutionibus.</span> <span class='ocrx_word' id='word_1_440' title='bbox 840 3821 854 3845; x_wconf 86' lang='lat'>,</span> <span class='ocrx_word' id='word_1_441' title='bbox 890 3796 931 3849; x_wconf 68' lang='grc' dir='ltr'>ὃς</span> <span class='ocrx_word' id='word_1_442' title='bbox 967 3794 1293 3842; x_wconf 81' lang='lat' dir='ltr'>Ordinationibus</span> 
     </span>
    </p>
   </div>
   <div class='ocr_carea' id='block_1_3' title="bbox 1352 355 2413 3667">
    <p class='ocr_par' dir='ltr' id='par_1_3' title="bbox 1367 355 2412 1582">
     <span class='ocr_line' id='line_1_62' title="bbox 1375 355 2408 416; baseline 0.007 -17"><span class='ocrx_word' id='word_1_443' title='bbox 1375 362 1408 399; x_wconf 88' lang='lat' dir='ltr'><strong>A</strong></span> <span class='ocrx_word' id='word_1_444' title='bbox 1415 355 1614 412; x_wconf 86' lang='lat' dir='ltr'>postolicis</span> <span class='ocrx_word' id='word_1_445' title='bbox 1629 383 1644 404; x_wconf 89' lang='lat'>,</span> <span class='ocrx_word' id='word_1_446' title='bbox 1674 357 1711 396; x_wconf 89' lang='lat'>&amp;</span> <span class='ocrx_word' id='word_1_447' title='bbox 1724 366 1982 412; x_wconf 88' lang='lat' dir='ltr'>utrarumque</span> <span class='ocrx_word' id='word_1_448' title='bbox 1998 359 2243 416; x_wconf 80' lang='lat' dir='ltr'>Regularum</span> <span class='ocrx_word' id='word_1_449' title='bbox 2258 391 2272 414; x_wconf 86' lang='lat'>‚</span> <span class='ocrx_word' id='word_1_450' title='bbox 2287 364 2408 408; x_wconf 58' lang='lat' dir='ltr'>five)</span> 
     </span>
     <span class='ocr_line' id='line_1_63' title="bbox 1374 413 2407 470; baseline 0.005 -12"><span class='ocrx_word' id='word_1_451' title='bbox 1374 416 1603 463; x_wconf 79' lang='lat' dir='ltr'>Ordinum,</span> <span class='ocrx_word' id='word_1_452' title='bbox 1635 413 2022 470; x_wconf 84' lang='lat' dir='ltr'>etiamjuramento,</span> <span class='ocrx_word' id='word_1_453' title='bbox 2051 420 2407 466; x_wconf 64' lang='lat' dir='ltr'>Confirmatione)</span> 
     </span>
     <span class='ocr_line' id='line_1_64' title="bbox 1380 471 2405 529; baseline 0.006 -13"><span class='ocrx_word' id='word_1_454' title='bbox 1380 473 1633 529; x_wconf 86' lang='lat' dir='ltr'>Apostolica,</span> <span class='ocrx_word' id='word_1_455' title='bbox 1665 472 1732 514; x_wconf 86' lang='lat' dir='ltr'>vel</span> <span class='ocrx_word' id='word_1_456' title='bbox 1756 474 1896 528; x_wconf 88' lang='lat' dir='ltr'>quavis</span> <span class='ocrx_word' id='word_1_457' title='bbox 1925 471 2113 520; x_wconf 89' lang='lat' dir='ltr'>firmitate</span> <span class='ocrx_word' id='word_1_458' title='bbox 2137 482 2212 522; x_wconf 86' lang='lat' dir='ltr'>alia</span> <span class='ocrx_word' id='word_1_459' title='bbox 2232 482 2405 522; x_wconf 86' lang='lat' dir='ltr'>robora—</span> 
     </span>
     <span class='ocr_line' id='line_1_65' title="bbox 1381 529 2408 593; baseline -0.004 -19"><span class='ocrx_word' id='word_1_460' title='bbox 1381 533 1433 574; x_wconf 85' lang='lat' dir='ltr'>tis</span> <span class='ocrx_word' id='word_1_461' title='bbox 1465 531 1620 574; x_wconf 82' lang='lat' dir='ltr'>statutis</span> <span class='ocrx_word' id='word_1_462' title='bbox 1656 559 1671 582; x_wconf 95' lang='lat'>,</span> <span class='ocrx_word' id='word_1_463' title='bbox 1702 529 2051 573; x_wconf 84' lang='lat' dir='ltr'>consuetudinibus</span> <span class='ocrx_word' id='word_1_464' title='bbox 2082 563 2097 584; x_wconf 85' lang='lat'>,</span> <span class='ocrx_word' id='word_1_465' title='bbox 2141 541 2316 593; x_wconf 56' lang='lat' dir='ltr'>regulisg,</span> <span class='ocrx_word' id='word_1_466' title='bbox 2347 539 2408 579; x_wconf 78' lang='lat' dir='ltr'>in..</span> 
     </span>
     <span class='ocr_line' id='line_1_66' title="bbox 1375 587 2408 646; baseline 0.006 -13"><span class='ocrx_word' id='word_1_467' title='bbox 1375 591 1517 634; x_wconf 86' lang='lat' dir='ltr'>stitutis</span> <span class='ocrx_word' id='word_1_468' title='bbox 1533 619 1547 641; x_wconf 91' lang='lat'>,</span> <span class='ocrx_word' id='word_1_469' title='bbox 1578 587 1806 642; x_wconf 87' lang='lat' dir='ltr'>Privilegiis</span> <span class='ocrx_word' id='word_1_470' title='bbox 1822 602 1979 644; x_wconf 89' lang='lat' dir='ltr'>quoque</span> <span class='ocrx_word' id='word_1_471' title='bbox 1995 618 2009 639; x_wconf 83' lang='lat'>,</span> <span class='ocrx_word' id='word_1_472' title='bbox 2035 592 2196 636; x_wconf 86' lang='lat' dir='ltr'>indultis</span> <span class='ocrx_word' id='word_1_473' title='bbox 2213 625 2226 646; x_wconf 90' lang='lat'>,</span> <span class='ocrx_word' id='word_1_474' title='bbox 2256 600 2295 639; x_wconf 70' lang='grc' dir='ltr'>ὃ(</span> <span class='ocrx_word' id='word_1_475' title='bbox 2310 598 2408 638; x_wconf 82' lang='lat' dir='ltr'>lite-</span> 
     </span>
     <span class='ocr_line' id='line_1_67' title="bbox 1375 648 2404 708; baseline 0.004 -18"><span class='ocrx_word' id='word_1_476' title='bbox 1375 650 1426 692; x_wconf 89' lang='lat' dir='ltr'>ris</span> <span class='ocrx_word' id='word_1_477' title='bbox 1443 648 1649 703; x_wconf 89' lang='lat' dir='ltr'>Apostolis</span> <span class='ocrx_word' id='word_1_478' title='bbox 1668 648 1872 689; x_wconf 84' lang='lat' dir='ltr'>Fratribus</span> <span class='ocrx_word' id='word_1_479' title='bbox 1890 676 1904 698; x_wconf 93' lang='lat'>,</span> <span class='ocrx_word' id='word_1_480' title='bbox 1933 650 1970 688; x_wconf 71' lang='grc' dir='ltr'>δε</span> <span class='ocrx_word' id='word_1_481' title='bbox 1987 651 2178 692; x_wconf 86' lang='lat' dir='ltr'>Eremitis</span> <span class='ocrx_word' id='word_1_482' title='bbox 2193 655 2404 708; x_wconf 62' lang='lat' dir='ltr'>praedictis,</span> 
     </span>
     <span class='ocr_line' id='line_1_68' title="bbox 1376 707 2407 768; baseline 0.005 -18"><span class='ocrx_word' id='word_1_483' title='bbox 1376 720 1596 762; x_wconf 90' lang='lat' dir='ltr'>eorumque</span> <span class='ocrx_word' id='word_1_484' title='bbox 1617 707 1897 760; x_wconf 89' lang='lat' dir='ltr'>Superioribus</span> <span class='ocrx_word' id='word_1_485' title='bbox 1911 735 1925 757; x_wconf 90' lang='lat'>,</span> <span class='ocrx_word' id='word_1_486' title='bbox 1939 708 1976 751; x_wconf 85' lang='lat'>&amp;</span> <span class='ocrx_word' id='word_1_487' title='bbox 1995 709 2167 762; x_wconf 87' lang='lat' dir='ltr'>personis</span> <span class='ocrx_word' id='word_1_488' title='bbox 2181 712 2220 754; x_wconf 89' lang='lat' dir='ltr'>in</span> <span class='ocrx_word' id='word_1_489' title='bbox 2236 727 2407 768; x_wconf 86' lang='lat' dir='ltr'>genere,</span> 
     </span>
     <span class='ocr_line' id='line_1_69' title="bbox 1375 764 2410 820; baseline 0.004 -11"><span class='ocrx_word' id='word_1_490' title='bbox 1375 765 1441 809; x_wconf 93' lang='lat' dir='ltr'>vel</span> <span class='ocrx_word' id='word_1_491' title='bbox 1466 766 1503 807; x_wconf 86' lang='lat' dir='ltr'>in</span> <span class='ocrx_word' id='word_1_492' title='bbox 1534 764 1665 820; x_wconf 88' lang='lat' dir='ltr'>specie</span> <span class='ocrx_word' id='word_1_493' title='bbox 1679 765 1985 820; x_wconf 88' lang='lat' dir='ltr'>quomodolibet</span> <span class='ocrx_word' id='word_1_494' title='bbox 2015 768 2229 820; x_wconf 82' lang='lat' dir='ltr'>conceffis,</span> <span class='ocrx_word' id='word_1_495' title='bbox 2261 770 2410 812; x_wconf 85' lang='lat' dir='ltr'>confir-</span> 
     </span>
     <span class='ocr_line' id='line_1_70' title="bbox 1378 824 2406 884; baseline 0.006 -19"><span class='ocrx_word' id='word_1_496' title='bbox 1378 825 1491 867; x_wconf 87' lang='lat' dir='ltr'>matis</span> <span class='ocrx_word' id='word_1_497' title='bbox 1507 851 1520 874; x_wconf 85' lang='lat'>,</span> <span class='ocrx_word' id='word_1_498' title='bbox 1545 825 1585 864; x_wconf 87' lang='lat'>&amp;</span> <span class='ocrx_word' id='word_1_499' title='bbox 1610 824 1833 865; x_wconf 89' lang='lat' dir='ltr'>innovatis:</span> <span class='ocrx_word' id='word_1_500' title='bbox 1856 825 2014 884; x_wconf 85' lang='lat' dir='ltr'>Qibus</span> <span class='ocrx_word' id='word_1_501' title='bbox 2026 828 2206 868; x_wconf 91' lang='lat' dir='ltr'>omnibus</span> <span class='ocrx_word' id='word_1_502' title='bbox 2225 856 2239 878; x_wconf 92' lang='lat'>,</span> <span class='ocrx_word' id='word_1_503' title='bbox 2262 842 2406 879; x_wconf 80' lang='lat' dir='ltr'>eorum</span> 
     </span>
     <span class='ocr_line' id='line_1_71' title="bbox 1377 880 2407 939; baseline 0.002 -15"><span class='ocrx_word' id='word_1_504' title='bbox 1377 894 1540 925; x_wconf 90' lang='lat' dir='ltr'>tenores</span> <span class='ocrx_word' id='word_1_505' title='bbox 1570 880 1825 938; x_wconf 61' lang='lat' dir='ltr'>praesentibus</span> <span class='ocrx_word' id='word_1_506' title='bbox 1853 897 1926 937; x_wconf 85' lang='lat' dir='ltr'>pro</span> <span class='ocrx_word' id='word_1_507' title='bbox 1952 881 2187 927; x_wconf 88' lang='lat' dir='ltr'>sufficienter</span> <span class='ocrx_word' id='word_1_508' title='bbox 2220 886 2407 939; x_wconf 82' lang='lat' dir='ltr'>expreffis</span> 
     </span>
     <span class='ocr_line' id='line_1_72' title="bbox 1377 939 2412 996; baseline 0.002 -13"><span class='ocrx_word' id='word_1_509' title='bbox 1377 942 1598 993; x_wconf 83' lang='lat' dir='ltr'>habentes,</span> <span class='ocrx_word' id='word_1_510' title='bbox 1631 942 1704 982; x_wconf 91' lang='lat' dir='ltr'>hac</span> <span class='ocrx_word' id='word_1_511' title='bbox 1731 942 1820 983; x_wconf 88' lang='lat' dir='ltr'>vice</span> <span class='ocrx_word' id='word_1_512' title='bbox 1846 942 2044 983; x_wconf 87' lang='lat' dir='ltr'>duntaxat</span> <span class='ocrx_word' id='word_1_513' title='bbox 2071 939 2301 996; x_wconf 88' lang='lat' dir='ltr'>specialiter</span> <span class='ocrx_word' id='word_1_514' title='bbox 2325 972 2338 993; x_wconf 87' lang='lat'>,</span> <span class='ocrx_word' id='word_1_515' title='bbox 2370 946 2412 985; x_wconf 86' lang='lat'>&amp;</span> 
     </span>
     <span class='ocr_line' id='line_1_73' title="bbox 1375 999 2410 1056; baseline -0.001 -13"><span class='ocrx_word' id='word_1_516' title='bbox 1375 1000 1561 1056; x_wconf 75' lang='lat' dir='ltr'>expresse</span> <span class='ocrx_word' id='word_1_517' title='bbox 1604 999 1843 1056; x_wconf 85' lang='lat' dir='ltr'>derogamus</span> <span class='ocrx_word' id='word_1_518' title='bbox 1874 1029 1888 1051; x_wconf 95' lang='lat'>,</span> <span class='ocrx_word' id='word_1_519' title='bbox 1927 999 2159 1056; x_wconf 66' lang='lat' dir='ltr'>caterisque</span> <span class='ocrx_word' id='word_1_520' title='bbox 2183 1002 2410 1044; x_wconf 81' lang='lat' dir='ltr'>contrariis</span> 
     </span>
     <span class='ocr_line' id='line_1_74' title="bbox 1371 1057 2412 1116; baseline 0.003 -17"><span class='ocrx_word' id='word_1_521' title='bbox 1371 1057 1668 1115; x_wconf 86' lang='lat' dir='ltr'>quibuscunque</span> <span class='ocrx_word' id='word_1_522' title='bbox 1683 1086 1694 1098; x_wconf 89' lang='lat'><strong><em>.</em></strong></span> <span class='ocrx_word' id='word_1_523' title='bbox 1729 1060 1927 1102; x_wconf 87' lang='lat' dir='ltr'>Volumus</span> <span class='ocrx_word' id='word_1_524' title='bbox 1942 1069 2077 1102; x_wconf 90' lang='lat' dir='ltr'>autem</span> <span class='ocrx_word' id='word_1_525' title='bbox 2093 1088 2106 1110; x_wconf 91' lang='lat'>,</span> <span class='ocrx_word' id='word_1_526' title='bbox 2119 1060 2227 1116; x_wconf 88' lang='lat' dir='ltr'>quod</span> <span class='ocrx_word' id='word_1_527' title='bbox 2243 1059 2412 1114; x_wconf 85' lang='lat' dir='ltr'>praesen-</span> 
     </span>
     <span class='ocr_line' id='line_1_75' title="bbox 1371 1116 2412 1174; baseline 0 -14"><span class='ocrx_word' id='word_1_528' title='bbox 1371 1119 1470 1160; x_wconf 88' lang='lat' dir='ltr'>tium</span> <span class='ocrx_word' id='word_1_529' title='bbox 1489 1116 1756 1172; x_wconf 86' lang='lat' dir='ltr'>transumptis,</span> <span class='ocrx_word' id='word_1_530' title='bbox 1769 1119 1892 1160; x_wconf 88' lang='lat' dir='ltr'>etiam</span> <span class='ocrx_word' id='word_1_531' title='bbox 1907 1117 2114 1174; x_wconf 79' lang='lat' dir='ltr'>impressis,</span> <span class='ocrx_word' id='word_1_532' title='bbox 2130 1132 2242 1160; x_wconf 88' lang='lat' dir='ltr'>manu</span> <span class='ocrx_word' id='word_1_533' title='bbox 2257 1118 2412 1174; x_wconf 79' lang='lat' dir='ltr'>publici</span> 
     </span>
     <span class='ocr_line' id='line_1_76' title="bbox 1376 1174 2407 1232; baseline -0.001 -13"><span class='ocrx_word' id='word_1_534' title='bbox 1376 1177 1538 1219; x_wconf 79' lang='lat' dir='ltr'>Notat-ii</span> <span class='ocrx_word' id='word_1_535' title='bbox 1554 1174 1804 1231; x_wconf 87' lang='lat' dir='ltr'>subscriptis,</span> <span class='ocrx_word' id='word_1_536' title='bbox 1835 1184 1873 1217; x_wconf 86' lang='lat'>&amp;</span> <span class='ocrx_word' id='word_1_537' title='bbox 1893 1175 2020 1226; x_wconf 83' lang='lat' dir='ltr'>figillo</span> <span class='ocrx_word' id='word_1_538' title='bbox 2033 1175 2201 1229; x_wconf 84' lang='lat' dir='ltr'>alicujus</span> <span class='ocrx_word' id='word_1_539' title='bbox 2230 1176 2407 1232; x_wconf 88' lang='lat' dir='ltr'>personae</span> 
     </span>
     <span class='ocr_line' id='line_1_77' title="bbox 1373 1235 2410 1288; baseline 0.002 -14"><span class='ocrx_word' id='word_1_540' title='bbox 1373 1236 1411 1275; x_wconf 94' lang='lat' dir='ltr'>in</span> <span class='ocrx_word' id='word_1_541' title='bbox 1427 1235 1625 1288; x_wconf 85' lang='lat' dir='ltr'>dignitate</span> <span class='ocrx_word' id='word_1_542' title='bbox 1638 1235 1911 1277; x_wconf 88' lang='lat' dir='ltr'>Ecclefiastica</span> <span class='ocrx_word' id='word_1_543' title='bbox 1926 1235 2144 1277; x_wconf 84' lang='lat' dir='ltr'>constitutae</span> <span class='ocrx_word' id='word_1_544' title='bbox 2156 1236 2410 1286; x_wconf 88' lang='lat' dir='ltr'>munitis,ea-</span> 
     </span>
     <span class='ocr_line' id='line_1_78' title="bbox 1375 1291 2410 1348; baseline 0.001 -15"><span class='ocrx_word' id='word_1_545' title='bbox 1375 1293 1469 1334; x_wconf 91' lang='lat' dir='ltr'>dem</span> <span class='ocrx_word' id='word_1_546' title='bbox 1485 1291 1583 1332; x_wconf 86' lang='lat' dir='ltr'>fides</span> <span class='ocrx_word' id='word_1_547' title='bbox 1599 1292 1744 1345; x_wconf 89' lang='lat' dir='ltr'>ubique</span> <span class='ocrx_word' id='word_1_548' title='bbox 1763 1293 1968 1348; x_wconf 87' lang='lat' dir='ltr'>injudicio</span> <span class='ocrx_word' id='word_1_549' title='bbox 1983 1321 1997 1344; x_wconf 86' lang='lat'>,</span> <span class='ocrx_word' id='word_1_550' title='bbox 2029 1295 2067 1334; x_wconf 68' lang='grc' dir='ltr'>ὃς</span> <span class='ocrx_word' id='word_1_551' title='bbox 2082 1305 2195 1336; x_wconf 87' lang='lat' dir='ltr'>extra</span> <span class='ocrx_word' id='word_1_552' title='bbox 2211 1294 2410 1336; x_wconf 87' lang='lat' dir='ltr'>adhibea-</span> 
     </span>
     <span class='ocr_line' id='line_1_79' title="bbox 1376 1348 2412 1403; baseline 0.002 -12"><span class='ocrx_word' id='word_1_553' title='bbox 1376 1359 1470 1400; x_wconf 85' lang='lat' dir='ltr'>tur,</span> <span class='ocrx_word' id='word_1_554' title='bbox 1500 1362 1584 1403; x_wconf 86' lang='lat' dir='ltr'>quae</span> <span class='ocrx_word' id='word_1_555' title='bbox 1610 1348 1865 1403; x_wconf 81' lang='lat' dir='ltr'>praesentibus</span> <span class='ocrx_word' id='word_1_556' title='bbox 1893 1351 2157 1393; x_wconf 87' lang='lat' dir='ltr'>adhiberetur</span> <span class='ocrx_word' id='word_1_557' title='bbox 2183 1381 2197 1402; x_wconf 91' lang='lat'>,</span> <span class='ocrx_word' id='word_1_558' title='bbox 2229 1353 2255 1393; x_wconf 87' lang='lat' dir='ltr'>fi</span> <span class='ocrx_word' id='word_1_559' title='bbox 2284 1353 2412 1393; x_wconf 68' lang='lat' dir='ltr'>essent</span> 
     </span>
     <span class='ocr_line' id='line_1_80' title="bbox 1373 1407 2410 1455; baseline 0.002 -6"><span class='ocrx_word' id='word_1_560' title='bbox 1373 1408 1558 1451; x_wconf 86' lang='lat' dir='ltr'>exhibitae</span> <span class='ocrx_word' id='word_1_561' title='bbox 1575 1434 1589 1455; x_wconf 87' lang='lat'>,</span> <span class='ocrx_word' id='word_1_562' title='bbox 1617 1408 1680 1449; x_wconf 91' lang='lat' dir='ltr'>vel</span> <span class='ocrx_word' id='word_1_563' title='bbox 1694 1407 1850 1450; x_wconf 80' lang='lat' dir='ltr'>ostensae</span> <span class='ocrx_word' id='word_1_564' title='bbox 1867 1436 1878 1448; x_wconf 92' lang='lat'><strong>.</strong></span> <span class='ocrx_word' id='word_1_565' title='bbox 1909 1411 2063 1449; x_wconf 85' lang='lat' dir='ltr'>Datum</span> <span class='ocrx_word' id='word_1_566' title='bbox 2081 1411 2221 1451; x_wconf 83' lang='lat' dir='ltr'>Romae</span> <span class='ocrx_word' id='word_1_567' title='bbox 2236 1411 2275 1451; x_wconf 93' lang='lat' dir='ltr'>in</span> <span class='ocrx_word' id='word_1_568' title='bbox 2291 1413 2410 1451; x_wconf 78' lang='lat' dir='ltr'>Mon-</span> 
     </span>
     <span class='ocr_line' id='line_1_81' title="bbox 1374 1464 2412 1523; baseline 0.004 -20"><span class='ocrx_word' id='word_1_569' title='bbox 1374 1477 1415 1508; x_wconf 83' lang='lat' dir='ltr'>te</span> <span class='ocrx_word' id='word_1_570' title='bbox 1452 1464 1653 1523; x_wconf 82' lang='lat' dir='ltr'>Qirinali</span> <span class='ocrx_word' id='word_1_571' title='bbox 1692 1464 1759 1505; x_wconf 90' lang='lat' dir='ltr'>sub</span> <span class='ocrx_word' id='word_1_572' title='bbox 1786 1465 1950 1508; x_wconf 91' lang='lat' dir='ltr'>Annulo</span> <span class='ocrx_word' id='word_1_573' title='bbox 1990 1465 2198 1508; x_wconf 87' lang='lat' dir='ltr'>Piscatoris</span> <span class='ocrx_word' id='word_1_574' title='bbox 2231 1467 2310 1509; x_wconf 88' lang='lat' dir='ltr'>Die</span> <span class='ocrx_word' id='word_1_575' title='bbox 2339 1480 2412 1510; x_wconf 83' lang='lat' dir='ltr'>vt.</span> 
     </span>
     <span class='ocr_line' id='line_1_82' title="bbox 1367 1523 2412 1582; baseline -0.001 -16"><span class='ocrx_word' id='word_1_576' title='bbox 1367 1524 1464 1582; x_wconf 90' lang='lat' dir='ltr'>Julii</span> <span class='ocrx_word' id='word_1_577' title='bbox 1492 1536 1657 1565; x_wconf 71' lang='lat' dir='ltr'>moxcn.</span> <span class='ocrx_word' id='word_1_578' title='bbox 1686 1523 1949 1566; x_wconf 81' lang='lat' dir='ltr'>Pontificatus</span> <span class='ocrx_word' id='word_1_579' title='bbox 1964 1525 2099 1565; x_wconf 87' lang='lat' dir='ltr'>Nostri</span> <span class='ocrx_word' id='word_1_580' title='bbox 2114 1530 2232 1567; x_wconf 88' lang='lat' dir='ltr'>Anno</span> <span class='ocrx_word' id='word_1_581' title='bbox 2249 1526 2412 1567; x_wconf 85' lang='lat' dir='ltr'>Primo.</span> 
     </span>
    </p>

    <p class='ocr_par' dir='ltr' id='par_1_4' title="bbox 1352 1581 2413 3667">
     <span class='ocr_line' id='line_1_83' title="bbox 1430 1581 2413 1634; baseline 0 -9"><span class='ocrx_word' id='word_1_582' title='bbox 1430 1586 1535 1625; x_wconf 84' lang='lat' dir='ltr'>Cum</span> <span class='ocrx_word' id='word_1_583' title='bbox 1549 1581 1684 1634; x_wconf 87' lang='lat' dir='ltr'>itaque</span> <span class='ocrx_word' id='word_1_584' title='bbox 1698 1608 1712 1631; x_wconf 80' lang='lat'>,</span> <span class='ocrx_word' id='word_1_585' title='bbox 1738 1581 1835 1625; x_wconf 88' lang='lat' dir='ltr'>ficut</span> <span class='ocrx_word' id='word_1_586' title='bbox 1858 1582 2027 1624; x_wconf 68' lang='lat' dir='ltr'>dilestus</span> <span class='ocrx_word' id='word_1_587' title='bbox 2043 1581 2148 1625; x_wconf 84' lang='lat' dir='ltr'>filius</span> <span class='ocrx_word' id='word_1_588' title='bbox 2163 1587 2413 1626; x_wconf 86' lang='lat' dir='ltr'>Procurator</span> 
     </span>
     <span class='ocr_line' id='line_1_84' title="bbox 1373 1637 2409 1697; baseline 0 -13"><span class='ocrx_word' id='word_1_589' title='bbox 1373 1637 1588 1684; x_wconf 85' lang='lat' dir='ltr'>Generalis</span> <span class='ocrx_word' id='word_1_590' title='bbox 1617 1642 1843 1683; x_wconf 89' lang='lat' dir='ltr'>eorundem</span> <span class='ocrx_word' id='word_1_591' title='bbox 1869 1644 2056 1684; x_wconf 86' lang='lat' dir='ltr'>Fratrum</span> <span class='ocrx_word' id='word_1_592' title='bbox 2075 1643 2409 1697; x_wconf 52' lang='lat' dir='ltr'>Capucinorum„</span> 
     </span>
     <span class='ocr_line' id='line_1_85' title="bbox 1375 1696 2412 1754; baseline -0.001 -13"><span class='ocrx_word' id='word_1_593' title='bbox 1375 1701 1499 1741; x_wconf 87' lang='lat' dir='ltr'>totius</span> <span class='ocrx_word' id='word_1_594' title='bbox 1514 1696 1679 1741; x_wconf 85' lang='lat' dir='ltr'>Ordinis</span> <span class='ocrx_word' id='word_1_595' title='bbox 1699 1697 1924 1754; x_wconf 85' lang='lat' dir='ltr'>hujusmodi</span> <span class='ocrx_word' id='word_1_596' title='bbox 1939 1699 2100 1740; x_wconf 88' lang='lat' dir='ltr'>nomine</span> <span class='ocrx_word' id='word_1_597' title='bbox 2115 1730 2130 1750; x_wconf 88' lang='lat'>,</span> <span class='ocrx_word' id='word_1_598' title='bbox 2147 1701 2272 1741; x_wconf 90' lang='lat' dir='ltr'>Nobis</span> <span class='ocrx_word' id='word_1_599' title='bbox 2286 1712 2412 1753; x_wconf 87' lang='lat' dir='ltr'>nuper</span> 
     </span>
     <span class='ocr_line' id='line_1_86' title="bbox 1373 1756 2409 1813; baseline -0.003 -13"><span class='ocrx_word' id='word_1_600' title='bbox 1373 1758 1519 1813; x_wconf 85' lang='lat' dir='ltr'>exponi</span> <span class='ocrx_word' id='word_1_601' title='bbox 1535 1756 1633 1798; x_wconf 81' lang='lat' dir='ltr'>fecit</span> <span class='ocrx_word' id='word_1_602' title='bbox 1648 1784 1660 1804; x_wconf 88' lang='lat'>‚</span> <span class='ocrx_word' id='word_1_603' title='bbox 1676 1756 1858 1798; x_wconf 91' lang='lat' dir='ltr'>nonnulli</span> <span class='ocrx_word' id='word_1_604' title='bbox 1873 1757 1911 1797; x_wconf 93' lang='lat' dir='ltr'>in</span> <span class='ocrx_word' id='word_1_605' title='bbox 1926 1756 2231 1811; x_wconf 80' lang='lat' dir='ltr'>Hispaniarum,</span> <span class='ocrx_word' id='word_1_606' title='bbox 2249 1758 2409 1807; x_wconf 87' lang='lat' dir='ltr'>Galliae,</span> 
     </span>
     <span class='ocr_line' id='line_1_87' title="bbox 1372 1811 2412 1869; baseline -0.001 -12"><span class='ocrx_word' id='word_1_607' title='bbox 1372 1819 1412 1857; x_wconf 72' lang='grc' dir='ltr'>δε</span> <span class='ocrx_word' id='word_1_608' title='bbox 1440 1815 1611 1857; x_wconf 84' lang='lat' dir='ltr'>aliorum</span> <span class='ocrx_word' id='word_1_609' title='bbox 1636 1811 1798 1856; x_wconf 73' lang='lat' dir='ltr'>fortasse</span> <span class='ocrx_word' id='word_1_610' title='bbox 1813 1817 2080 1869; x_wconf 87' lang='lat' dir='ltr'>Regnorum,</span> <span class='ocrx_word' id='word_1_611' title='bbox 2110 1818 2148 1857; x_wconf 88' lang='lat'>&amp;</span> <span class='ocrx_word' id='word_1_612' title='bbox 2178 1818 2412 1859; x_wconf 85' lang='lat' dir='ltr'>Provincia-</span> 
     </span>
     <span class='ocr_line' id='line_1_88' title="bbox 1374 1873 2411 1933; baseline -0.003 -16"><span class='ocrx_word' id='word_1_613' title='bbox 1374 1890 1491 1926; x_wconf 89' lang='lat' dir='ltr'>rum,</span> <span class='ocrx_word' id='word_1_614' title='bbox 1523 1886 1678 1915; x_wconf 86' lang='lat' dir='ltr'>necnon</span> <span class='ocrx_word' id='word_1_615' title='bbox 1709 1873 1746 1914; x_wconf 90' lang='lat' dir='ltr'>in</span> <span class='ocrx_word' id='word_1_616' title='bbox 1776 1873 1972 1933; x_wconf 87' lang='lat' dir='ltr'>aliquibus</span> <span class='ocrx_word' id='word_1_617' title='bbox 2002 1875 2127 1917; x_wconf 89' lang='lat' dir='ltr'>Italiae</span> <span class='ocrx_word' id='word_1_618' title='bbox 2142 1875 2321 1929; x_wconf 87' lang='lat' dir='ltr'>partibus</span> <span class='ocrx_word' id='word_1_619' title='bbox 2339 1887 2411 1914; x_wconf 92' lang='lat' dir='ltr'>no-</span> 
     </span>
     <span class='ocr_line' id='line_1_89' title="bbox 1376 1931 2412 1988; baseline -0.003 -13"><span class='ocrx_word' id='word_1_620' title='bbox 1376 1947 1464 1975; x_wconf 85' lang='lat' dir='ltr'>men</span> <span class='ocrx_word' id='word_1_621' title='bbox 1482 1962 1494 1983; x_wconf 87' lang='lat'>,</span> <span class='ocrx_word' id='word_1_622' title='bbox 1524 1931 1770 1975; x_wconf 86' lang='lat' dir='ltr'>&amp;Habitum</span> <span class='ocrx_word' id='word_1_623' title='bbox 1784 1931 2006 1974; x_wconf 89' lang='lat' dir='ltr'>eorundem</span> <span class='ocrx_word' id='word_1_624' title='bbox 2023 1934 2208 1975; x_wconf 86' lang='lat' dir='ltr'>Fratrum</span> <span class='ocrx_word' id='word_1_625' title='bbox 2235 1932 2412 1988; x_wconf 88' lang='lat' dir='ltr'>Capuci-</span> 
     </span>
     <span class='ocr_line' id='line_1_90' title="bbox 1376 1989 2411 2046; baseline -0.003 -12"><span class='ocrx_word' id='word_1_626' title='bbox 1376 2004 1518 2034; x_wconf 85' lang='lat' dir='ltr'>norum</span> <span class='ocrx_word' id='word_1_627' title='bbox 1546 1989 1613 2031; x_wconf 86' lang='lat' dir='ltr'>fibi</span> <span class='ocrx_word' id='word_1_628' title='bbox 1642 1990 1881 2032; x_wconf 85' lang='lat' dir='ltr'>vendicent.</span> <span class='ocrx_word' id='word_1_629' title='bbox 1914 1993 2000 2032; x_wconf 92' lang='lat' dir='ltr'>Nos</span> <span class='ocrx_word' id='word_1_630' title='bbox 2033 1991 2252 2046; x_wconf 68' lang='lat' dir='ltr'>premiffis,</span> <span class='ocrx_word' id='word_1_631' title='bbox 2283 2005 2411 2046; x_wconf 90' lang='lat' dir='ltr'>quan-</span> 
     </span>
     <span class='ocr_line' id='line_1_91' title="bbox 1375 2048 2406 2103; baseline -0.003 -12"><span class='ocrx_word' id='word_1_632' title='bbox 1375 2050 1460 2092; x_wconf 77' lang='lat' dir='ltr'>tum</span> <span class='ocrx_word' id='word_1_633' title='bbox 1475 2063 1563 2091; x_wconf 88' lang='lat' dir='ltr'>cum</span> <span class='ocrx_word' id='word_1_634' title='bbox 1581 2049 1757 2090; x_wconf 89' lang='lat' dir='ltr'>Domino</span> <span class='ocrx_word' id='word_1_635' title='bbox 1772 2048 1966 2103; x_wconf 84' lang='lat' dir='ltr'>poffumus</span> <span class='ocrx_word' id='word_1_636' title='bbox 1982 2077 1995 2099; x_wconf 94' lang='lat'>,</span> <span class='ocrx_word' id='word_1_637' title='bbox 2011 2048 2177 2092; x_wconf 89' lang='lat' dir='ltr'>obviare</span> <span class='ocrx_word' id='word_1_638' title='bbox 2195 2050 2378 2092; x_wconf 89' lang='lat' dir='ltr'>volentes</span> <span class='ocrx_word' id='word_1_639' title='bbox 2391 2077 2406 2100; x_wconf 90' lang='lat'>,</span> 
     </span>
     <span class='ocr_line' id='line_1_92' title="bbox 1375 2105 2405 2162; baseline -0.003 -12"><span class='ocrx_word' id='word_1_640' title='bbox 1375 2108 1728 2162; x_wconf 87' lang='lat' dir='ltr'>supplicationibus</span> <span class='ocrx_word' id='word_1_641' title='bbox 1743 2105 1922 2162; x_wconf 82' lang='lat' dir='ltr'>ejusdem</span> <span class='ocrx_word' id='word_1_642' title='bbox 1936 2109 2214 2150; x_wconf 84' lang='lat' dir='ltr'>Procuratoris</span> <span class='ocrx_word' id='word_1_643' title='bbox 2240 2108 2405 2150; x_wconf 89' lang='lat' dir='ltr'>nomine</span> 
     </span>
     <span class='ocr_line' id='line_1_93' title="bbox 1374 2165 2408 2221; baseline -0.003 -12"><span class='ocrx_word' id='word_1_644' title='bbox 1374 2166 1502 2214; x_wconf 88' lang='lat' dir='ltr'>Nobis</span> <span class='ocrx_word' id='word_1_645' title='bbox 1526 2165 1640 2221; x_wconf 90' lang='lat' dir='ltr'>super</span> <span class='ocrx_word' id='word_1_646' title='bbox 1668 2166 1742 2206; x_wconf 93' lang='lat' dir='ltr'>hoc</span> <span class='ocrx_word' id='word_1_647' title='bbox 1761 2165 1969 2207; x_wconf 88' lang='lat' dir='ltr'>humiliter</span> <span class='ocrx_word' id='word_1_648' title='bbox 1983 2167 2180 2221; x_wconf 63' lang='lat' dir='ltr'>porrectis</span> <span class='ocrx_word' id='word_1_649' title='bbox 2194 2166 2408 2217; x_wconf 85' lang='lat' dir='ltr'>inclinati;</span> 
     </span>
     <span class='ocr_line' id='line_1_94' title="bbox 1374 2223 2406 2268; baseline -0.003 -1"><span class='ocrx_word' id='word_1_650' title='bbox 1374 2227 1438 2267; x_wconf 89' lang='lat' dir='ltr'>De</span> <span class='ocrx_word' id='word_1_651' title='bbox 1460 2223 1750 2267; x_wconf 89' lang='lat' dir='ltr'>venerabilium</span> <span class='ocrx_word' id='word_1_652' title='bbox 1781 2226 1970 2268; x_wconf 80' lang='lat' dir='ltr'>Fratrum</span> <span class='ocrx_word' id='word_1_653' title='bbox 1993 2224 2215 2266; x_wconf 84' lang='lat' dir='ltr'>nostrorum</span> <span class='ocrx_word' id='word_1_654' title='bbox 2231 2227 2271 2266; x_wconf 87' lang='lat' dir='ltr'>S.</span> <span class='ocrx_word' id='word_1_655' title='bbox 2287 2227 2340 2268; x_wconf 84' lang='lat' dir='ltr'>R.</span> <span class='ocrx_word' id='word_1_656' title='bbox 2358 2226 2406 2265; x_wconf 85' lang='lat' dir='ltr'>E.</span> 
     </span>
     <span class='ocr_line' id='line_1_95' title="bbox 1373 2282 2409 2339; baseline -0.004 -12"><span class='ocrx_word' id='word_1_657' title='bbox 1373 2283 1652 2327; x_wconf 87' lang='lat' dir='ltr'>Cardinalium</span> <span class='ocrx_word' id='word_1_658' title='bbox 1678 2282 1852 2338; x_wconf 88' lang='lat' dir='ltr'>negotiis</span> <span class='ocrx_word' id='word_1_659' title='bbox 1881 2282 2147 2337; x_wconf 88' lang='lat' dir='ltr'>Regularium</span> <span class='ocrx_word' id='word_1_660' title='bbox 2173 2284 2409 2339; x_wconf 81' lang='lat' dir='ltr'>Praeposito-</span> 
     </span>
     <span class='ocr_line' id='line_1_96' title="bbox 1370 2341 2404 2391; baseline -0.002 -6"><span class='ocrx_word' id='word_1_661' title='bbox 1370 2356 1458 2385; x_wconf 86' lang='lat' dir='ltr'>rum</span> <span class='ocrx_word' id='word_1_662' title='bbox 1471 2341 1664 2391; x_wconf 77' lang='lat' dir='ltr'>consilio,</span> <span class='ocrx_word' id='word_1_663' title='bbox 1695 2342 1877 2384; x_wconf 90' lang='lat' dir='ltr'>locorum</span> <span class='ocrx_word' id='word_1_664' title='bbox 1904 2341 2130 2384; x_wconf 90' lang='lat' dir='ltr'>Ordinariis</span> <span class='ocrx_word' id='word_1_665' title='bbox 2157 2342 2194 2383; x_wconf 91' lang='lat' dir='ltr'>in</span> <span class='ocrx_word' id='word_1_666' title='bbox 2220 2342 2404 2384; x_wconf 61' lang='lat' dir='ltr'>eisdem,</span> 
     </span>
     <span class='ocr_line' id='line_1_97' title="bbox 1371 2399 2405 2455; baseline -0.007 -12"><span class='ocrx_word' id='word_1_667' title='bbox 1371 2400 1581 2455; x_wconf 87' lang='lat' dir='ltr'>Regnis,&amp;</span> <span class='ocrx_word' id='word_1_668' title='bbox 1597 2399 1814 2441; x_wconf 85' lang='lat' dir='ltr'>Provinciis</span> <span class='ocrx_word' id='word_1_669' title='bbox 1830 2400 2182 2454; x_wconf 85' lang='lat' dir='ltr'>existentibus,per</span> <span class='ocrx_word' id='word_1_670' title='bbox 2195 2400 2405 2453; x_wconf 84' lang='lat' dir='ltr'>praesentes</span> 
     </span>
     <span class='ocr_line' id='line_1_98' title="bbox 1371 2453 2406 2507; baseline -0.003 -8"><span class='ocrx_word' id='word_1_671' title='bbox 1371 2458 1659 2500; x_wconf 77' lang='lat' dir='ltr'>committimus</span> <span class='ocrx_word' id='word_1_672' title='bbox 1678 2485 1692 2505; x_wconf 91' lang='lat'>,</span> <span class='ocrx_word' id='word_1_673' title='bbox 1722 2456 2004 2498; x_wconf 83' lang='lat' dir='ltr'>&amp;mandamus</span> <span class='ocrx_word' id='word_1_674' title='bbox 2021 2485 2035 2507; x_wconf 93' lang='lat'>,</span> <span class='ocrx_word' id='word_1_675' title='bbox 2062 2473 2111 2498; x_wconf 88' lang='lat' dir='ltr'>ne</span> <span class='ocrx_word' id='word_1_676' title='bbox 2128 2461 2287 2498; x_wconf 88' lang='lat' dir='ltr'>Nomen</span> <span class='ocrx_word' id='word_1_677' title='bbox 2305 2483 2319 2506; x_wconf 86' lang='lat'>,</span> <span class='ocrx_word' id='word_1_678' title='bbox 2336 2453 2406 2496; x_wconf 79' lang='lat' dir='ltr'>vel</span> 
     </span>
     <span class='ocr_line' id='line_1_99' title="bbox 1371 2511 2401 2567; baseline 0 -13"><span class='ocrx_word' id='word_1_679' title='bbox 1371 2514 1564 2555; x_wconf 88' lang='lat' dir='ltr'>Habitum</span> <span class='ocrx_word' id='word_1_680' title='bbox 1593 2511 1845 2567; x_wconf 72' lang='lat' dir='ltr'>praefatorum</span> <span class='ocrx_word' id='word_1_681' title='bbox 1875 2516 2063 2555; x_wconf 87' lang='lat' dir='ltr'>Fratrum</span> <span class='ocrx_word' id='word_1_682' title='bbox 2093 2515 2401 2567; x_wconf 84' lang='lat' dir='ltr'>Capucinorum</span> 
     </span>
     <span class='ocr_line' id='line_1_100' title="bbox 1370 2569 2403 2628; baseline 0 -15"><span class='ocrx_word' id='word_1_683' title='bbox 1370 2572 1419 2613; x_wconf 88' lang='lat' dir='ltr'>ab</span> <span class='ocrx_word' id='word_1_684' title='bbox 1446 2571 1531 2612; x_wconf 88' lang='lat' dir='ltr'>aliis</span> <span class='ocrx_word' id='word_1_685' title='bbox 1555 2569 1754 2626; x_wconf 87' lang='lat' dir='ltr'>quibusvis</span> <span class='ocrx_word' id='word_1_686' title='bbox 1771 2571 1982 2625; x_wconf 84' lang='lat' dir='ltr'>Religiosis</span> <span class='ocrx_word' id='word_1_687' title='bbox 1999 2601 2013 2622; x_wconf 92' lang='lat'>,</span> <span class='ocrx_word' id='word_1_688' title='bbox 2041 2573 2103 2615; x_wconf 90' lang='lat' dir='ltr'>seu</span> <span class='ocrx_word' id='word_1_689' title='bbox 2131 2572 2403 2628; x_wconf 86' lang='lat' dir='ltr'>cujuscunque</span> 
     </span>
     <span class='ocr_line' id='line_1_101' title="bbox 1372 2628 2402 2685; baseline -0.001 -14"><span class='ocrx_word' id='word_1_690' title='bbox 1372 2628 1536 2671; x_wconf 88' lang='lat' dir='ltr'>Ordinis</span> <span class='ocrx_word' id='word_1_691' title='bbox 1554 2657 1567 2679; x_wconf 81' lang='lat'>,</span> <span class='ocrx_word' id='word_1_692' title='bbox 1585 2629 1796 2672; x_wconf 87' lang='lat' dir='ltr'>Societatis</span> <span class='ocrx_word' id='word_1_693' title='bbox 1813 2658 1826 2680; x_wconf 88' lang='lat'>,</span> <span class='ocrx_word' id='word_1_694' title='bbox 1843 2631 1908 2672; x_wconf 92' lang='lat' dir='ltr'>vel</span> <span class='ocrx_word' id='word_1_695' title='bbox 1922 2631 2098 2671; x_wconf 85' lang='lat' dir='ltr'>Instituti</span> <span class='ocrx_word' id='word_1_696' title='bbox 2113 2630 2402 2685; x_wconf 86' lang='lat' dir='ltr'>Regularibus,</span> 
     </span>
     <span class='ocr_line' id='line_1_102' title="bbox 1372 2686 2403 2743; baseline -0.002 -15"><span class='ocrx_word' id='word_1_697' title='bbox 1372 2686 1437 2728; x_wconf 89' lang='lat' dir='ltr'>sub</span> <span class='ocrx_word' id='word_1_698' title='bbox 1468 2688 1606 2741; x_wconf 82' lang='lat' dir='ltr'>quovis</span> <span class='ocrx_word' id='word_1_699' title='bbox 1630 2696 1825 2741; x_wconf 87' lang='lat' dir='ltr'>praetextu</span> <span class='ocrx_word' id='word_1_700' title='bbox 1854 2689 1892 2729; x_wconf 93' lang='lat' dir='ltr'>in</span> <span class='ocrx_word' id='word_1_701' title='bbox 1917 2689 2114 2743; x_wconf 88' lang='lat' dir='ltr'>posterum</span> <span class='ocrx_word' id='word_1_702' title='bbox 2143 2687 2213 2729; x_wconf 85' lang='lat' dir='ltr'>fibi</span> <span class='ocrx_word' id='word_1_703' title='bbox 2256 2687 2403 2729; x_wconf 81' lang='lat' dir='ltr'>vendi..</span> 
     </span>
     <span class='ocr_line' id='line_1_103' title="bbox 1370 2743 2402 2799; baseline -0.002 -11"><span class='ocrx_word' id='word_1_704' title='bbox 1370 2758 1464 2788; x_wconf 89' lang='lat' dir='ltr'>c-are</span> <span class='ocrx_word' id='word_1_705' title='bbox 1479 2772 1494 2795; x_wconf 91' lang='lat'>,</span> <span class='ocrx_word' id='word_1_706' title='bbox 1524 2755 1593 2787; x_wconf 89' lang='lat' dir='ltr'>aut</span> <span class='ocrx_word' id='word_1_707' title='bbox 1608 2744 1796 2798; x_wconf 89' lang='lat' dir='ltr'>usurpare</span> <span class='ocrx_word' id='word_1_708' title='bbox 1811 2746 2046 2799; x_wconf 86' lang='lat' dir='ltr'>permittant</span> <span class='ocrx_word' id='word_1_709' title='bbox 2063 2774 2078 2796; x_wconf 92' lang='lat'>,</span> <span class='ocrx_word' id='word_1_710' title='bbox 2108 2743 2175 2788; x_wconf 89' lang='lat' dir='ltr'>sed</span> <span class='ocrx_word' id='word_1_711' title='bbox 2192 2746 2402 2789; x_wconf 85' lang='lat' dir='ltr'>Constitu-</span> 
     </span>
     <span class='ocr_line' id='line_1_104' title="bbox 1369 2802 2400 2859; baseline 0.002 -15"><span class='ocrx_word' id='word_1_712' title='bbox 1369 2804 1498 2844; x_wconf 89' lang='lat' dir='ltr'>tiones</span> <span class='ocrx_word' id='word_1_713' title='bbox 1525 2802 1770 2858; x_wconf 87' lang='lat' dir='ltr'>Apostolicas</span> <span class='ocrx_word' id='word_1_714' title='bbox 1797 2803 1994 2846; x_wconf 58' lang='lat' dir='ltr'>dictorum</span> <span class='ocrx_word' id='word_1_715' title='bbox 2011 2804 2202 2859; x_wconf 88' lang='lat' dir='ltr'>Gregorii</span> <span class='ocrx_word' id='word_1_716' title='bbox 2220 2807 2338 2845; x_wconf 82' lang='lat' dir='ltr'>Xlll.</span> <span class='ocrx_word' id='word_1_717' title='bbox 2360 2806 2400 2846; x_wconf 76' lang='grc' dir='ltr'>δε</span> 
     </span>
     <span class='ocr_line' id='line_1_105' title="bbox 1367 2861 2401 2918; baseline 0 -14"><span class='ocrx_word' id='word_1_718' title='bbox 1367 2862 1556 2916; x_wconf 88' lang='lat' dir='ltr'>Gregorii</span> <span class='ocrx_word' id='word_1_719' title='bbox 1585 2863 1698 2906; x_wconf 89' lang='lat' dir='ltr'>XIV.</span> <span class='ocrx_word' id='word_1_720' title='bbox 1726 2861 2061 2910; x_wconf 71' lang='lat' dir='ltr'>Praedeceil&#39;orum</span> <span class='ocrx_word' id='word_1_721' title='bbox 2086 2862 2401 2918; x_wconf 85' lang='lat' dir='ltr'>hujusmodiper</span> 
     </span>
     <span class='ocr_line' id='line_1_106' title="bbox 1366 2919 2399 2976; baseline 0.001 -14"><span class='ocrx_word' id='word_1_722' title='bbox 1366 2919 1658 2964; x_wconf 85' lang='lat' dir='ltr'>Ecclefiasticas</span> <span class='ocrx_word' id='word_1_723' title='bbox 1674 2920 1857 2963; x_wconf 91' lang='lat' dir='ltr'>censuras</span> <span class='ocrx_word' id='word_1_724' title='bbox 1874 2950 1888 2973; x_wconf 93' lang='lat'>,</span> <span class='ocrx_word' id='word_1_725' title='bbox 1918 2924 1955 2964; x_wconf 89' lang='lat'>&amp;</span> <span class='ocrx_word' id='word_1_726' title='bbox 1971 2934 2108 2976; x_wconf 82' lang='lat' dir='ltr'>poenas</span> <span class='ocrx_word' id='word_1_727' title='bbox 2122 2921 2322 2964; x_wconf 77' lang='lat' dir='ltr'>observari</span> <span class='ocrx_word' id='word_1_728' title='bbox 2340 2920 2399 2963; x_wconf 88' lang='lat' dir='ltr'>sa-</span> 
     </span>
     <span class='ocr_line' id='line_1_107' title="bbox 1365 2979 2398 3030; baseline 0.001 -10"><span class='ocrx_word' id='word_1_729' title='bbox 1365 2979 1498 3020; x_wconf 90' lang='lat' dir='ltr'>ciant.</span> <span class='ocrx_word' id='word_1_730' title='bbox 1530 2981 1623 3020; x_wconf 91' lang='lat' dir='ltr'>Non</span> <span class='ocrx_word' id='word_1_731' title='bbox 1651 2979 1892 3022; x_wconf 89' lang='lat' dir='ltr'>obstantibus</span> <span class='ocrx_word' id='word_1_732' title='bbox 1918 2979 2282 3024; x_wconf 88' lang='lat' dir='ltr'>Constitutionibus</span> <span class='ocrx_word' id='word_1_733' title='bbox 2309 3008 2324 3030; x_wconf 89' lang='lat'>,</span> <span class='ocrx_word' id='word_1_734' title='bbox 2357 2981 2398 3021; x_wconf 72' lang='grc' dir='ltr'>δε</span> 
     </span>
     <span class='ocr_line' id='line_1_108' title="bbox 1362 3036 2397 3094; baseline 0.002 -16"><span class='ocrx_word' id='word_1_735' title='bbox 1362 3036 1694 3079; x_wconf 84' lang='lat' dir='ltr'>ordinationibus</span> <span class='ocrx_word' id='word_1_736' title='bbox 1721 3039 1964 3092; x_wconf 85' lang='lat' dir='ltr'>Apostolicis</span> <span class='ocrx_word' id='word_1_737' title='bbox 1989 3066 2004 3089; x_wconf 91' lang='lat'>,</span> <span class='ocrx_word' id='word_1_738' title='bbox 2038 3039 2272 3094; x_wconf 65' lang='lat' dir='ltr'>caeterisque</span> <span class='ocrx_word' id='word_1_739' title='bbox 2297 3053 2397 3080; x_wconf 83' lang='lat' dir='ltr'>con-</span> 
     </span>
     <span class='ocr_line' id='line_1_109' title="bbox 1359 3093 2394 3152; baseline 0.003 -16"><span class='ocrx_word' id='word_1_740' title='bbox 1359 3095 1487 3137; x_wconf 87' lang='lat' dir='ltr'>trariis</span> <span class='ocrx_word' id='word_1_741' title='bbox 1506 3093 1803 3152; x_wconf 83' lang='lat' dir='ltr'>quibuscunque</span> <span class='ocrx_word' id='word_1_742' title='bbox 1817 3127 1828 3137; x_wconf 95' lang='lat'>.</span> <span class='ocrx_word' id='word_1_743' title='bbox 1874 3096 2073 3138; x_wconf 88' lang='lat' dir='ltr'>Volumus</span> <span class='ocrx_word' id='word_1_744' title='bbox 2096 3108 2229 3139; x_wconf 84' lang='lat' dir='ltr'>autem</span> <span class='ocrx_word' id='word_1_745' title='bbox 2246 3124 2261 3146; x_wconf 89' lang='lat'>,</span> <span class='ocrx_word' id='word_1_746' title='bbox 2282 3095 2394 3150; x_wconf 87' lang='lat' dir='ltr'>quod</span> 
     </span>
     <span class='ocr_line' id='line_1_110' title="bbox 1360 3151 2393 3211; baseline 0 -17"><span class='ocrx_word' id='word_1_747' title='bbox 1360 3151 1608 3208; x_wconf 66' lang='lat' dir='ltr'>praesentium</span> <span class='ocrx_word' id='word_1_748' title='bbox 1623 3155 1894 3211; x_wconf 82' lang='lat' dir='ltr'>transumptis,</span> <span class='ocrx_word' id='word_1_749' title='bbox 1910 3155 2034 3197; x_wconf 87' lang='lat' dir='ltr'>etiam</span> <span class='ocrx_word' id='word_1_750' title='bbox 2049 3155 2257 3208; x_wconf 83' lang='lat' dir='ltr'>impreffis,</span> <span class='ocrx_word' id='word_1_751' title='bbox 2273 3167 2393 3196; x_wconf 83' lang='lat' dir='ltr'>manu</span> 
     </span>
     <span class='ocr_line' id='line_1_111' title="bbox 1359 3211 2392 3269; baseline 0.003 -18"><span class='ocrx_word' id='word_1_752' title='bbox 1359 3211 1508 3267; x_wconf 87' lang='lat' dir='ltr'>publici</span> <span class='ocrx_word' id='word_1_753' title='bbox 1531 3213 1688 3254; x_wconf 88' lang='lat' dir='ltr'>Notarii</span> <span class='ocrx_word' id='word_1_754' title='bbox 1714 3213 1938 3269; x_wconf 74' lang='lat' dir='ltr'>subscriptis</span> <span class='ocrx_word' id='word_1_755' title='bbox 1961 3242 1975 3264; x_wconf 93' lang='lat'>,</span> <span class='ocrx_word' id='word_1_756' title='bbox 2004 3215 2043 3257; x_wconf 71' lang='grc' dir='ltr'>δι</span> <span class='ocrx_word' id='word_1_757' title='bbox 2067 3212 2194 3267; x_wconf 85' lang='lat' dir='ltr'>figillo</span> <span class='ocrx_word' id='word_1_758' title='bbox 2224 3211 2392 3267; x_wconf 77' lang='lat' dir='ltr'>alicujus</span> 
     </span>
     <span class='ocr_line' id='line_1_112' title="bbox 1358 3269 2386 3328; baseline 0.002 -19"><span class='ocrx_word' id='word_1_759' title='bbox 1358 3271 1530 3324; x_wconf 84' lang='lat' dir='ltr'>personae</span> <span class='ocrx_word' id='word_1_760' title='bbox 1561 3270 1600 3312; x_wconf 91' lang='lat' dir='ltr'>in</span> <span class='ocrx_word' id='word_1_761' title='bbox 1627 3270 1824 3328; x_wconf 84' lang='lat' dir='ltr'>dignitate</span> <span class='ocrx_word' id='word_1_762' title='bbox 1861 3271 2135 3313; x_wconf 84' lang='lat' dir='ltr'>Ecclefiastica</span> <span class='ocrx_word' id='word_1_763' title='bbox 2163 3269 2386 3312; x_wconf 84' lang='lat' dir='ltr'>constitutae</span> 
     </span>
     <span class='ocr_line' id='line_1_113' title="bbox 1356 3327 2390 3383; baseline -0.003 -14"><span class='ocrx_word' id='word_1_764' title='bbox 1356 3327 1515 3370; x_wconf 89' lang='lat' dir='ltr'>munitis</span> <span class='ocrx_word' id='word_1_765' title='bbox 1529 3357 1543 3378; x_wconf 90' lang='lat'>,</span> <span class='ocrx_word' id='word_1_766' title='bbox 1567 3328 1708 3372; x_wconf 80' lang='lat' dir='ltr'>eadem</span> <span class='ocrx_word' id='word_1_767' title='bbox 1723 3329 1821 3372; x_wconf 87' lang='lat' dir='ltr'>fides</span> <span class='ocrx_word' id='word_1_768' title='bbox 1837 3329 1986 3383; x_wconf 82' lang='lat' dir='ltr'>ubique</span> <span class='ocrx_word' id='word_1_769' title='bbox 2002 3330 2039 3370; x_wconf 94' lang='lat' dir='ltr'>in</span> <span class='ocrx_word' id='word_1_770' title='bbox 2054 3328 2209 3383; x_wconf 84' lang='lat' dir='ltr'>judicio</span> <span class='ocrx_word' id='word_1_771' title='bbox 2223 3356 2239 3378; x_wconf 89' lang='lat'>,</span> <span class='ocrx_word' id='word_1_772' title='bbox 2264 3329 2304 3368; x_wconf 86' lang='lat'>&amp;</span> <span class='ocrx_word' id='word_1_773' title='bbox 2318 3342 2390 3370; x_wconf 88' lang='lat' dir='ltr'>ex..</span> 
     </span>
     <span class='ocr_line' id='line_1_114' title="bbox 1356 3385 2390 3445; baseline 0.001 -19"><span class='ocrx_word' id='word_1_774' title='bbox 1356 3395 1418 3426; x_wconf 89' lang='lat' dir='ltr'>tra</span> <span class='ocrx_word' id='word_1_775' title='bbox 1432 3385 1670 3431; x_wconf 87' lang='lat' dir='ltr'>adhibeatur</span> <span class='ocrx_word' id='word_1_776' title='bbox 1683 3417 1697 3438; x_wconf 90' lang='lat'>,</span> <span class='ocrx_word' id='word_1_777' title='bbox 1727 3402 1810 3445; x_wconf 88' lang='lat' dir='ltr'>quae</span> <span class='ocrx_word' id='word_1_778' title='bbox 1825 3387 2082 3441; x_wconf 73' lang='lat' dir='ltr'>praesentibus</span> <span class='ocrx_word' id='word_1_779' title='bbox 2097 3385 2359 3428; x_wconf 87' lang='lat' dir='ltr'>adhiberetur</span> <span class='ocrx_word' id='word_1_780' title='bbox 2374 3416 2390 3438; x_wconf 87' lang='lat'>,</span> 
     </span>
     <span class='ocr_line' id='line_1_115' title="bbox 1356 3440 2390 3496; baseline 0.001 -11"><span class='ocrx_word' id='word_1_781' title='bbox 1356 3442 1383 3485; x_wconf 83' lang='lat' dir='ltr'><strong>fi</strong></span> <span class='ocrx_word' id='word_1_782' title='bbox 1396 3440 1516 3485; x_wconf 71' lang='lat' dir='ltr'>essent</span> <span class='ocrx_word' id='word_1_783' title='bbox 1533 3447 1721 3488; x_wconf 82' lang='lat' dir='ltr'>exhibitae</span> <span class='ocrx_word' id='word_1_784' title='bbox 1733 3475 1746 3496; x_wconf 88' lang='lat'>,</span> <span class='ocrx_word' id='word_1_785' title='bbox 1780 3444 1843 3486; x_wconf 89' lang='lat' dir='ltr'>vel</span> <span class='ocrx_word' id='word_1_786' title='bbox 1862 3443 2019 3486; x_wconf 80' lang='lat' dir='ltr'>ostensa:</span> <span class='ocrx_word' id='word_1_787' title='bbox 2034 3473 2045 3484; x_wconf 91' lang='lat'><strong>.</strong></span> <span class='ocrx_word' id='word_1_788' title='bbox 2080 3446 2228 3486; x_wconf 84' lang='lat' dir='ltr'>Datum</span> <span class='ocrx_word' id='word_1_789' title='bbox 2245 3446 2390 3486; x_wconf 87' lang='lat' dir='ltr'>Romae</span> 
     </span>
     <span class='ocr_line' id='line_1_116' title="bbox 1354 3499 2386 3556; baseline 0 -13"><span class='ocrx_word' id='word_1_790' title='bbox 1354 3499 1457 3556; x_wconf 89' lang='lat' dir='ltr'>apud</span> <span class='ocrx_word' id='word_1_791' title='bbox 1486 3506 1669 3546; x_wconf 65' lang='lat' dir='ltr'>Sanctum</span> <span class='ocrx_word' id='word_1_792' title='bbox 1701 3507 1866 3546; x_wconf 87' lang='lat' dir='ltr'>Petrum</span> <span class='ocrx_word' id='word_1_793' title='bbox 1890 3502 1958 3544; x_wconf 91' lang='lat' dir='ltr'>sub</span> <span class='ocrx_word' id='word_1_794' title='bbox 1982 3502 2143 3544; x_wconf 90' lang='lat' dir='ltr'>Annulo</span> <span class='ocrx_word' id='word_1_795' title='bbox 2171 3501 2386 3548; x_wconf 88' lang='lat' dir='ltr'>Piscatoris</span> 
     </span>
     <span class='ocr_line' id='line_1_117' title="bbox 1355 3558 2383 3607; baseline 0.003 -6"><span class='ocrx_word' id='word_1_796' title='bbox 1355 3560 1435 3601; x_wconf 85' lang='lat' dir='ltr'>Die</span> <span class='ocrx_word' id='word_1_797' title='bbox 1457 3574 1514 3601; x_wconf 76' lang='lat' dir='ltr'>rx.</span> <span class='ocrx_word' id='word_1_798' title='bbox 1532 3562 1986 3607; x_wconf 76' lang='lat' dir='ltr'>De-cembris.Mncxxt.</span> <span class='ocrx_word' id='word_1_799' title='bbox 2008 3558 2270 3607; x_wconf 71' lang='lat' dir='ltr'>Pontificatus</span> <span class='ocrx_word' id='word_1_800' title='bbox 2293 3565 2383 3606; x_wconf 83' lang='lat' dir='ltr'>No-</span> 
     </span>
     <span class='ocr_line' id='line_1_118' title="bbox 1352 3618 1756 3667; baseline 0.002 -7"><span class='ocrx_word' id='word_1_801' title='bbox 1352 3618 1419 3667; x_wconf 84' lang='lat' dir='ltr'>stri</span> <span class='ocrx_word' id='word_1_802' title='bbox 1445 3624 1562 3662; x_wconf 89' lang='lat' dir='ltr'>Anno</span> <span class='ocrx_word' id='word_1_803' title='bbox 1588 3620 1756 3662; x_wconf 77' lang='lat' dir='ltr'>Primo.</span> 
     </span>
    </p>
   </div>
   <div class='ocr_carea' id='block_1_4' title="bbox 1489 3680 2031 3759">
    <p class='ocr_par' dir='ltr' id='par_1_5' title="bbox 1489 3680 2031 3759">
     <span class='ocr_line' id='line_1_119' title="bbox 1489 3680 2031 3759; baseline 0.007 -20"><span class='ocrx_word' id='word_1_804' title='bbox 1489 3690 1537 3739; x_wconf 86' lang='lat' dir='ltr'>S.</span> <span class='ocrx_word' id='word_1_805' title='bbox 1569 3680 1698 3739; x_wconf 75' lang='lat' dir='ltr'>Card.</span> <span class='ocrx_word' id='word_1_806' title='bbox 1737 3689 1782 3739; x_wconf 81' lang='lat' dir='ltr'>S.</span> <span class='ocrx_word' id='word_1_807' title='bbox 1817 3690 2031 3759; x_wconf 65' lang='lat' dir='ltr'>Sufiznnae.</span> 
     </span>
    </p>
   </div>
   <div class='ocr_carea' id='block_1_5' title="bbox 1352 3793 2373 3903">
    <p class='ocr_par' dir='ltr' id='par_1_6' title="bbox 1352 3793 2373 3903">
     <span class='ocr_line' id='line_1_120' title="bbox 1352 3793 2373 3898; baseline -0.006 -57"><span class='ocrx_word' id='word_1_808' title='bbox 1352 3793 1704 3853; x_wconf 74' lang='lat' dir='ltr'>Brevcfhrmatum</span> <span class='ocrx_word' id='word_1_809' title='bbox 1718 3799 1762 3898; x_wconf 58' lang='lat' dir='ltr'>iit</span> <span class='ocrx_word' id='word_1_810' title='bbox 1779 3795 2373 3898; x_wconf 44' lang='lat' dir='ltr'>Aer&#39;gm&#39;Ord&#39;ToeCiqngU‘</span> 
     </span>
     <span class='ocr_line' id='line_1_121' title="bbox 1788 3867 2319 3903; baseline -0.002 -18"><span class='ocrx_word' id='word_1_811' title='bbox 1788 3867 1810 3903; x_wconf 78' lang='lat'><em>2</em></span> <span class='ocrx_word' id='word_1_812' title='bbox 2301 3875 2319 3884; x_wconf 89' lang='lat'>-</span> 
     </span>
    </p>
   </div>
   <div class='ocr_carea' id='block_1_6' title="bbox 1395 3982 1413 4005">
    <p class='ocr_par' dir='ltr' id='par_1_7' title="bbox 1395 3982 1413 4005">
     <span class='ocr_line' id='line_1_122' title="bbox 1395 3982 1413 4005; baseline 0 0"><span class='ocrx_word' id='word_1_813' title='bbox 1395 3982 1413 4005; x_wconf 63' lang='lat'>5.</span> 
     </span>
    </p>
   </div>
  </div>
 </body>
</html>
