2658 4244
2218 310 2376 378 227

744 384 1987 513 ELENCHUS

300 519 2437 711 V1R0RUM1LLUSTR1UM,

591 785 729 875 Qi
770 805 844 852 ex
885 780 1125 849 Ordine
1168 779 1249 844 ad
1296 776 1729 842 Ecclefiasticas
1774 776 2122 861 Dignitates

1103 861 1266 933 fuere
1311 870 1624 952 promoti.

827 1093 1903 1157 CARDINALES.

293 1231 468 1375 FR.
498 1302 741 1357 Anselmus
762 1309 1031 1365 Marzatus,
1057 1299 1084 1353 ἂ
1110 1303 1355 1370 Monopoli
1369 1336 1387 1362 ,
1410 1302 1666 1354 Provinciae
1694 1303 1916 1352 Romanae
1933 1333 1949 1358 ,
1971 1290 2028 1350 de
2058 1315 2149 1366 quo
2164 1294 2248 1366 sol.
2282 1313 2360 1361 51.

297 1494 375 1541 Fr.
404 1491 638 1542 Antonius
664 1492 935 1542 Barberinus
962 1489 989 1539 31
1021 1478 1252 1542 Florentia
1270 1523 1289 1547 ,
1319 1490 1566 1540 Provinciae
1592 1489 1773 1546 Tusciae
1806 1491 1964 1538 Frater
1996 1492 2259 1541 Germanus
2289 1481 2443 1539 Urba-

433 1563 480 1611 ni
517 1565 608 1613 PP.
641 1566 792 1613 VIII.
825 1562 882 1610 de
911 1575 1003 1626 quo
1027 1561 1111 1624 flul.
1132 1561 1217 1605 88.

200 1809 203 1814 s
290 1748 370 1796 Fr.
398 1741 664 1806 'Franciscus
689 1739 842 1792 Maria
869 1732 1060 1792 Casinus
1077 1773 1097 1800 ,
1122 1734 1179 1790 ab
1204 1738 1370 1790 Aretio
1385 1772 1404 1799 ,
1430 1738 1682 1791 Provinciae
1712 1736 1893 1792 Tusciae
1908 1736 1993 1800 ,de
2017 1756 2108 1808 quo
2128 1735 2220 1808 fil.
2247 1726 2362 1806 15'0.
2409 1787 2411 1789 .

822 1927 864 1980 Ρ
928 1924 974 1979 Α
1050 1924 1098 1979 T
1161 1927 1208 1978 R
1280 1922 1311 1976 Ι
1374 1925 1421 1977 Α
1490 1926 1537 1979 R
1610 1925 1650 1977 C
1714 1928 1764 1980 H
1830 1930 1876 1980 A
1893 1964 1908 1979 .

296 2110 373 2163 Fr.
410 2112 671 2167 Franciscus
696 2118 924 2167 Antonius
958 2117 1199 2167 Corrarius
1226 2115 1433 2165 'Venetus
1457 2149 1473 2175 ‚
1514 2118 1766 2171 Provinciae
1798 2117 1981 2166 Venetae
2003 2146 2020 2172 ,
2060 2109 2110 2164 ὅς
2138 2111 2436 2166 patriarcha...

434 2186 736 2238 venetiarum
758 2218 775 2246 ,
813 2190 982 2239 Vivit:
1013 2187 1068 2237 de
1099 2186 1293 2255 quofil.
1318 2191 1434 2249 198.
1465 2186 1514 2238 <Sc
1545 2207 1657 2252 199.

680 2369 2041 2425 ARCHIE‘PISCOPI.

296 2555 373 2605 Fr.
403 2556 703 2609 Bernardinus
733 2561 951 2610 Rotarius
968 2594 985 2619 ,
1002 2552 1057 2608 ab
1076 2558 1215 2618 Asta,
1232 2578 1285 2610 ex
1314 2557 1656 2612 Marchionibus
1684 2555 1962 2611 Cortanserii
1984 2592 2000 2617 ,
2030 2558 2283 2608 Provinciae
2315 2557 2435 2610 Tau-⁴

434 2627 621 2679 rinenfis
635 2662 654 2689 ,
679 2630 1058 2700 Archiepiscopus
1076 2633 1350 2681 Turritanus
1364 2666 1381 2691 ,
1411 2633 1577 2683 Vivit:
1601 2634 1657 2682 de
1686 2649 1776 2698 quo
1791 2630 1884 2699 fil.
1907 2632 2020 2680 186.
2040 2628 2090 2681 ὃς
2115 2632 2225 2690 187.

295 2815 373 2862 Fr.
405 2818 637 2866 Antonius
651 2819 799 2866 Maria
818 2811 1032 2868 Piscatori
1039 2834 1087 2868 us
1105 2813 1350 2868 Parmenfis
1366 2852 1381 2877 ,
1395 2835 1450 2868 ex
1469 2800 1812 2870 Marchioni'bus
1833 2821 1880 2867 S.
1903 2815 2100 2866 Andreae
2113 2850 2128 2875 ,
2147 2816 2282 2865 Prov.
2301 2817 2433 2865 Lom-

432 2885 599 2935 bardiae
616 2922 630 2943 ,
667 2886 1047 2956 Archiepiscopus
1075 2886 1319 2957 Ephesmus
1334 2923 1352 2948 ,
1379 2889 1427 2941 ὅ(
1462 2893 1573 2941 Solii
1600 2887 1827 2941 Pontificii
1850 2884 2066 2938 Affistens
2092 2921 2110 2946 ,
2140 2888 2274 2939 Vivit
2303 2903 2315 2934 :
2345 2886 2432 2936 dea

433 2973 525 3021 quo
545 2953 635 3022 sol.
658 2967 773 3006 216.
808 2954 858 3009 ὅ(
884 2974 997 3023 217.

956 3140 1765 3196 E‘PISCOPI.

295 3329 368 3376 Fr.
409 3329 642 3378 Emericus
673 3324 880 3380 Sennele'i
909 3329 1263 3382 Commoromio
1291 3333 1333 3382 in
1365 3332 1632 3402 Hungaria,
1654 3329 1906 3386 Provinciae
1932 3327 2432 3401 Austriaco·Hungari-

433 3417 496 3448 cae
514 3430 531 3458 ,
560 3398 806 3469 Episcopus
836 3400 1097 3452 Viennensis
1118 3434 1135 3460 ,
1164 3403 1222 3452 de
1253 3421 1344 3470 quo
1359 3403 1450 3472 fil.
1471 3419 1582 3467 130.

295 3589 370 3635 Fr.
409 3589 641 3655 Rupertus
667 3605 720 3638 ex
755 3587 1015 3640 Comitibus
1046 3582 1102 3639 de
1133 3586 1390 3661 Lamberg,
1408 3590 1656 3644 Provinciae
1675 3589 1946 3659 Tyrolenfis
1965 3624 1982 3652 ‚
2009 3589 2255 3661 Episcopus
2281 3592 2431 3641 Aulo·

432 3657 604 3719 nenfis,
640 3657 688 3710 ὅ(
720 3657 1038 3728 Suffraganeus
1074 3659 1262 3714 Paffavii
1280 3694 1297 3723 ,
1329 3663 1385 3712 de
1418 3681 1510 3730 quo
1523 3662 1615 3731 fol.
1642 3679 1751 3727 142.

2111 3852 2185 3902 Fr.
2209 3855 2360 3920 Ange-
