2658 4244
896 201 1059 291 Sub
1119 200 1472 316 Gregorio
1530 199 1761 287 XIV.

261 322 457 375 scienter,
493 324 556 367 vel
573 323 803 380 ignoranter
831 321 1056 374 contigerit
1081 320 1299 359 attentari,

260 385 357 424 Non
372 383 616 427 obstantibus
631 377 996 426 Constitutionibus
1015 405 1030 428 ,
1058 378 1097 417 ὃς
1125 375 1301 418 Ordina-

261 441 436 484 tionibus
451 441 694 500 Apostolicis
707 466 722 491 2
747 433 976 492 caeterisque
990 434 1204 479 contrariis
1217 435 1306 489 qui-
1327 442 1330 443 ’

263 500 529 558 buscumque.
545 499 742 543 Volumus
763 507 899 539 autem
918 524 934 546 ‚
966 504 1010 535 ut
1034 492 1205 550 praesent
1220 493 1302 535 ium

263 558 664 616 transumptis,etiam
679 555 887 613 impresiis,
903 567 1025 596 manu
1039 551 1207 606 alicujus
1220 555 1304 594 No.

263 618 356 659 tarii
386 619 538 674 publici
567 615 795 671 subscriptis
811 642 826 664 ,
854 615 892 654 &
913 612 1041 668 figillo
1070 609 1248 667 personae
1266 612 1305 654 in

263 676 463 730 dignitate
478 672 756 719 Ecclefiastica
770 671 991 714 constitutae
1005 670 1165 714 munitis
1179 702 1193 722 ‚
1228 685 1298 713 ea..

259 734 358 776 dem
370 761 385 786 ,
403 740 488 790 quae
502 730 759 789 praetentibus
777 728 864 787 ipfis
879 729 1145 778 adhiberetur
1163 759 1177 784 o
1195 729 1295 775 fides

994 892 1265 959 No

1361 315 1624 381 adhibeatur.
1675 318 1771 384 Dat.
1802 317 1943 384 Romae
1973 322 2012 364 in
2046 324 2187 365 Monte
2211 238 2407 384 (gi-igna-

1359 376 1390 418 li
1425 373 1492 416 tub
1523 374 1689 417 Annulo
1720 377 1963 428 aleatoris,
1996 382 2075 422 Die
2107 382 2232 436 prima
2267 385 2403 440 Junii.

1365 445 1612 484 m.o.1,xxxx.
1645 435 1764 477 Pont.
1799 435 1938 478 Nostri
1966 439 2085 481 Anno
2117 441 2285 484 Primo.

1801 553 1864 594 M.
1902 553 2065 610 vestrim
2096 557 2317 600 Barbianus
2338 586 2349 597 .
2389 587 2391 589 .

1355 670 1478 713 Breve
1489 667 1529 709 in
1539 676 1650 726 perg.
1658 666 1894 726 formatum
1910 677 1954 712 in
1970 673 2089 714 Arch.
2109 677 2296 718 Generalt
2313 675 2405 717 Ord.

1411 732 1578 774 Armar.
1616 729 1819 772 Authent.
1836 732 1880 773 in
1893 728 2003 790 safi-
2017 734 2144 788 collig.
2159 747 2265 779 num0
2296 737 2367 787 48.

1391 890 1679 954 TA.

344 1026 407 1064 Uit
420 1026 488 1062 hac
502 1025 684 1073 exemptio
698 1026 755 1063 seu
770 1027 960 1075 prohibitio
972 1027 1086 1074 postea
1097 1029 1116 1064 a
1130 1025 1199 1063 PP.
1215 1027 1397 1063 Clemente
1411 1024 1517 1060 Vlll.
1534 1024 1678 1061 limitata
1689 1037 1701 1066 ς
1714 1024 1748 1060 8(
1761 1024 1998 1071 tandem‚quid
2007 1024 2171 1071 deinceps
2187 1025 2220 1061 8<
2234 1023 2406 1059 universa-

355 1075 433 1112 liter
448 1074 538 1111 eirca
549 1073 768 1113 confeffiones
784 1077 1002 1114 Saecularium
1013 1077 1152 1113 deberet
1163 1075 1336 1112 observari
1352 1099 1367 1119 ,
1393 1074 1453 1108 sub
1468 1074 1636 1110 moderno
1648 1074 1800 1117 gloriose
1826 1070 1989 1119 regnante
2029 1075 2179 1111 Summo
2206 1072 2407 1111 Pontifices

258 1125 457 1172 regularum
470 1149 483 1160 .
508 1124 804 1161 Constitutionem
818 1136 887 1161 tam
901 1126 1133 1163 moderantem
1146 1126 1248 1174 quam
1269 1125 1479 1170 regulantem
1490 1147 1503 1167 ,
1519 1123 1580 1160 suo
1594 1122 1730 1160 videbis
1746 1124 1827 1159 loco
1837 1147 1849 1158 .

282 1256 750 1270 ——u———--h———-

257 1319 528 1371 Inhaerendo
555 1319 933 1371 Praedecessorum
962 1318 1150 1369 suorum
1181 1320 1299 1368 Lite-

247 1440 249 1442 .
291 1393 386 1447 riS,
410 1389 622 1440 omnibus
655 1393 700 1438 in
728 1406 891 1458 genere
919 1425 936 1448 ,
971 1390 1019 1440 <Sc
1045 1392 1091 1438 in
1121 1388 1296 1455 specie,

291 1458 526 1510 fratribus
585 1456 864 1510 Reformatis
894 1493 911 1518 ‚
953 1459 1146 1509 Ordinis
1192 1463 1227 1507 F
1241 1464 1293 1508 F.

293 1531 685 1579 Conventualium
713 1532 985 1598 nuncupatis
1003 1564 1018 1588 ,
1044 1549 1097 1580 ac
1117 1533 1295 1597 Eremi-

287 1602 346 1668 tis
369 1600 497 1670 vagis
517 1635 531 1657 ,
556 1597 604 1650 ἃ
627 1602 855 1668 acephalis
874 1601 1086 1669 prohibet
1100 1635 1116 1659 ,
1137 1619 1190 1648 ne
1208 1605 1296 1652 Ca-

289 1672 560 1739 pucinorum
581 1671 839 1730 Habitum,
859 1673 936 1721 vel
951 1673 993 1721 ei
1011 1669 1295 1722 consimilem

289 1740 497 1811 gestent.

372 1874 784 1928 OREGORIUS
823 1876 999 1924 PAPA
1034 1859 1181 1924 xlv'.

409 2015 413 2018 ·
433 1989 503 2034 Ad
521 1999 758 2046 perpetuam
779 1994 841 2034 rei
863 1994 1087 2034 memoriam
1102 2021 1114 2032 .
1145 2050 1149 2053 Ι

361 2080 454 2123 Eati
471 2081 674 2124 Francisci
686 2078 934 2124 Confefforis
949 2079 1140 2124 sodalitas
1155 2081 1205 2123 ab
1218 2095 1300 2121 uno

381 2138 615 2183 Fundatore
641 2139 850 2191 instituta,
881 2142 921 2182 ὅ(
949 2140 998 2183 ad
1027 2140 1200 2184 eundem
1221 2140 1298 2181 Dei

258 2199 380 2244 finem
397 2198 584 2242 ordinata
597 2227 611 2249 ,
640 2197 848 2256 utriusque
863 2199 1088 2255 Seraphicae
1108 2199 1298 2254 Religio-

260 2258 317 2298 nis
347 2259 511 2300 nomine
527 2270 759 2314 nuncupata
774 2288 788 2309 ‚
817 2259 853 2300 in
874 2258 1015 2314 plures
1034 2257 1268 2303 sodalitates
1285 2286 1298 2308 ,

256 2317 298 2357 δε
315 2317 496 2360 membra
509 2346 524 2368 ‚
541 2317 770 2372 Apostolica
786 2319 1039 2372 permistione
1053 2345 1068 2368 2
1083 2317 1299 2366 dividitur,

258 2377 299 2417 δε
323 2376 434 2430 quasi
449 2377 750 2419 circumamicta
769 2375 970 2420 varietate
984 2406 998 2428 ‚
1023 2387 1140 2428 prout
1170 2377 1299 2430 pietas

257 2433 532 2481 diversimode
547 2432 688 2477 suadet
704 2464 718 2486 ‚
742 2435 869 2478 corde
885 2451 966 2481 uno
984 2464 998 2486 ,
1022 2438 1062 2478 δι
1077 2436 1207 2476 anima
1223 2448 1300 2476 una

259 2494 396 2533 Deum
411 2493 510 2534 colit
525 2520 539 2542 ‚
551 2493 592 2532 &
608 2493 724 2535 instar
738 2497 827 2548 agri
845 2495 1047 2536 Dominici
1065 2493 1196 2534 varios
1211 2521 1225 2541 a
1241 2500 1302 2532 at-

261 2564 340 2604 que
361 2550 508 2591 uberes
524 2547 676 2591 fruetus
698 2552 882 2606 quotidie
897 2549 1056 2606 profert
1077 2552 1143 2599 ,&
1159 2549 1298 2591 distin-

256 2610 409 2649 &iores
426 2637 439 2659 ,
466 2608 503 2648 &
530 2608 845 2651 abundantiores
860 2638 874 2661 ‚
896 2622 941 2653 ut
961 2607 1199 2652 confidimus
1215 2637 1229 2659 ,
1258 2610 1296 2649 in

258 2666 349 2708 dies
366 2664 554 2720 proferre
582 2681 661 2708 non
685 2665 833 2710 ceffat.
861 2669 962 2711 Sane
984 2682 1078 2709 curn
1103 2667 1152 2709 ad
1179 2679 1297 2708 aures

220 2757 222 2759 »
259 2724 410 2768 nostras
435 2726 672 2780 pervenerit
699 2755 714 2778 ‚
745 2726 843 2768 alias
870 2725 941 2769 fel.
977 2741 1062 2769 rec.
1094 2726 1298 2769 Paulum„

257 2787 410 2838 Papam
424 2786 509 2826 111.
526 2782 867 2827 Praedecefforem
883 2786 1062 2829 nostrum
1078 2786 1185 2827 inter
1201 2786 1274 2828 alia
1289 2814 1306 2836 a

259 2857 335 2899 per
362 2844 444 2886 suas
476 2843 515 2885 in
546 2840 678 2885 forma
707 2845 847 2887 Brevis
874 2845 1036 2889 Literas
1054 2875 1068 2897 ,
1099 2843 1301 2900 quibusvis

258 2901 442 2957 personis
457 2928 471 2951 ,
500 2899 775 2959 cujuscunque
792 2904 1038 2947 conditionis
1054 2903 1268 2946 existerent
1283 2931 1299 2954 ‚

260 2959 330 3003 sub
351 2961 780 3005 excommunicationis
810 2961 902 3005 latae
925 2963 1132 3007 sententiae
1147 2976 1266 3016 poena
1283 2989 1298 3011 ,

255 3033 310 3061 eo
324 3020 408 3072 ipso
425 3019 671 3063 incurrenda
689 3049 702 3072 2
734 3034 784 3063 ne
800 3023 995 3064 Habitum
1010 3051 1023 3072 ,
1042 3036 1116 3078 per
1133 3024 1299 3064 Fratres

254 3078 422 3124 Ordinis
438 3077 651 3121 Minorum
683 3080 815 3122 Saneti
834 3081 1032 3123 Francisci
1062 3083 1300 3135 Capucino-

256 3152 345 3180 rum
361 3149 687 3193 nuncupatorum
699 3170 715 3192 ,
730 3139 872 3194 gestari
889 3140 1047 3183 solitum
1060 3167 1076 3190 ‚
1094 3139 1158 3181 nisi
1178 3141 1214 3181 in
1231 3153 1307 3181 ea-‘

253 3196 350 3239 dem
365 3199 700 3254 Congregatione
712 3196 839 3240 essent
851 3228 865 3251 ,
889 3201 927 3241 &
941 3198 1011 3242 sub
1028 3197 1213 3240 moderni
1231 3227 1243 3248 a
1257 3200 1298 3240 δε

254 3270 333 3311 pro
360 3266 549 3311 tempore
562 3256 768 3299 existentis
788 3260 1006 3302 Generalis
1025 3256 1204 3313 ejusdem
1220 3259 1301 3299 Or·

257 3314 362 3356 dinis
377 3314 612 3357 obedientia
627 3344 641 3365 .,
663 3317 701 3356 δι
716 3329 814 3359 cura
834 3327 1122 3372 permanerent
1139 3345 1151 3367 ,
1174 3315 1300 3370 gesta-

258 3387 302 3414 re
317 3387 482 3430 quoquo
498 3374 624 3417 modo
640 3373 947 3430 praelitmerent,
963 3375 1177 3418 distric‘tius
1192 3375 1309 3415 inhi-·

256 3428 405 3473 buiffe:
434 3435 474 3475 δε
503 3435 573 3487 piae
601 3447 718 3475 mem.
743 3435 857 3476 Pium
886 3439 1035 3488 Papam
1056 3448 1115 3474 ιν.
1140 3435 1304 3476 etiam...-

257 3489 598 3534 Praedecefforem
613 3493 806 3544 nostrum,
824 3496 984 3537 Literas
1000 3491 1180 3545 ejusdem
1198 3495 1300 3535 Pau-

259 3547 286 3588 li
304 3547 602 3593 Praedecefforis
615 3551 896 3594 confirmando
912 3583 925 3605 ‚
956 3552 1117 3607 insuper
1140 3565 1218 3593 non
1237 3551 1300 3592 so-

259 3606 343 3648 lum
361 3633 376 3654 θ
392 3620 440 3648 sse
459 3608 637 3650 habitum
652 3612 882 3665 praedictum
900 3642 913 3663 ,
939 3611 1048 3668 juxta
1070 3612 1299 3653 Literarum

260 3663 377 3719 ipfius
396 3666 508 3706 Pauli
527 3668 827 3712 praedecessoris
848 3670 1073 3726 hujusmodi
1093 3682 1298 3720 tenorem,

260 3725 403 3766 verum
428 3724 550 3766 etiam
572 3754 585 3776 ,
609 3737 683 3768 nec
706 3729 758 3770 ita
775 3731 1048 3780 consimilem,
1081 3728 1188 3784 quod
1208 3742 1300 3782 pro—

258 3794 352 3840 pter
367 3796 459 3825 euru
476 3781 627 3839 poffent
644 3787 757 3831 credi
773 3790 938 3832 Fratres
954 3787 1296 3846 Congregationis

1359 1315 1693 1370 Capucinorum‚
1722 1313 1879 1369 gestare
1899 1315 2139 1367 deberent,
2166 1318 2236 1358 sub
2261 1317 2409 1359 eadem

1358 1374 1793 1415 excommunicationis
1811 1388 1930 1428 poena
1955 1388 2005 1416 eo
2025 1375 2108 1428 ipso
2132 1376 2378 1418 incurrenda
2393 1402 2408 1425 ‚

1355 1429 1621 1486 prohibuisset
1639 1459 1652 1471 .
1679 1433 1733 1471 Et
1759 1431 1945 1473 [imiliter
1958 1430 2028 1472 fel.
2046 1448 2133 1475 rec.
2151 1434 2407 1487 Gregorium

1354 1491 1435 1535 PP.
1453 1492 1572 1532 XIII.
1596 1490 1725 1533 etiam
1742 1488 2082 1534 Praedecefforem
2110 1495 2289 1535 nostrum
2307 1520 2320 1542 ,
2339 1492 2409 1533 Li-

1355 1561 1464 1592 teras
1481 1548 1822 1593 Praedecefforum
1844 1549 2098 1607 hujusmodi,
2119 1552 2213 1593 &in
2231 1551 2289 1594 eis
2313 1564 2411 1591 con-

1354 1619 1468 1652 tenta
1483 1623 1729 1665 quaecunque
1746 1623 1823 1665 pro
1838 1610 2024 1664 expreffis
2041 1610 2231 1652 habendo
2243 1639 2258 1662 ,
2292 1611 2332 1650 ὅ(
2348 1609 2411 1648 in-

1354 1668 1571 1718 novando,
1590 1672 1710 1710 Motu
1725 1668 1968 1723 proprioq&
1982 1684 2031 1711 ex
2045 1680 2160 1710 certa
2178 1669 2264 1725 ejus
2280 1668 2410 1708 scien-

1357 1727 1414 1768 tia
1430 1756 1444 1778 ,
1471 1724 1634 1769 eosdem
1651 1729 1819 1769 fratres
1835 1755 1848 1777 ‚
1872 1728 1941 1781 qui
1963 1728 2155 1769 Tertiarii
2177 1742 2226 1768 ex
2243 1725 2409 1768 Ordine

1357 1786 1701 1830 conventualium
1729 1787 1923 1828 dicuntur
1953 1814 1967 1836 ‚
2007 1801 2085 1828 non
2112 1785 2238 1828 solum
2266 1789 2403 1839 Capu-

1359 1846 1467 1887 cium
1498 1844 1719 1887 rotundum
1739 1874 1752 1896 ,
1780 1844 1844 1887 sed
1875 1846 2001 1886 etiam¹
2027 1846 2221 1887 Habitum
2251 1843 2408 1885 coloris

1360 1904 1541 1946 Beretini
1560 1932 1574 1954 ‚
1594 1905 1661 1946 seu
1686 1902 1967 1946 subcincericii
1989 1905 2039 1946 ad
2070 1904 2191 1944 instar
2213 1906 2405 1944 Fratrum

1359 1963 1588 2005 eorundem
1607 1962 1956 2005 Conventualium
1978 1989 1993 2011 a
2009 1960 2177 2004 deferre
2190 1961 2410 2011 deberent,

1361 2023 1415 2065 ita
1430 2051 1444 2073 ‚
1471 2032 1512 2062 ut
1543 2023 1563 2062 a
1585 2021 1795 2063 Fratribus
1811 2021 2033 2076 Capucinis
2052 2020 2173 2063 facile
2202 2020 2409 2062 discerne-

1359 2093 1507 2125 rentur
1522 2110 1536 2132 ,
1559 2079 1630 2123 sub
1647 2079 1801 2123 eisdem
1819 2081 1931 2123 Pauli
1953 2082 2027 2121 111.
2045 2109 2058 2131 ‚
2084 2082 2123 2121 &
2138 2080 2197 2122 Pii
2216 2082 2288 2121 IV.
2314 2093 2406 2136 poe-
2451 2102 2453 2105 ·

1360 2141 1417 2182 nis
1435 2169 1448 2189 ,
1473 2140 1556 2195 post
1571 2140 1635 2182 sex
1654 2138 1807 2181 menses
1835 2139 1917 2193 ipso
1936 2137 2038 2181 fatto
2055 2138 2311 2180 incurrendis
2329 2137 2407 2179 sta-

1359 2197 1472 2241 tuiffe
1486 2228 1500 2250 a
1526 2200 1566 2241 &
1583 2195 1781 2241 ordindffe
1800 2228 1809 2238 .
1842 2198 1995 2240 Verum
2011 2225 2024 2247 ‚
2052 2199 2143 2253 quia
2162 2197 2283 2239 iidem
2304 2198 2405 2237 Fra-

1358 2270 1448 2300 tres
1463 2286 1477 2308 ,
1496 2259 1562 2312 qui
1581 2256 1812 2300 Reformati
1829 2257 2176 2299 Conventualium
2193 2257 2402 2303 dicuntur,

1361 2319 1416 2360 ita
1441 2316 1666 2360 consimiles
1695 2316 1844 2358 eisdem
1873 2315 2083 2358 Fratribus
2104 2315 2321 2371 Capucinis
2347 2315 2406 2354 in-

1359 2376 1512 2419 cedere
1530 2378 1768 2430 praesumunt
1783 2403 1796 2424 a
1820 2385 1863 2414 ut
1881 2374 2014 2429 passim
2030 2375 2048 2414 a
2065 2375 2217 2428 populo
2232 2387 2308 2426 pro
2325 2376 2406 2414 Ca-

1359 2435 1514 2490 pucinis
1533 2436 1785 2482 habeantur,
1801 2447 1846 2473 ac
1863 2434 1945 2473 illis
1961 2443 2148 2486 tanquam
2165 2431 2405 2483 Capucinis‚

1360 2491 1628 2546 eleemosynae
1650 2518 1664 2541 ,
1688 2493 1728 2532 &
1744 2490 1975 2532 oblationes
1998 2488 2263 2531 conferantur
2281 2517 2295 2539 0
2323 2503 2401 2530 non

1356 2552 1438 2591 fine
1459 2552 1574 2601 gravi
1598 2548 1726 2605 plebis
1743 2547 1958 2590 offensione
1971 2576 1986 2598 0
2005 2549 2041 2588 &
2059 2546 2246 2591 scandalo
2262 2575 2275 2598 ‚
2304 2547 2411 2588 dum*

1357 2619 1603 2663 reputantur
1614 2607 1816 2663 Capucini
1830 2607 1933 2648 effe:
1961 2606 2123 2649 Idcirco
2147 2605 2404 2648 rationabile

1359 2667 1648 2718 existima-ntes,
1664 2678 1724 2717 ut,
1741 2665 1808 2721 qui
1828 2679 1876 2707 ex
1890 2665 2072 2706 instituto
2087 2666 2233 2720 regulae
2246 2690 2263 2713 ,
2277 2674 2403 2718 atque

1361 2729 1401 2769 in
1429 2729 1518 2770 vitae
1545 2725 1759 2782 Regularis
1775 2721 2040 2766 Observantia
2065 2722 2293 2765 uniformes
2320 2736 2397 2764 non

1364 2786 1450 2828 sunt
1465 2815 1478 2837 s
1493 2788 1614 2837 etjam
1631 2781 1802 2828 Habitus
1816 2782 2068 2825 distinetione
2082 2781 2371 2838 dignoscantur
2386 2797 2416 2831 ‚-

1363 2856 1490 2903 utque
1523 2841 1857 2889 praedecessorum
1901 2840 2126 2897 hujusmodi
2165 2844 2402 2884 Literarum

1358 2915 1617 2960 contemptus
1634 2931 1648 2953 ‚
1671 2904 1709 2944 ὃς
1740 2902 1991 2943 contumacia
2007 2928 2021 2951 3
2047 2899 2264 2942 severioris
2279 2899 2401 2941 disci-

1359 2965 1477 3019 plinae
1506 2959 1934 3010 censuraminveniat,
1960 2960 2012 3002 ad
2039 2959 2252 3002 evitandas
2276 2959 2401 3000 etiam

1363 3022 1609 3066 consutiones
1624 3051 1637 3072 ,
1657 3023 1694 3062 δι
1706 3020 1989 3061 contentiones
2003 3047 2016 3069 ,
2038 3033 2124 3074 quae
2137 3017 2285 3060 exinde
2298 3015 2401 3059 oriri

1362 3081 1515 3138 possent
1529 3094 1545 3134 3
1575 3083 1663 3123 Hac
1679 3077 1813 3121 nostra
1829 3080 2030 3132 perpetuo
2049 3079 2221 3120 valitura
2237 3079 2326 3118 Con
2335 3076 2400 3116 sti-

1355 3143 1534 3191 tutione,
1546 3138 1711 3194 lingulas
1728 3135 2068 3181 Praedecefforum
2085 3134 2311 3191 hujusmodi
2333 3134 2401 3176 Li-

1357 3212 1470 3243 teras
1488 3230 1501 3251 ,
1527 3200 1565 3240 &
1587 3199 1626 3240 in
1655 3198 1712 3239 eis
1739 3207 1932 3239 contenta
1955 3208 2199 3252 quaecunque
2227 3206 2303 3246 pro
2329 3206 2401 3233 ex-

1360 3259 1497 3315 preffis
1515 3258 1711 3300 habentes
1728 3285 1742 3307 ‚
1770 3257 1805 3296 3:
1824 3256 1967 3299 harum
1985 3254 2086 3296 serie
2102 3252 2369 3307 approbantes
2385 3279 2399 3302 ‚

1360 3321 1397 3361 δι
1411 3317 1700 3360 confirmantes
1713 3344 1726 3366 ‚
1743 3325 1864 3369 atque
1881 3316 2005 3356 etiam
2021 3315 2264 3353 innovantes
2279 3337 2293 3359 a
2310 3313 2396 3352 Mo.

1359 3389 1406 3421 tu
1423 3378 1544 3420 etiam
1563 3375 1677 3417 fimiti
1693 3402 1706 3423 ,
1732 3375 1770 3413 &
1789 3386 1836 3413 ex
1853 3384 1964 3415 certa
1981 3371 2143 3413 scientia
2165 3370 2296 3411 nostra
2324 3368 2400 3413 sta-

1359 3434 1506 3479 tuimus
1520 3465 1533 3487 ,
1562 3436 1600 3475 ὃς
1614 3433 1877 3483 ordinamur,
1902 3430 2008 3486 quod
2027 3443 2075 3472 ex
2093 3443 2197 3471 nunc
2210 3427 2263 3469 de
2279 3438 2415 3469 caete-·

1359 3511 1409 3539 ro
1435 3494 1644 3551 perpetuis
1673 3489 1818 3533 futuris
1847 3489 2099 3545 temporibus
2128 3516 2142 3538 .,
2172 3485 2398 3542 hujusmodi

1360 3558 1526 3599 Fratres
1545 3550 1806 3599 Reformati,
1835 3562 1914 3590 non
1945 3546 2068 3589 solum
2091 3547 2134 3588 -in
2153 3548 2296 3596 Urbe,
2327 3543 2397 3585 sed

1359 3615 1482 3656 etiam
1509 3611 1656 3666 ubique
1676 3612 1879 3651 [osorum
1907 3621 1978 3661 per
1995 3604 2225 3648 universum
2239 3605 2398 3646 Orbem

1358 3672 1573 3714 existentes
1589 3695 1601 3717 ‚
1618 3679 1662 3709 ut
1681 3666 1778 3707 ver'e
1794 3693 1807 3715 a
1826 3666 2048 3708 &realiter
2064 3666 2085 3706 a
2101 3664 2319 3719 Capucinis
2336 3661 2397 3702 di-

1359 3731 1607 3786 stinguantur
1631 3756 1645 3777 a
1672 3727 1708 3766 &
1739 3723 2025 3778 dignoscantur
2051 3753 2064 3775 ,
2092 3735 2240 3780 praeter
2257 3727 2398 3776 Capu-

1357 3791 1464 3833 cium
1490 3788 1646 3844 penitus
1675 3783 1895 3827 rotundum
1911 3813 1925 3835 ,
1946 3786 1987 3826 δε
2011 3782 2194 3827 colorem
2221 3781 2397 3824 bereni-

2214 3856 2310 3884 mun
2322 3870 2338 3894 ‚
