2658 4244
985 194 1163 281 Sub·
1203 191 1582 280 Clemente
1612 202 1616 207 ’
1643 194 1744 281 Χ.

300 321 504 363 Ree'tores
519 343 534 367 2
556 317 596 358 &
610 312 736 360 Verbi
757 309 829 358 Dei
850 309 1134 356 Praedicatores
1152 339 1166 361 ‚
1197 321 1240 353 ut
1264 311 1334 353 in-‚

305 377 383 420 suis
398 374 561 434 quisque
578 374 779 426 Eoelefiis,
789 385 883 414 cum
897 370 1069 426 populus
1085 369 1335 426 frequentior

304 435 425 480 fuerit
439 463 454 486 2
480 437 688 490 praesentes
706 434 843 476 literas
862 459 876 482 ,
901 444 947 472 ac
961 429 1092 471 omnia
1112 428 1151 469 in
1166 429 1222 471 eis
1237 442 1334 470 con-

303 506 418 537 tenta
431 495 652 549 publicent,
669 495 710 534 &
724 489 916 547 publicari
927 486 1096 539 faciant,
1112 501 1157 529 ac
1171 501 1333 530 omnem

303 553 455 595 eisdem
485 550 693 606 Religiofis
728 548 935 598 favorem,
964 549 1004 588 &
1034 546 1230 589 auxilium
1260 546 1335 589 in..-

302 610 500 668 praemiffis
544 608 721 666 praestent
747 638 758 649 .
795 607 989 650 Volumus
1014 616 1151 648 autem
1181 634 1194 657 ‚
1225 605 1336 662 quod

303 668 553 729 praesentium
568 665 835 722 tranfiimptiS‚
849 667 972 708 etiam
989 665 1199 720 implestis,
1213 678 1333 707 manu

298 728 460 772 Notar'ii
478 724 868 782 publicisubscriptis
885 752 902 775 ·,
926 727 966 766 &
990 725 1134 780 sigillo
1159 724 1333 780 personae

300 788 342 828 in
364 785 563 840 dignitate
586 783 1112 827 Ecclefiastica-constitutae
1142 784 1331 836 munitis,

299 843 440 888 eadem
457 841 592 897 prosus
616 841 715 885 fides
727 842 969 885 adhibeatur
982 873 998 894 ‚
1026 858 1110 899 quae
1129 844 1331 898 praesenti-

299 904 370 945 bus
385 901 700 952 adhiberetur‚fi
718 904 852 944 forent
868 903 1057 945 exhibitae
1076 903 1140 946 vel
1155 901 1331 957 ostensae,

294 962 552 1018 praesentibus
587 960 641 1002 ad
674 959 924 1016 septennium
952 961 1107 1003 tantum
1136 961 1219 1018 post
1243 962 1331 1004 ela-

295 1019 408 1077 psum
419 1019 568 1062 dictum
582 1019 896 1076 annumJubilaei
915 1020 1115 1062 valituris.

355 1082 510 1121 Datum
525 1082 664 1122 Romae
685 1078 790 1135 apud
809 1082 847 1121 S.
865 1080 1036 1122 Mariam
1055 1080 1250 1137 Major-em
1265 1080 1331 1123 sub

295 1138 462 1183 ‘Annulo
478 1137 690 1180 Piscatoris
704 1168 718 1189 ,
737 1137 892 1187 diexxi
907 1152 920 1180 t
936 1153 967 1181 ι.
983 1142 1097 1195 Sept.
1111 1153 1328 1184 Muctxxv.

297 1195 561 1239 Pontificatus
577 1197 713 1239 Nostri
735 1199 857 1239 Anno
871 1211 892 1240 v
903 1211 937 1240 1.

294 1313 391 1354 Duo
417 1308 558 1355 Brevia
569 1313 755 1371 formata
779 1316 822 1355 In
850 1315 1017 1357 Archivo
1032 1315 1214 1370 generali
1235 1316 1330 1359 Ord.

417 1374 521 1414 Tom.
537 1375 590 1414 H.
605 1376 658 1415 H.
686 1385 779 1415 num
792 1383 863 1426 53.

531 1557 1095 1625 NOTA.

400 1699 658 1744 Temporedati
672 1699 772 1746 hujus
787 1698 983 1745 Apostolici
1000 1700 1117 1737 Brevis
1140 1701 1241 1738 durat
1264 1701 1334 1738 haec

411 1745 607 1781 Miffionum
624 1746 851 1782 faciendarum
870 1747 1013 1784 facultas
1023 1773 1037 1792 ,
1048 1748 1176 1797 semper
1189 1749 1334 1796 provide

294 1803 457 1831 renovata
472 1806 483 1828 ι
500 1794 722 1839 indulgentiae
736 1807 849 1832 autem
858 1795 952 1832 fni-re
967 1797 1126 1841 extensae‚
1140 1811 1218 1834 cum
1237 1801 1334 1835 lnno-

289 1843 423 1878 centius
441 1844 500 1879 Xl.
515 1855 571 1878 eas
585 1842 756 1881 defunftis
771 1856 829 1891 per
843 1845 981 1880 modum
1004 1844 1152 1890 suffragii
1170 1846 1335 1893 applicari

291 1891 410 1974 alolfe?
423 1891 598 1927 indulstrit
613 1916 627 1936 ‚
642 1903 747 1939 prout
765 1905 850 1929 mox
859 1893 948 1929 inter
963 1893 1035 1940 ejus
1049 1894 1223 1931 videbitur
1235 1894 1335 1935 Con-

338 1947 506 1974 tutiones.

301 1731 306 1750 <

1020 2085 1310 2099 -ψ

294 2233 785 2306 OrdinandiCapitula
816 2235 1136 2306 sesquiennalia
1183 2237 1336 2289 secun-

322 2311 438 2361 dum
466 2311 810 2360 Provinciarum
834 2311 1140 2379 exigentiam,
1173 2314 1223 2361 P.
1243 2312 1335 2360 Mi-

321 2381 463 2432 nistro
481 2382 697 2430 Generali
715 2378 978 2429 facultatem
998 2380 1159 2430 tribuit
1177 2417 1192 2439 ‚
1211 2379 1260 2431 ὅ(
1279 2381 1334 2430 ab

323 2455 436 2503 Hoc
453 2487 469 2508 ‚
498 2449 544 2500 ὅτ
560 2468 649 2498 non
669 2450 695 2498 ἃ
712 2452 961 2503 Provinciis
977 2453 1252 2516 exigentiam
1272 2464 1337 2498 ta-

325 2521 421 2568 lem
438 2520 730 2569 determinati
747 2517 910 2567 debere
927 2554 944 2576 ,
968 2519 1168 2568 declarat
1180 2555 1192 2567 .

413 2706 816 2755 CLEMENS
873 2707 1090 2754 PAPA
1141 2707 1206 2755 X.

464 2825 532 2863 Ad
548 2829 781 2877 perpetuam
811 2822 871 2863 rei
902 2825 1150 2865 memoriam.

431 2937 571 2981 Udum
601 2936 671 2979 fel.
684 2950 772 2978 rec.
788 2935 982 2978 Clemens
997 2941 1102 2994 Papa
1120 2941 1194 2980 lx.
1226 2953 1328 2995 prae-

440 2995 618 3038 deceflor
647 2996 782 3037 noster
816 2995 992 3048 quaedam
1012 3000 1192 3038 Decreta
1214 3028 1229 3048 ,
1261 2998 1327 3040 seu

283 3054 477 3110 Capitula
504 3055 544 3096 in
561 3054 757 3109 Capitulo
772 3053 968 3095 Generali
989 3058 1175 3097 Fratrum
1193 3058 1327 3099 Mino·

283 3127 372 3155 rum
389 3114 518 3158 Sanffi
535 3110 734 3155 Francisci
748 3113 1051 3166 Capucinorum
1077 3127 1328 3170 nuncupato-

282 3185 372 3214 rum
388 3169 489 3213 fat‘ta
507 3204 523 3224 ,
543 3173 584 3212 &
598 3170 790 3219 stabilita,
808 3171 971 3213 &inter
987 3172 1062 3215 alia
1074 3188 1192 3215 unum
1206 3203 1220 3223 ,
1242 3189 1325 3230 quo

281 3230 505 3273 cavebatur
522 3260 536 3282 ,
563 3240 605 3271 ut
620 3227 811 3284 Capitula
829 3231 1098 3274 Provincialia
1115 3261 1130 3284 ‚
1153 3246 1236 3287 quae
1255 3248 1325 3276 an-

281 3301 358 3331 nua
370 3300 486 3331 erant
498 3317 511 3340 ‚
532 3291 573 3330 in
587 3287 783 3344 posterum
795 3288 952 3329 tantum
965 3288 1108 3332 fierent
1130 3290 1183 3333 de
1195 3292 1324 3333 trien-

281 3347 348 3388 nio
359 3348 400 3389 in
415 3347 638 3390 triennium
658 3377 672 3398 ‚
700 3347 739 3387 &
756 3344 914 3400 lingulis
931 3348 1043 3389 annis
1072 3347 1189 3391 fieret
1214 3353 1323 3392 Con-

281 3406 464 3459 gregatio
493 3405 734 3450 intermedia
757 3433 770 3456 ,
801 3406 1059 3448 Auffloritate
1091 3407 1323 3463 Apostolica

280 3461 531 3507 confirmavit
545 3496 560 3516 ‚
583 3466 621 3507 &
637 3464 905 3520 approbavit,
927 3466 964 3506 &
989 3464 1084 3507 alias
1100 3497 1114 3517 ,
1133 3477 1256 3522 prout
1281 3468 1323 3509 in

280 3519 398 3576 ipsius
409 3522 634 3566 Clementis
649 3523 942 3578 praedecessoris
954 3524 1082 3566 literis
1098 3524 1268 3582 desuper
1280 3527 1321 3569 in

279 3578 396 3620 simili
429 3577 555 3624 forma
582 3583 723 3624 Brevis
753 3581 820 3625 die
854 3597 912 3625 tx.
941 3586 1055 3639 Sept.
1074 3579 1320 3627 MDCva'tr.

279 3636 481 3692 expeditis
495 3670 509 3690 ‚
541 3654 708 3694 quarum
739 3652 926 3684 tenorem
956 3641 1214 3697 praesentibus
1246 3659 1319 3698 pro

278 3696 426 3749 plene,
451 3699 490 3738 &
506 3697 750 3742 sufficienter
779 3698 987 3757 expresso,
1016 3703 1056 3743 δε
1077 3703 1228 3745 inserto
1245 3704 1316 3744 ha-

274 3754 363 3797 beri
383 3757 587 3810 volumus5
607 3758 766 3818 uberius
781 3762 1040 3821 continetur.
1060 3763 1214 3805 Verum
1229 3761 1317 3816 sub-¹

1396 310 1491 354 inde
1518 313 1605 352 Nos
1631 310 1680 352 ad
1712 304 1936 351 instantiam
1964 314 2055 354 bon.
2073 314 2434 367 mem.12ederici‚

1394 370 1494 413 dum
1511 367 1636 418 vixit,
1648 371 1687 410 S.
1705 370 1757 410 R.
1773 369 1819 408 E.
1834 368 2061 413 Cardinalis
2076 374 2265 415 Boromaei
2281 388 2433 417 nuncu..

1393 429 1495 484 pati,
1509 426 1602 469 dieti
1617 426 1783 468 Ordinis
1799 425 1904 482 apud
1923 430 2006 469 Nos
2023 456 2037 479 2
2049 433 2087 471 &
2103 431 2246 474 sedem
2264 433 2435 489 Apostoa

1392 487 1515 529 licam
1545 485 1816 536 Frontem-is,
1847 484 2047 541 praediecas
2073 489 2295 534 Clementis
2333 506 2433 546 prae-

1392 545 1612 588 decessoris
1641 544 1782 587 literas
1810 543 1848 586 in
1877 545 2079 587 nonnullis
2094 560 2230 590 earum
2245 549 2434 593 articulis

1397 602 1667 646 diversimode
1682 604 1882 645 moderati
1899 602 2028 645 sumus
2044 633 2059 655 ‚
2090 605 2248 649 &inter
2267 609 2342 652 alia
2358 608 2438 650 dis-

1394 662 1682 719 pensavimus‚
1714 673 1757 704 ut
1787 662 2272 718 CapitulaProvincialia
2305 665 2439 723 hujus-

1391 722 1503 766 modi
1521 721 1670 764 fierent
1694 720 1911 764 secundum
1940 721 2185 777 exigentiam
2202 726 2440 767 Provincia-

1392 796 1484 825 rum
1499 810 1513 833 ‚
1535 780 1652 837 super
1665 796 1747 837 quo
1763 780 1891 837 posset
1909 781 2094 824 Minister
2106 784 2319 827 Generalis
2335 782 2440 839 ejus-

1391 840 1488 883 dem
1510 841 1676 884 Ordinis
1700 839 1814 896 juxta
1841 839 2114 883 neceffitatem
2141 839 2440 885 concedere-fa.

1391 899 1589 942 cultatem
1603 912 1618 952 3
1646 901 1686 940 &
1698 898 2047 955 quemadmodum
2060 900 2172 942 dictae
2188 900 2314 941 literae
2327 899 2443 941 ordi-

1388 960 1538 1002 nabant
1551 987 1566 1010 a
1596 968 1641 1001 ut
1656 957 1849 1014 Capitula
1866 955 2002 1001 forent
2014 957 2228 1001 triennalia
2239 987 2255 1008 ,
2274 959 2314 998 in
2331 955 2444 998 futu-

1394 1032 1483 1061 rum
1493 1017 1640 1060 fierent
1653 1018 1707 1060 de
1717 1016 1950 1074 sesquianno
1965 1019 2002 1060 in
2016 1016 2295 1073 sesquiannum
2309 1045 2325 1065 ,
2350 1014 2442 1057 sub.

1393 1077 1486 1119 latis
1519 1075 1914 1133 Congregationibus
1945 1073 2201 1118 intermediis
2232 1103 2246 1126 ‚
2274 1077 2312 1115 &
2344 1073 2442 1116 alias

1391 1145 1512 1192 prout
1529 1136 1566 1177 in
1582 1136 1713 1178 literis
1728 1134 1907 1191 ejusdem
1921 1135 2105 1178 Federici
2121 1132 2355 1176 Cardinalis
2373 1162 2387 1184 ‚
2402 1135 2443 1176 &

1389 1195 1634 1240 Protestoris
1651 1193 1825 1248 desuper
1838 1193 1906 1236 die
1922 1190 2441 1251 xxv111.Juliimncixx1.

1389 1254 1583 1297 emanatis
1598 1253 1747 1295 dicitur
1760 1253 1982 1295 contineri.

1446 1315 1555 1354 Cum
1581 1321 1718 1354 autem
1735 1339 1748 1361 ,
1779 1312 1877 1352 ficut
1903 1313 2041 1355 dilecti
2058 1313 2147 1354 Filii
2164 1311 2392 1365 Stephanus
2419 1307 2443 1349 a

1390 1369 1551 1412 Cesena
1578 1369 1762 1412 Minister
1776 1371 2019 1421 Generalis,
2047 1372 2087 1411 &
2115 1374 2395 1412 Bonaventura
2418 1365 2442 1407 a.

1391 1427 1600 1470 Recineto
1616 1431 1862 1469 Procurator
1875 1428 2087 1471 Generalis
2105 1427 2269 1470 Ordinis
2291 1424 2444 1479 praefati

1392 1485 1520 1528 Nobis
1544 1497 1671 1539 nuper
1701 1485 1848 1539 exponi
1871 1485 2055 1528 fecerunt
2077 1515 2090 1536 ,
2119 1485 2214 1528 licet
2244 1483 2324 1539 ipse
2348 1488 2444 1526 Ste-

1391 1543 1541 1600 phanus
1579 1542 1758 1585 Minister
1784 1544 2000 1587 Generalis
2024 1544 2165 1597 vigore
2190 1541 2443 1584 moderatio-

1388 1603 1451 1645 nis
1465 1631 1480 1651 ‚
1504 1601 1583 1644 five
1606 1599 1911 1656 dispensationis
1926 1603 1946 1643 a
1966 1602 2093 1645 Nobis
2109 1632 2123 1654 ‚
2151 1601 2247 1644 ficut
2265 1602 2448 1657 praemit-

1392 1661 1493 1701 titur
1510 1687 1524 1710 ,
1539 1657 1726 1700 conceffae
1753 1658 1902 1701 abinde
1917 1661 2200 1714 procuraverit
2217 1687 2230 1710 ,
2263 1672 2306 1701 ut
2330 1673 2446 1701 com-

1392 1718 1569 1759 muniter
1583 1730 1724 1758 omnes
1743 1717 1960 1760 Provinciae
1987 1718 2166 1775 ejusdem
2180 1716 2346 1758 Ordinis
2361 1720 2445 1759 Ca-

1395 1776 1520 1834 pitula
1538 1775 1840 1829 sesquiennalia,
1855 1773 2019 1819 sublatis
2040 1775 2444 1831 Congregationibus

1395 1834 1651 1878 intermediis
1671 1833 1936 1878 celebrarent
1955 1862 1968 1886 ‚
1993 1837 2143 1891 quippe
2168 1836 2237 1891 qui
2265 1833 2305 1876 id
2333 1838 2443 1876 bono

1395 1894 1597 1936 communi
1631 1893 1754 1947 magis
1786 1893 1981 1949 expedire
2013 1893 2285 1950 cognoverit,
2317 1892 2443 1934 nihil-

1393 1953 1551 1996 ominus
1577 1950 1663 2007 post
1692 1952 1851 1993 obitum
1880 1957 2093 1994 memorati
2125 1951 2310 1994 Federici
2339 1955 2442 1992 Car·

1393 2010 1541 2053 dinalis
1563 2038 1578 2061 ,
1607 2011 1644 2051 &
1679 2010 1923 2051 Protectoris
1950 2008 1973 2051 ἃ
2004 2009 2208 2052 nonnullis
2237 2008 2351 2063 super
2379 2011 2440 2050 in-

1395 2070 1567 2113 tellectu
1583 2067 1805 2110 verborum
1818 2096 1832 2118 ‚
1854 2068 2001 2123 qnibus
2016 2069 2122 2112 dieta
2152 2066 2377 2110 moderatio
2392 2069 2441 2107 sl-

1395 2143 1448 2172 ve
1471 2126 1713 2184 dispensatio
1738 2127 1895 2181 vulgari
1912 2127 2058 2169 Italico
2085 2126 2264 2169 idomate
2289 2140 2441 2169 conce-

1394 2199 1464 2245 pta
1478 2186 1554 2231 fnit
1570 2215 1584 2236 ,
1606 2195 1714 2228 mota
1731 2183 1854 2226 fuerit
1873 2185 2006 2240 aliqua
2033 2185 2279 2228 difficultas:
2304 2199 2352 2227 an
2369 2184 2442 2225 sci-

1395 2250 1493 2290 licet
1527 2245 1698 2288 Ministri
1732 2244 2006 2287 Provinciales
2040 2245 2233 2300 Capitula
2262 2244 2442 2286 trienna-

1395 2307 1448 2349 lia
1469 2319 1560 2346 cum
1577 2303 1980 2358 Congregationibus
2006 2303 2259 2345 intermediis
2288 2303 2442 2344 retine-

1395 2380 1438 2408 re
1462 2363 1633 2419 poffint?
1665 2365 1729 2403 An
1755 2363 1853 2404 vero
1878 2362 1962 2417 post
1980 2362 2172 2417 ejusmodi
2190 2361 2442 2403 moderatio-

1394 2436 1486 2464 nem
1517 2420 1640 2462 fuerit
1660 2449 1675 2470 2
1694 2421 1735 2459 &
1762 2419 1806 2460 sit
1829 2419 2009 2461 absolute
2036 2418 2252 2461 neceffarIa
2275 2419 2442 2460 licentia

1397 2477 1567 2520 Ministri
1590 2477 1804 2518 Generalis
1833 2476 1881 2518 ad
1910 2477 2124 2519 retinenda
2150 2477 2190 2518 in
2217 2477 2441 2519 Provinciis

1392 2535 1583 2589 Capitula
1608 2533 1822 2576 triennaiia
1840 2563 1855 2584 ,
1883 2536 1923 2574 &
1938 2536 2293 2591 Congregationes
2309 2535 2438 2576 inter-

1392 2593 1540 2637 medias
1562 2590 1787 2649 hujusmodi
1805 2594 1818 2633 ?
1844 2594 1932 2643 Ac,
1945 2603 2083 2636 utrum
2101 2593 2280 2635 Minister
2294 2596 2438 2635 Gene-

1392 2653 1488 2696 ralis
1516 2653 1556 2693 in
1583 2651 1661 2692 vim
1689 2650 2008 2699 moderationis,
2034 2651 2113 2692 five
2132 2649 2438 2705 dispensationis

1395 2708 1617 2767 hujusmodi
1633 2709 1812 2764 potuerit
1826 2735 1839 2758 ‚
1859 2711 1899 2750 δι
1915 2709 2027 2762 poffit
2054 2708 2302 2764 adstringere
2336 2713 2435 2752 Pro-

1395 2771 1572 2820 vincias,
1598 2768 1646 2810 ad
1661 2767 1853 2822 Capitula
1866 2767 1919 2808 de
1933 2765 2166 2823 sesquianno
2181 2768 2222 2808 in
2239 2766 2437 2822 sesquian-
2501 2764 2505 2768 ’

1393 2844 1488 2872 num
1520 2858 1535 2879 ,
1589 2825 1754 2869 sublatis
1791 2827 2192 2881 Congregationibus
2240 2826 2438 2868 interme·-

1384 2888 1465 2930 diis
1501 2916 1515 2938 ,
1557 2884 1803 2929 celebranda
1838 2914 1853 2935 ,
1911 2894 2034 2940 prout
2080 2887 2284 2927 communi
2334 2885 2434 2939 ipsa-

1386 2961 1478 2988 rum
1505 2944 1815 2987 Provinciarum
1841 2946 1946 2986 bono
1970 2945 2093 2999 magis
2114 2943 2308 2998 expedire
2324 2943 2432 3000 judi-

1386 3005 1573 3047 caverit?
1603 3002 1730 3045 Nobis
1756 3013 1971 3059 propterea
1996 3004 2226 3059 Stephanus
2246 3003 2430 3044 Minister

1386 3062 1605 3106 Generalis
1621 3092 1636 3112 ,
1660 3062 1700 3102 &
1716 3064 1999 3104 Bonaventura
2018 3063 2268 3103 Procurator
2289 3064 2430 3103 Gene-

1387 3121 1485 3164 ralis
1500 3119 1648 3177 praefati
1669 3119 1876 3162 humiliter
1894 3119 2107 3176 supplicari
2134 3119 2320 3160 fecerunt
2338 3146 2351 3168 ,
2380 3127 2430 3160 ut

1387 3182 1426 3222 in
1448 3179 1643 3236 praemissis
1669 3178 1896 3234 opportune
1924 3179 2142 3234 providere
2164 3177 2218 3218 de
2241 3177 2430 3230 benigni-'-

1385 3249 1468 3281 tate
1501 3237 1733 3293 Apostolica
1760 3236 2020 3294 dignaremur
2040 3265 2051 3276 .
2081 3238 2169 3276 Nos
2196 3235 2322 3289 igitur
2351 3249 2427 3290 pro

1385 3297 1580 3354 peculiari
1603 3295 1736 3338 nostro
1763 3297 1801 3338 in
1830 3295 2027 3338 Ordinem
2044 3292 2274 3348 praedictum
2289 3305 2428 3348 pater-

1385 3372 1440 3398 nae
1457 3356 1663 3398 charitatis
1689 3354 1831 3397 affec‘iu
1850 3384 1865 3404 ,
1892 3366 2057 3394 omnem
2080 3352 2119 3392 in
2138 3351 2336 3406 pra-mitiis
2351 3352 2429 3395 du-

1385 3415 1576 3457 bietatem
1589 3443 1600 3466 ‚
1612 3429 1665 3456 ne
1680 3412 1828 3455 exinde
1843 3411 2028 3465 religiosa
2045 3410 2318 3466 tranquillitas
2334 3425 2426 3467 per—

1382 3473 1571 3516 turbetur
1591 3504 1605 3524 ,
1632 3471 1780 3514 tollere
1797 3499 1812 3519 ‚
1839 3471 2121 3524 dictorumque
2138 3469 2329 3525 Stephani
2346 3470 2428 3511 Mi-

1381 3533 1487 3574 nistri
1503 3529 1716 3574 Generalis
1733 3560 1748 3580 ,
1771 3532 1811 3571 &
1831 3531 2117 3571 Bonaventurae
2140 3530 2425 3570 Procuratoris

1379 3590 1595 3634 Generalis
1625 3588 1727 3631 votis
1767 3587 2047 3630 favorabiliter
2075 3602 2252 3630 annuere
2279 3590 2423 3629 volen-

1379 3651 1500 3699 tes,&
1515 3662 1655 3691 eorum
1670 3647 1885 3702 singulares
1900 3647 2088 3702 personas
2102 3647 2122 3688 :i
2136 3646 2337 3704 quibusvis
2349 3655 2425 3688 ex*

1374 3706 1748 3751 communicationis
1760 3708 1836 3747 &c-
1852 3705 2020 3762 aliisque
2034 3706 2318 3749 Ecclesiasticis
2334 3706 2422 3747 sen-·

1375 3768 1532 3818 tentiis,
1546 3765 1735 3818 censuris,
1750 3767 1788 3808 &
1802 3765 1934 3822 poenis
1951 3765 1973 3808 ἃ
1991 3764 2082 3824 jure
2095 3795 2111 3817 ,
2135 3766 2200 3809 vel
2219 3766 2268 3808 ab
2291 3765 2422 3809 homi-

2315 3838 2367 3867 ne
