2658 4244
403 197 552 262 182

331 298 525 356 verpiensi
545 328 558 350 ,
589 294 710 353 quam
726 295 812 355 ejus
828 297 939 354 gregi
967 297 1180 340 Dominico
1202 296 1369 340 salubri-

329 367 394 400 ter
407 356 628 414 providere
642 385 656 407 ‚
690 357 751 399 Te
766 386 780 409 ‚
811 356 909 401 iicet
923 356 1129 400 absentem
1145 387 1159 408 ‚
1190 359 1210 398 a
1229 359 1370 399 vincu-

327 416 369 457 lo
385 446 398 468 ‚
412 430 494 472 quo
511 415 696 459 Ecclefiae
715 416 934 459 Tricalensi
950 446 964 467 ‚
982 417 1045 459 cui
1061 424 1155 458 tunc
1170 430 1339 472 praeeras
1353 443 1367 466 ‚

327 476 537 518 tenebaris
555 500 568 525 ‚
611 477 663 517 de
709 478 898 519 Fratrum
943 474 1183 518 eorumdem
1241 474 1368 518 consi-

324 532 381 574 lio
399 562 414 584 ,
446 536 485 574 ἃ.
514 533 756 591 Apostolicae
772 535 986 577 Potestatis
1007 534 1264 592 plenitudine
1298 534 1367 575 ab-

321 589 527 635 solventes
549 621 564 643 ,
597 595 657 634 Te
689 594 738 634 ad
773 592 996 636 Ecciefiam
1026 594 1365 648 Aritverpiensem

323 652 551 706 praedic‘tam
565 679 578 702 ‚
610 650 662 692 de
680 650 791 693 simili
810 653 976 694 consilio
991 682 1004 703 ‚
1035 652 1265 706 Aposto'iica
1283 654 1381 692 Au··

320 711 511 751 ctoritate
537 708 812 753 transferimus
831 737 846 761 ‚
879 713 1020 766 Teque
1042 711 1101 753 illi
1132 711 1170 751 in
1201 707 1364 765 Episco-

320 782 418 823 pum
433 767 668 824 praeficimus
684 797 699 819 ‚
731 769 987 810 &Pastorem
1011 798 1024 819 ,
1057 781 1197 810 curam
1214 796 1228 817 ‚
1258 766 1366 821 regi·

318 840 414 868 men
432 855 446 878 ,
478 829 515 868 ὅ(
533 825 915 869 administrationem
932 826 1044 883 ipsius
1062 826 1243 868 Ecclesiae
1256 827 1363 865 Ant-

318 884 535 941 verpienfis
553 883 645 928 Tibi
662 886 700 928 in
718 885 1004 938 spiritualibus,
1019 883 1361 938 &temporalibus

314 944 499 1001 plenarie
517 945 839 995 committendo,
870 943 1122 999 liberamque
1137 941 1210 983 tibi
1225 940 1276 983 ad
1300 940 1362 982 di-

313 1003 415 1051 clam
445 1000 667 1044 Ecclesiam
687 1002 1025 1057 Antv'erpiensem
1058 999 1290 1043 transeundi
1313 999 1362 1042 li-

313 1061 485 1103 centiam
503 1060 749 1111 tribuendo,
782 1058 893 1102 firma
910 1059 1001 1114 spe,
1019 1054 1246 1113 fiduciaque
1261 1071 1360 1100 con-

312 1120 444 1174 ceptis
462 1147 477 1169 ,
507 1119 616 1174 quod
644 1117 818 1161 dexteri
848 1119 1013 1161 Domini
1030 1117 1102 1158 tibi
1120 1115 1358 1160 affistente-,v

310 1177 515 1235 propitia,
546 1176 732 1232 praedic'ia
749 1172 927 1219 Ecclesia
944 1174 1253 1231 Antverpienfis
1281 1189 1354 1229 per

310 1248 388 1282 tuae
413 1234 782 1292 circumspectionis
806 1235 1045 1278 industriam
1066 1263 1079 1286 ‚
1110 1237 1149 1276 &
1184 1233 1354 1278 studium

251 1314 254 1318 ⁴
307 1293 552 1337 fructuosum
586 1304 754 1349 regetur
780 1294 968 1346 utiliter,
998 1292 1239 1350 &prospere
1255 1292 1350 1335 diri·

309 1364 458 1411 getur,
490 1366 538 1395 ac
566 1364 679 1409 grata
718 1355 755 1396 in
803 1350 955 1396 eisdem
986 1352 1257 1410 spiritualibus
1271 1383 1286 1403 ,
1317 1354 1357 1394 &

308 1412 606 1467 temporalibus
623 1411 803 1467 suscipiet
822 1414 1102 1455 incrementa.

366 1471 579 1527 roirc'a
614 1471 884 1514 Fraternitati
915 1481 990 1512 tuae
1005 1485 1077 1525 per
1091 1470 1354 1526 Apostolicas

307 1527 453 1584 scripta
467 1529 704 1570 mandamus
720 1555 734 1577 ,
757 1538 961 1583 quatenus
975 1528 1026 1570 ad
1045 1528 1192 1570 dic'tam
1207 1529 1354 1571 Eccle-

307 1587 399 1630 fiam
419 1587 758 1642 Antverpiensem
775 1601 866 1628 cum
882 1588 1010 1641 gratia
1029 1588 1166 1628 nostrae
1187 1587 1355 1629 benedi-

307 1643 454 1688 &ionis
465 1644 666 1687 accedens
680 1672 695 1695 ,
715 1652 853 1685 curam
869 1673 884 1694 ,
906 1646 947 1685 δε
962 1643 1353 1687 administrationem

1027 1804 1302 1873 No

946 163 1106 269 Sub
1171 166 1567 270 Benedielo
1630 174 1843 267 XIII.

1429 296 1636 354 praedic'tas
1652 295 1703 337 fic
1723 305 1918 338 exercere
1934 290 2092 334 studeas
2109 286 2278 339 ibuici'te
2295 325 2310 347 ‚
2339 295 2471 338 fideli-

1430 369 1494 400 ter
1510 385 1525 408 ,
1548 358 1587 397 &
1603 355 1827 412 prudenter
1843 382 1856 404 ,
1868 351 1977 409 quod
1994 350 2141 393 exinde
2156 351 2301 407 sperati
2318 355 2467 398 studius

1427 417 1667 472 proveniant
1684 442 1697 464 ,
1713 415 1752 454 &
1765 424 1840 455 tuae
1860 414 1968 454 bonae
1985 408 2094 451 famae
2106 410 2214 453 odor
2229 424 2277 455 ex
2292 412 2370 457 tuis
2384 415 2472 456 lau-

1426 475 1626 518 dabilibus
1642 473 1792 515 affibus
1811 471 1930 512 latius
1949 468 2223 521 diffundatur,
2249 470 2470 528 dietaque-2

1429 535 1610 576 Ecclesia
1632 528 1937 585 Antverpiensis
1965 529 2247 571 Gubernatori
2267 532 2468 584 providO,

1426 595 1464 634 δε
1479 591 1680 637 fructuoso
1699 588 2012 633 administratori
2031 589 2207 643 gaudeat
2233 587 2274 629 se
2296 589 2472 631 commis.

1424 652 1503 695 sain
1521 683 1534 704 ,
1568 654 1712 706 Tuque
1733 659 1882 704 praeter
1897 658 2052 689 aeternae
2075 646 2356 690 retributionis
2372 659 2470 699 pra-.-

1425 709 1576 762 nfium,
1606 709 1805 758 nostram,
1834 710 1872 749 &
1904 707 2017 748 dieiae
2054 706 2173 749 Sedis
2217 703 2471 749 benedictio-

1426 784 1516 811 nem
1531 799 1544 821 ,
1576 771 1613 810 ὃς
1632 767 1802 822 gratiam
1818 765 1966 808 exinde
1983 765 2145 808 uberius
2167 764 2356 820 consequi
2384 777 2472 806 me-

1420 828 1547 870 rearis
1565 856 1575 867 .
1613 825 1808 868 Volumus
1826 836 1963 866 autern
1977 855 1992 875 ‚
2026 825 2134 880 quod
2155 826 2216 865 Tu
2235 822 2470 868 Sacrarium

1423 884 1548 927 Sacra
1568 881 1846 938 suppellectili
1869 884 1917 925 ad
1949 881 2201 926 Pontificalia
2233 878 2468 925 exercenda

1421 941 1875 995 sufficienter-instruas,
1908 940 2192 984 conscientiam
2212 951 2319 984 tuam
2350 940 2469 993 super

1424 1000 1502 1044 boc
1518 1006 1735 1041 onerantes
1753 1025 1768 1047 ‚
1802 997 1977 1052 Tibique
1996 1007 2186 1052 praeterea
2203 999 2467 1054 injungimus,

1417 1058 1524 1114 quod
1545 1053 1892 1100 Constitutionem
1921 1054 2107 1097 Nostram
2131 1054 2249 1112 super
2282 1059 2436 1100 Habitu
2454 1084 2469 1108 ‚

1418 1121 1457 1160 &
1483 1115 1644 1160 tonsura
1671 1111 1937 1155 Praelatorum
1964 1113 2234 1171 Regulariuin
2264 1114 2420 1159 editam
2454 1142 2471 1166 ⁵

1416 1176 1634 1220 observare
1660 1172 1866 1214 tenearis.
1903 1177 2051 1216 Datum
2082 1174 2222 1216 Roniae
2246 1174 2350 1230 apud
2370 1178 2470 1218 San-

1415 1240 1523 1280 &um
1569 1236 1741 1277 Petrum
1786 1226 1909 1273 Αηῐῖο
1953 1233 2243 1276 Incarnationis
2277 1232 2470 1274 Domini-

1413 1310 1468 1338 cae
1482 1292 1699 1338 Millefimo
1714 1290 2080 1346 septingentesimo
2110 1292 2149 1333 vi
2179 1294 2304 1333 elimo
2320 1294 2467 1334 octavo

1418 1355 1591 1399 Decimo
1617 1355 1758 1394 octavo
1788 1350 1878 1393 Kal.
1907 1349 2006 1407 Julii
2030 1307 2293 1411 Pontificatus
2327 1347 2465 1394 Nostri

1415 1415 1535 1457 Anno
1552 1411 1733 1471 Qinto.

1474 1531 1592 1573 Bulla
1590 1524 1829 1586 formatam
1844 1529 1963 1570 Arcb.
1984 1532 2116 1582 Curiae
2133 1531 2256 1587 Epist.
2282 1533 2460 1572 Λικυμν-

1524 1587 1704 1688 sszqstss'
1716 1586 1770 1686 ge
1781 1590 1999 1686 Ξῖῗῃςῗέἰα
2016 1588 2138 1629 Auth.
2158 1592 2202 1629 in
2224 1587 2344 1630 Arch.
2363 1587 2461 1629 Ord.

1435 1806 1731 1871 TA.

316 2000 317 2003 Ἰ
412 1946 486 1988 ivit
513 1950 624 1987 adhuc
643 1949 853 1995 digniffimus
880 1952 1032 1990 Antistes
1047 1976 1059 1995 ,
1086 1955 1120 1998 33(
1135 1976 1147 1996 ,
1172 1951 1265 1999 quod
1294 1953 1403 1989 laudis
1427 1953 1501 2001 ejus
1523 1955 1763 2002 compendium
1787 1954 1858 1998 est,
1883 1955 2001 1998 vixit,
2019 1956 2055 1992 8c
2078 1955 2167 1992 vivit
2206 1956 2336 2002 semper
2360 1956 2465 2000 Deo,

333 2044 336 2047 ἢ
420 1999 455 2034 &
483 1993 638 2035 Ecclesiae
671 2010 681 2033 z
706 2001 813 2044 Deo,
839 2002 921 2037 dum
945 2012 1007 2049 pro
1033 1999 1128 2037 illius
1160 2010 1275 2036 amore
1300 2003 1418 2038 omnia
1437 2002 1603 2049 reliquit,
1629 2015 1704 2050 quae
1741 2012 1786 2040 ex
1821 2002 2001 2050 praenobili
2039 2003 2180 2040 familia
2222 2003 2263 2037 de
2291 2003 2464 2051 Spinosa',

306 2045 519 2086 haereditatio
537 2045 618 2094 jure
642 2048 772 2094 sperare
800 2049 947 2086 debebat
974 2048 1168 2097 amplissima
1185 2060 1194 2084 ε
1212 2048 1384 2095 Ecclefiae‚
1410 2051 1492 2088 dum
1506 2063 1579 2086 non
1604 2053 1713 2088 solium
1726 2078 1740 2097 ,
1764 2063 1826 2087 ceu
1844 2052 2071 2089 Miffionarius
2084 2051 2316 2099 Apostolicus
2331 2062 2389 2099 per
2405 2062 2464 2087 20.

307 2100 493 2134 Annorum
523 2095 744 2133 intervallum
769 2097 805 2133 in
826 2098 979 2146 partibus
1005 2099 1200 2135 Hollaodiae
1227 2109 1292 2146 pro
1317 2099 1414 2137 iliius
1436 2100 1559 2136 decore
1575 2125 1587 2144 ‚
1614 2102 1702 2137 Zelo
1729 2100 1872 2138 Zelatus
1884 2101 1958 2144 est,
1983 2100 2105 2137 verum
2131 2100 2237 2136 etiam
2267 2099 2463 2137 Immediate

302 2144 382 2194 post
415 2144 514 2201 sunm·
542 2143 821 2181 Translationem
850 2147 893 2182 de
916 2147 1058 2184 Ecclesia
1084 2144 1268 2185 Tricalenfi
1293 2148 1335 2184 ad
1359 2149 1668 2196 Antverpiensem,
1691 2162 1756 2187 ceu
1782 2147 1944 2186 Visitator
1971 2148 2224 2197 Apostolicus‚
2252 2158 2461 2196 potentem..

306 2193 515 2248 Monasterii
530 2193 582 2227 N.
598 2194 774 2231 Abbatem
787 2218 799 2238 ,
822 2195 1114 2232 Constitutione-m
1130 2195 1342 2243 vtligenitus
1358 2197 1563 2235 subscribere
1577 2211 1775 2237 renuentem
1786 2223 1799 2242 ,
1825 2209 1985 2246 potenter
1998 2202 2075 2235 cum
2102 2198 2239 2234 duobus
2269 2197 2348 2233 aliis
2366 2195 2462 2233 Reli-

304 2241 411 2287 giofis
438 2241 583 2297 dejecit,
607 2239 640 2277 &
663 2243 706 2278 ad
734 2242 828 2279 aIIud
852 2244 996 2282 Ordinis
1020 2244 1071 2281 sui
1097 2244 1301 2281 Caenobium
1329 2245 1517 2284 reieaavit.
1549 2246 1627 2284 Vita
1656 2249 1759 2292 Deo,
1790 2250 1823 2282 &
1848 2245 2004 2285 Ecclesiae
2021 2247 2069 2284 ita
2084 2246 2304 2288 consecrati,
2327 2245 2460 2288 &glo-

305 2290 364 2326 riae
388 2289 452 2326 suae
467 2300 588 2326 merita
612 2291 744 2338 semper
771 2291 912 2340 ampliat
925 2316 940 2336 ,
965 2293 1001 2329 St
1023 2305 1142 2346 omnes
1165 2292 1362 2342 Apostolici
1386 2295 1541 2332 Praesulis
1567 2306 1678 2344 partes
1701 2298 1820 2344 explet
1845 2321 1859 2341 ,
1898 2299 1978 2334 Deo
1993 2319 2006 2339 ,
2029 2296 2064 2332 &
2097 2293 2251 2332 Ecclesiae
2277 2292 2453 2330 dilectus:

308 2514 655 2586 Indulgentiam
689 2519 935 2585 plenariam
966 2535 1049 2586 pro
1080 2517 1220 2570 Festis
1240 2524 1345 2571 San-

336 2587 517 2637 ‹storum
534 2586 701 2654 Jacobi
728 2589 754 2635 a
787 2582 997 2639 Marchia
1025 2627 1040 2648 ‚
1083 2608 1134 2638 ac
1162 2594 1345 2640 Franci-

309 2688 312 2693 -
335 2654 402 2705 sci
424 2659 578 2724 Solani
593 2657 714 2706 Ord.
739 2661 826 2709 ΡΡ.
843 2661 962 2709 Min.
981 2658 1343 2712 Observantium

307 2748 310 2750 ·
335 2744 421 2794 pro
450 2723 663 2776 Ecclefiis
697 2731 947 2789 Fratrum,
983 2749 1037 2780 ac
1063 2733 1343 2784 Monialium

337 2795 489 2874 reddit
516 2811 783 2865 perpetuam
805 2836 818 2848 .

397 2926 834 2985 BENEDICTUS
873 2932 1047 2982 PAPA
1083 2935 1236 2984 XIII.

468 3041 537 3087 Ad
556 3052 788 3100 perpetuam
819 3054 881 3093 rei
909 3054 1133 3095 memoriam
1146 3081 1159 3094 .

299 3158 549 3274 INjunc'tae
574 3162 690 3226 nobis
719 3166 919 3210 Divinitiis
943 3169 1182 3225 Apostolicae
1210 3171 1338 3214 servi-

264 3253 269 3258 .
386 3222 485 3266 tutis
513 3227 617 3265 ratio
634 3222 906 3277 postulat‚-ut
932 3228 1171 3271 Coeiestium
1199 3244 1339 3273 mune-

299 3293 388 3321 rum
404 3279 609 3323 thesauros
622 3307 637 3331 ,
663 3281 948 3337 dispensationi
962 3286 1100 3327 nostrae
1117 3287 1138 3327 a
1157 3289 1335 3331 Domino

298 3338 476 3381 creditos
488 3367 501 3390 ,
519 3337 699 3383 fideliter
712 3354 942 3397 erogemus,
957 3356 1047 3383 cum
1062 3342 1103 3384 id
1121 3348 1169 3385 ad
1187 3360 1337 3403 augen-

300 3395 391 3436 dam
407 3398 446 3440 in
462 3398 581 3440 terris
596 3427 614 3450 ,.
626 3401 858 3444 Sanctorum
873 3402 912 3444 in
926 3401 1057 3444 Coelis
1073 3415 1160 3443 cuin
1177 3406 1336 3449 Christo

303 3456 558 3508 regnantium
590 3460 900 3506 venerationem
916 3486 930 3512 ,
956 3460 1298 3516 excitandamque
1322 3491 1336 3515 ,

302 3511 343 3554 Bc
370 3510 666 3557 confovendam
693 3532 788 3574 erga
815 3519 907 3561 illos
926 3519 1128 3563 Fidelium
1144 3519 1354 3564 devotio-.

302 3582 422 3637 ”qma
439 3584 485 3612 ac
502 3571 552 3613 ad
566 3575 783 3619 animarum
799 3575 967 3622 salutem
983 3579 1180 3635 speramus
1195 3579 1235 3621 in
1253 3583 1336 3623 Do-

304 3641 415 3693 mino
429 3627 699 3696 profi-iturum.
731 3636 1102 3692 Supplicationibus
1116 3638 1254 3694 itaque
1270 3639 1332 3680 di-

305 3685 398 3726 lecti
442 3687 532 3728 Filii
575 3692 759 3736 moderni
804 3697 1087 3738 Procuratoris
1119 3699 1334 3743 Generalis

305 3744 491 3787 Fratrum
505 3745 664 3790 Ordinis
677 3753 881 3796 Minorum
894 3756 1024 3800 sancii
1037 3754 1236 3798 Francisci
1254 3760 1334 3803 Ca-

2312 2423 2434 2437 „-

1404 2521 1643 2574 pucinorum
1664 2534 1990 2580 nuncupatorum
2004 2521 2320 2572 nomine2Nobis
2335 2516 2456 2574 super

1403 2579 1479 2621 hoc
1498 2581 1710 2629 humiliter
1730 2584 1923 2641 porreffis
1940 2582 2119 2625 inclinati
2137 2577 2217 2629 ,ac
2233 2578 2287 2622 de
2303 2579 2453 2621 Omni-

1405 2642 1583 2692 potentis
1599 2645 1679 2687 Dei
1695 2642 1970 2686 misericordia
1988 2670 2002 2692 ,
2020 2643 2060 2683 &
2074 2643 2288 2683 Beatorum
2306 2637 2453 2686 Petri,

1405 2699 1445 2739 &
1460 2698 1576 2741 Pauli
1591 2704 1878 2757 Apostolorum
1905 2701 1992 2757 ejus
2019 2699 2264 2743 austoritate
2281 2694 2418 2738 confisi
2435 2721 2452 2745 ‚

1404 2758 1589 2801 omnibus
1605 2789 1619 2811 ‚
1641 2762 1856 2816 &lingulis
1880 2758 2088 2814 utriusque
2104 2758 2222 2799 sexus
2247 2752 2455 2796 christifi-

1405 2815 1567 2858 delibus
1584 2820 1681 2860 vere
1694 2819 1993 2876 poenitentibus
2005 2845 2018 2867 ,
2034 2818 2074 2856 &
2087 2811 2270 2857 confessis
2289 2841 2303 2865 ,
2317 2827 2361 2854 ac
2379 2815 2453 2856 Sa·-

1401 2887 1470 2916 cra
1484 2879 1785 2922 communione
1800 2876 1961 2920 refectis
1977 2903 1992 2925 ‚
2019 2877 2086 2928 qui
2103 2874 2281 2928 aliquam
2300 2885 2351 2913 ex
2366 2874 2453 2913 Ec-

1399 2933 1529 2975 clefiis
1543 2946 1880 2993 quorumcunque
1897 2939 2184 2979 Conventuum
2199 2961 2212 2983 ‚
2239 2946 2286 2974 ac
2303 2933 2453 2973 Mona-‘

1396 2993 1613 3037 steriorum
1630 3006 1712 3040 tam
1729 2999 1915 3039 Fratrum
1931 3023 1946 3046 ,
1971 2994 2094 3050 quam
2111 2990 2358 3034 Monialium
2380 2989 2450 3031 di·-

1397 3051 1447 3093 ἂὶ
1462 3054 1625 3097 Ordinis
1649 3065 1732 3099 tam
1760 3056 1950 3098 haetenus
1975 3053 2121 3094 ereans
2138 3078 2153 3100 ,
2175 3047 2300 3104 quam
2317 3048 2355 3088 in
2373 3059 2449 3100 po-

1400 3109 1546 3155 sterum
1559 3115 1888 3170 quandocunque
1903 3110 2104 3166 erigendis
2122 3136 2134 3158 ,
2148 3109 2189 3147 &
2206 3105 2443 3160 ubicunque

1399 3169 1588 3215 locorum
1613 3171 1870 3216 existentibus
1885 3199 1899 3219 ‚
1928 3172 1968 3211 in
1987 3170 2226 3212 Sanctorum
2248 3163 2389 3220 Jacobi
2419 3162 2443 3204 ἃ

1398 3231 1580 3272 Marchia
1597 3259 1612 3280 ,
1639 3242 1685 3272 ac
1714 3229 1913 3273 Francisci
1930 3227 2067 3272 Solani
2100 3224 2222 3268 Pestis
2248 3222 2391 3264 diebus
2419 3221 2441 3263 a

1394 3288 1537 3344 primis
1553 3288 1744 3344 vesperis
1776 3285 1902 3346 usque
1926 3287 1977 3331 ad
2008 3285 2194 3328 occasum
2213 3280 2316 3325 Solis
2348 3280 2439 3322 die-

1397 3361 1488 3390 rum
1505 3346 1727 3401 hujusmodi
1744 3349 1905 3405 singulis
1936 3347 2044 3390 annis
2070 3341 2221 3385 devote
2250 3338 2442 3381 vifitave-

1395 3408 1502 3457 rint,
1529 3407 1635 3450 &ibi
1648 3420 1723 3462 pro
1740 3407 2061 3451 Christianorum
2075 3399 2306 3454 Principum
2335 3413 2434 3440 con-

1399 3465 1539 3509 cordia
1556 3494 1570 3516 ,
1587 3464 1780 3508 haeresum
1796 3462 2068 3520 extirpatione
2082 3487 2096 3509 ‚
2114 3473 2158 3501 ac
2180 3458 2329 3500 Sancta
2344 3461 2436 3500 Ma-

1398 3526 1470 3566 tris
1491 3525 1678 3567 Ecclefiae
1691 3524 1956 3572 exaltatione,
1971 3521 2054 3575 pias
2071 3517 2118 3560 ad
2137 3521 2271 3560 Deum
2290 3530 2433 3572 preces

1397 3582 1639 3634 effuderint,
1667 3597 1748 3639 quo
1775 3582 1844 3625 die
1865 3594 1915 3623 ex
1943 3577 2140 3634 praedic‘tis
2173 3577 2213 3619 id
2240 3575 2431 3632 egerint,

1394 3641 1618 3698 plenariam
1631 3640 1810 3684 oninium
1827 3647 2088 3693 peccatorum
2103 3638 2265 3678 suorum
2281 3635 2430 3677 Indul-
2470 3692 2472 3694 Ι

1394 3701 1572 3756 gentiam
1585 3727 1599 3751 ,
1613 3701 1653 3739 δε
1668 3697 1935 3741 reniiflionem
1954 3694 2269 3738 misericorditer
2285 3697 2323 3737 in
2345 3697 2430 3736 Do·

1393 3759 1504 3800 mino
1517 3756 1775 3800 concedimus
1790 3785 1800 3796 .
1818 3756 2084 3799 Praesentibus
2101 3755 2302 3810 perpetuis
2319 3752 2428 3795 futu-

2317 3826 2367 3854 ris
