<?xml version="1.0" encoding="UTF-8"?>
<!DOCTYPE html PUBLIC "-//W3C//DTD XHTML 1.0 Transitional//EN"
    "http://www.w3.org/TR/xhtml1/DTD/xhtml1-transitional.dtd">
<html xmlns="http://www.w3.org/1999/xhtml" xml:lang="en" lang="en">
 <head>
  <title>
</title>
<meta http-equiv="Content-Type" content="text/html;charset=utf-8" />
  <meta name='ocr-system' content='tesseract 3.04.00' />
  <meta name='ocr-capabilities' content='ocr_page ocr_carea ocr_par ocr_line ocrx_word'/>
</head>
<body>
  <div class='ocr_page' id='page_1' title='image "./bullariumordinis01cath_0133.png"; bbox 0 0 2658 4244; ppageno 0'>
   <div class='ocr_carea' id='block_1_1' title="bbox 966 168 1788 296">
    <p class='ocr_par' dir='ltr' id='par_1_1' title="bbox 966 168 1788 296">
     <span class='ocr_line' id='line_1_1' title="bbox 966 168 1788 296; baseline -0.005 -1"><span class='ocrx_word' id='word_1_1' title='bbox 966 206 1126 295; x_wconf 76' lang='lat' dir='ltr'>Sub</span> <span class='ocrx_word' id='word_1_2' title='bbox 1186 168 1501 296; x_wconf 76' lang='lat' dir='ltr'>‘Urbano</span> <span class='ocrx_word' id='word_1_3' title='bbox 1571 203 1788 293; x_wconf 85' lang='lat' dir='ltr'><em>VIII.</em></span> 
     </span>
    </p>
   </div>
   <div class='ocr_carea' id='block_1_2' title="bbox 307 323 1347 909">
    <p class='ocr_par' dir='ltr' id='par_1_2' title="bbox 307 323 1347 909">
     <span class='ocr_line' id='line_1_2' title="bbox 308 323 1345 388; baseline -0.01 -15"><span class='ocrx_word' id='word_1_4' title='bbox 308 328 391 376; x_wconf 77' lang='lat' dir='ltr'>illis</span> <span class='ocrx_word' id='word_1_5' title='bbox 405 330 515 388; x_wconf 74' lang='lat' dir='ltr'>,quae</span> <span class='ocrx_word' id='word_1_6' title='bbox 531 332 567 373; x_wconf 91' lang='lat' dir='ltr'>in</span> <span class='ocrx_word' id='word_1_7' title='bbox 582 330 694 373; x_wconf 67' lang='lat' dir='ltr'>dietis</span> <span class='ocrx_word' id='word_1_8' title='bbox 708 325 833 373; x_wconf 74' lang='lat' dir='ltr'>&#39;literis</span> <span class='ocrx_word' id='word_1_9' title='bbox 855 323 1053 371; x_wconf 80' lang='lat' dir='ltr'>voluimus</span> <span class='ocrx_word' id='word_1_10' title='bbox 1075 338 1153 366; x_wconf 91' lang='lat' dir='ltr'>non</span> <span class='ocrx_word' id='word_1_11' title='bbox 1171 323 1345 372; x_wconf 77' lang='lat' dir='ltr'>obstare,</span> 
     </span>
     <span class='ocr_line' id='line_1_3' title="bbox 307 381 1340 446; baseline -0.014 -11"><span class='ocrx_word' id='word_1_12' title='bbox 307 390 544 446; x_wconf 74' lang='lat' dir='ltr'>caeterisque</span> <span class='ocrx_word' id='word_1_13' title='bbox 574 388 787 434; x_wconf 72' lang='lat' dir='ltr'>contrariis</span> <span class='ocrx_word' id='word_1_14' title='bbox 818 383 1135 442; x_wconf 83' lang='lat' dir='ltr'>quibuscumque</span> <span class='ocrx_word' id='word_1_15' title='bbox 1151 411 1162 422; x_wconf 91' lang='lat'><strong><em>.</em></strong></span> <span class='ocrx_word' id='word_1_16' title='bbox 1219 381 1340 446; x_wconf 83' lang='lat' dir='ltr'>Volu.</span> 
     </span>
     <span class='ocr_line' id='line_1_4' title="bbox 311 442 1345 504; baseline -0.012 -12"><span class='ocrx_word' id='word_1_17' title='bbox 311 463 396 492; x_wconf 86' lang='lat' dir='ltr'>mus</span> <span class='ocrx_word' id='word_1_18' title='bbox 411 462 547 492; x_wconf 86' lang='lat' dir='ltr'>autem</span> <span class='ocrx_word' id='word_1_19' title='bbox 564 478 578 501; x_wconf 82' lang='lat'>‚</span> <span class='ocrx_word' id='word_1_20' title='bbox 593 461 636 491; x_wconf 86' lang='lat' dir='ltr'>ut</span> <span class='ocrx_word' id='word_1_21' title='bbox 663 445 910 504; x_wconf 83' lang='lat' dir='ltr'>praesentium</span> <span class='ocrx_word' id='word_1_22' title='bbox 925 442 1178 496; x_wconf 76' lang='lat' dir='ltr'>transumptis</span> <span class='ocrx_word' id='word_1_23' title='bbox 1193 468 1206 494; x_wconf 83' lang='lat'>,</span> <span class='ocrx_word' id='word_1_24' title='bbox 1223 451 1345 482; x_wconf 77' lang='lat' dir='ltr'>etiam</span> 
     </span>
     <span class='ocr_line' id='line_1_5' title="bbox 310 498 1344 564; baseline -0.012 -13"><span class='ocrx_word' id='word_1_25' title='bbox 310 508 501 564; x_wconf 80' lang='lat' dir='ltr'>impreffis</span> <span class='ocrx_word' id='word_1_26' title='bbox 514 520 652 560; x_wconf 86' lang='lat' dir='ltr'>‚manu</span> <span class='ocrx_word' id='word_1_27' title='bbox 668 504 836 559; x_wconf 87' lang='lat' dir='ltr'>alicujus</span> <span class='ocrx_word' id='word_1_28' title='bbox 851 501 998 544; x_wconf 85' lang='lat' dir='ltr'>Notari</span> <span class='ocrx_word' id='word_1_29' title='bbox 1013 500 1163 554; x_wconf 78' lang='lat' dir='ltr'>publici</span> <span class='ocrx_word' id='word_1_30' title='bbox 1180 498 1344 541; x_wconf 89' lang='lat' dir='ltr'>subscri-</span> 
     </span>
     <span class='ocr_line' id='line_1_6' title="bbox 308 558 1344 626; baseline -0.01 -17"><span class='ocrx_word' id='word_1_31' title='bbox 308 570 387 624; x_wconf 85' lang='lat' dir='ltr'><strong>ptis</strong></span> <span class='ocrx_word' id='word_1_32' title='bbox 409 599 423 621; x_wconf 85' lang='lat'>,</span> <span class='ocrx_word' id='word_1_33' title='bbox 448 565 630 626; x_wconf 77' lang='lat' dir='ltr'>&amp;sigillo</span> <span class='ocrx_word' id='word_1_34' title='bbox 645 563 814 619; x_wconf 84' lang='lat' dir='ltr'>alicujus</span> <span class='ocrx_word' id='word_1_35' title='bbox 829 560 1003 618; x_wconf 86' lang='lat' dir='ltr'>personae</span> <span class='ocrx_word' id='word_1_36' title='bbox 1033 559 1074 600; x_wconf 86' lang='lat' dir='ltr'>in</span> <span class='ocrx_word' id='word_1_37' title='bbox 1106 558 1344 612; x_wconf 65' lang='lat' dir='ltr'>dignitate,</span> 
     </span>
     <span class='ocr_line' id='line_1_7' title="bbox 311 613 1344 672; baseline -0.017 2"><span class='ocrx_word' id='word_1_38' title='bbox 311 625 578 672; x_wconf 76' lang='lat' dir='ltr'>Ecclefiallica</span> <span class='ocrx_word' id='word_1_39' title='bbox 593 623 812 664; x_wconf 69' lang='lat' dir='ltr'>constituta·</span> <span class='ocrx_word' id='word_1_40' title='bbox 826 619 985 661; x_wconf 87' lang='lat' dir='ltr'>munitis</span> <span class='ocrx_word' id='word_1_41' title='bbox 998 646 1012 671; x_wconf 62' lang='lat'>2</span> <span class='ocrx_word' id='word_1_42' title='bbox 1028 615 1171 660; x_wconf 86' lang='lat' dir='ltr'>eadem</span> <span class='ocrx_word' id='word_1_43' title='bbox 1187 613 1344 671; x_wconf 87' lang='lat' dir='ltr'>prorsus</span> 
     </span>
     <span class='ocr_line' id='line_1_8' title="bbox 310 677 1347 738; baseline -0.016 -8"><span class='ocrx_word' id='word_1_44' title='bbox 310 687 409 730; x_wconf 88' lang='lat' dir='ltr'>fides</span> <span class='ocrx_word' id='word_1_45' title='bbox 426 685 571 738; x_wconf 85' lang='lat' dir='ltr'>ubique</span> <span class='ocrx_word' id='word_1_46' title='bbox 593 680 848 727; x_wconf 74' lang='lat' dir='ltr'>adhibeatur,</span> <span class='ocrx_word' id='word_1_47' title='bbox 874 690 957 731; x_wconf 84' lang='lat' dir='ltr'>quae</span> <span class='ocrx_word' id='word_1_48' title='bbox 971 677 1237 720; x_wconf 81' lang='lat' dir='ltr'>adhiberetur</span> <span class='ocrx_word' id='word_1_49' title='bbox 1254 688 1347 730; x_wconf 63' lang='lat' dir='ltr'>pre·</span> 
     </span>
     <span class='ocr_line' id='line_1_9' title="bbox 309 730 1344 790; baseline -0.014 -3"><span class='ocrx_word' id='word_1_50' title='bbox 309 745 484 789; x_wconf 79' lang='lat' dir='ltr'>sentibus</span> <span class='ocrx_word' id='word_1_51' title='bbox 502 767 515 790; x_wconf 84' lang='lat'>‚</span> <span class='ocrx_word' id='word_1_52' title='bbox 533 738 556 779; x_wconf 86' lang='lat' dir='ltr'>fi</span> <span class='ocrx_word' id='word_1_53' title='bbox 576 736 711 780; x_wconf 82' lang='lat' dir='ltr'>forent</span> <span class='ocrx_word' id='word_1_54' title='bbox 731 736 914 779; x_wconf 83' lang='lat' dir='ltr'>exhibitae</span> <span class='ocrx_word' id='word_1_55' title='bbox 930 763 944 785; x_wconf 77' lang='lat'>,</span> <span class='ocrx_word' id='word_1_56' title='bbox 961 734 1026 776; x_wconf 89' lang='lat' dir='ltr'>vel</span> <span class='ocrx_word' id='word_1_57' title='bbox 1042 730 1199 780; x_wconf 78' lang='lat' dir='ltr'>ostensae</span> <span class='ocrx_word' id='word_1_58' title='bbox 1214 764 1226 771; x_wconf 86' lang='lat'><strong><em>.</em></strong></span> <span class='ocrx_word' id='word_1_59' title='bbox 1261 737 1344 774; x_wconf 75' lang='lat' dir='ltr'>Da.-</span> 
     </span>
     <span class='ocr_line' id='line_1_10' title="bbox 309 791 1345 852; baseline -0.014 -7"><span class='ocrx_word' id='word_1_60' title='bbox 309 815 394 846; x_wconf 69' lang='grc' dir='ltr'>ωτι]</span> <span class='ocrx_word' id='word_1_61' title='bbox 423 803 561 843; x_wconf 81' lang='lat' dir='ltr'>Romae</span> <span class='ocrx_word' id='word_1_62' title='bbox 585 795 686 852; x_wconf 87' lang='lat' dir='ltr'>apud</span> <span class='ocrx_word' id='word_1_63' title='bbox 709 798 893 838; x_wconf 68' lang='lat' dir='ltr'>Sanstum</span> <span class='ocrx_word' id='word_1_64' title='bbox 910 796 1079 835; x_wconf 89' lang='lat' dir='ltr'>Petrum</span> <span class='ocrx_word' id='word_1_65' title='bbox 1095 793 1163 834; x_wconf 85' lang='lat' dir='ltr'>sub</span> <span class='ocrx_word' id='word_1_66' title='bbox 1175 791 1345 834; x_wconf 87' lang='lat' dir='ltr'>Annulo</span> 
     </span>
     <span class='ocr_line' id='line_1_11' title="bbox 307 849 1344 909; baseline -0.011 -7"><span class='ocrx_word' id='word_1_67' title='bbox 307 857 520 904; x_wconf 75' lang='lat' dir='ltr'>Piscator-is</span> <span class='ocrx_word' id='word_1_68' title='bbox 551 855 628 896; x_wconf 89' lang='lat' dir='ltr'>Die</span> <span class='ocrx_word' id='word_1_69' title='bbox 653 867 727 897; x_wconf 79' lang='lat' dir='ltr'>rx.</span> <span class='ocrx_word' id='word_1_70' title='bbox 760 853 912 909; x_wconf 83' lang='lat' dir='ltr'>Aprilis</span> <span class='ocrx_word' id='word_1_71' title='bbox 932 866 1158 894; x_wconf 77' lang='lat' dir='ltr'>mncxxvt.</span> <span class='ocrx_word' id='word_1_72' title='bbox 1176 849 1344 895; x_wconf 81' lang='lat' dir='ltr'>Pontifi-</span> 
     </span>
    </p>
   </div>
   <div class='ocr_carea' id='block_1_3' title="bbox 299 913 885 961">
    <p class='ocr_par' dir='ltr' id='par_1_3' title="bbox 299 913 885 961">
     <span class='ocr_line' id='line_1_12' title="bbox 299 913 885 961; baseline -0.005 -3"><span class='ocrx_word' id='word_1_73' title='bbox 299 928 419 961; x_wconf 75' lang='lat' dir='ltr'>1catus</span> <span class='ocrx_word' id='word_1_74' title='bbox 434 913 568 960; x_wconf 89' lang='lat' dir='ltr'>Nostri</span> <span class='ocrx_word' id='word_1_75' title='bbox 586 916 704 957; x_wconf 83' lang='lat' dir='ltr'>Anno</span> <span class='ocrx_word' id='word_1_76' title='bbox 723 914 885 956; x_wconf 81' lang='lat' dir='ltr'>Tertio.</span> 
     </span>
    </p>
   </div>
   <div class='ocr_carea' id='block_1_4' title="bbox 967 1027 1221 1071">
    <p class='ocr_par' dir='ltr' id='par_1_4' title="bbox 967 1027 1221 1071">
     <span class='ocr_line' id='line_1_13' title="bbox 967 1027 1221 1071; baseline -0.012 0"><span class='ocrx_word' id='word_1_77' title='bbox 967 1030 1006 1071; x_wconf 72' lang='lat' dir='ltr'>V.</span> <span class='ocrx_word' id='word_1_78' title='bbox 1044 1027 1221 1070; x_wconf 70' lang='lat' dir='ltr'>Themin.</span> 
     </span>
    </p>
   </div>
   <div class='ocr_carea' id='block_1_5' title="bbox 310 1143 1340 1375">
    <p class='ocr_par' dir='ltr' id='par_1_5' title="bbox 310 1143 1340 1375">
     <span class='ocr_line' id='line_1_14' title="bbox 310 1143 1340 1208; baseline -0.011 -12"><span class='ocrx_word' id='word_1_79' title='bbox 310 1158 529 1208; x_wconf 81' lang='lat' dir='ltr'>Autograp.</span> <span class='ocrx_word' id='word_1_80' title='bbox 546 1154 587 1191; x_wconf 73' lang='lat' dir='ltr'>in</span> <span class='ocrx_word' id='word_1_81' title='bbox 605 1149 723 1192; x_wconf 82' lang='lat' dir='ltr'>Arch.</span> <span class='ocrx_word' id='word_1_82' title='bbox 739 1150 880 1190; x_wconf 71' lang='lat' dir='ltr'>secret.</span> <span class='ocrx_word' id='word_1_83' title='bbox 900 1149 1079 1190; x_wconf 75' lang='lat' dir='ltr'>Brevium</span> <span class='ocrx_word' id='word_1_84' title='bbox 1095 1143 1340 1202; x_wconf 79' lang='lat' dir='ltr'>Aposlol.Re-</span> 
     </span>
     <span class='ocr_line' id='line_1_15' title="bbox 356 1203 1338 1268; baseline -0.008 -17"><span class='ocrx_word' id='word_1_85' title='bbox 356 1212 460 1268; x_wconf 83' lang='lat' dir='ltr'>gesto</span> <span class='ocrx_word' id='word_1_86' title='bbox 488 1210 618 1265; x_wconf 63' lang='lat' dir='ltr'>Mens?</span> <span class='ocrx_word' id='word_1_87' title='bbox 648 1208 780 1262; x_wconf 68' lang='lat' dir='ltr'>Aprtl.</span> <span class='ocrx_word' id='word_1_88' title='bbox 815 1211 922 1247; x_wconf 80' lang='lat' dir='ltr'>Anni</span> <span class='ocrx_word' id='word_1_89' title='bbox 946 1213 1061 1247; x_wconf 85' lang='lat'>1622.</span> <span class='ocrx_word' id='word_1_90' title='bbox 1083 1203 1160 1261; x_wconf 81' lang='lat' dir='ltr'><em>fol.</em></span> <span class='ocrx_word' id='word_1_91' title='bbox 1194 1206 1260 1252; x_wconf 77' lang='lat'>57.</span> <span class='ocrx_word' id='word_1_92' title='bbox 1295 1203 1338 1243; x_wconf 80' lang='lat' dir='ltr'>de</span> 
     </span>
     <span class='ocr_line' id='line_1_16' title="bbox 369 1263 1335 1324; baseline -0.011 -13"><span class='ocrx_word' id='word_1_93' title='bbox 369 1283 442 1324; x_wconf 79' lang='lat' dir='ltr'>quo</span> <span class='ocrx_word' id='word_1_94' title='bbox 475 1272 596 1308; x_wconf 77' lang='lat' dir='ltr'>Breve</span> <span class='ocrx_word' id='word_1_95' title='bbox 610 1266 838 1322; x_wconf 81' lang='lat' dir='ltr'>formatum</span> <span class='ocrx_word' id='word_1_96' title='bbox 855 1267 898 1306; x_wconf 80' lang='lat' dir='ltr'>in</span> <span class='ocrx_word' id='word_1_97' title='bbox 912 1263 1031 1307; x_wconf 81' lang='lat' dir='ltr'>Arch.</span> <span class='ocrx_word' id='word_1_98' title='bbox 1043 1263 1220 1319; x_wconf 78' lang='lat' dir='ltr'>general.</span> <span class='ocrx_word' id='word_1_99' title='bbox 1238 1263 1335 1303; x_wconf 82' lang='lat' dir='ltr'>ord.</span> 
     </span>
     <span class='ocr_line' id='line_1_17' title="bbox 368 1329 770 1375; baseline -0.017 -5"><span class='ocrx_word' id='word_1_100' title='bbox 368 1331 474 1370; x_wconf 76' lang='lat' dir='ltr'>Tam.</span> <span class='ocrx_word' id='word_1_101' title='bbox 496 1329 548 1369; x_wconf 77' lang='lat' dir='ltr'>H.</span> <span class='ocrx_word' id='word_1_102' title='bbox 571 1338 677 1366; x_wconf 75' lang='lat' dir='ltr'>num.</span> <span class='ocrx_word' id='word_1_103' title='bbox 702 1334 770 1375; x_wconf 79' lang='lat'>35.</span> 
     </span>
    </p>
   </div>
   <div class='ocr_carea' id='block_1_6' title="bbox 674 1462 789 1475">
    <p class='ocr_par' dir='ltr' id='par_1_6' title="bbox 674 1462 789 1475">
     <span class='ocr_line' id='line_1_18' title="bbox 674 1462 789 1475; baseline -0.009 -1"><span class='ocrx_word' id='word_1_104' title='bbox 674 1462 789 1475; x_wconf 52' lang='grc' dir='ltr'>-ᾳ-</span> 
     </span>
    </p>
   </div>
   <div class='ocr_carea' id='block_1_7' title="bbox 445 1464 672 1476">
    <p class='ocr_par' dir='ltr' id='par_1_7' title="bbox 445 1464 672 1476">
     <span class='ocr_line' id='line_1_19' title="bbox 445 1464 672 1476; baseline 0 2768"><span class='ocrx_word' id='word_1_105' title='bbox 445 1464 672 1476; x_wconf 95' lang='lat' dir='ltr'> </span> 
     </span>
    </p>
   </div>
   <div class='ocr_carea' id='block_1_8' title="bbox 325 1468 440 1479">
    <p class='ocr_par' dir='ltr' id='par_1_8' title="bbox 325 1468 440 1479">
     <span class='ocr_line' id='line_1_20' title="bbox 325 1468 440 1479; baseline -0.009 -2"><span class='ocrx_word' id='word_1_106' title='bbox 325 1468 440 1479; x_wconf 75' lang='lat'>...—</span> 
     </span>
    </p>
   </div>
   <div class='ocr_carea' id='block_1_9' title="bbox 301 1554 1340 1904">
    <p class='ocr_par' dir='ltr' id='par_1_9' title="bbox 301 1554 1340 1904">
     <span class='ocr_line' id='line_1_21' title="bbox 301 1554 1339 1622; baseline -0.012 -11"><span class='ocrx_word' id='word_1_107' title='bbox 301 1558 721 1612; x_wconf 83' lang='lat' dir='ltr'>Constitutionem,</span> <span class='ocrx_word' id='word_1_108' title='bbox 750 1555 836 1622; x_wconf 61' lang='lat' dir='ltr'>quel</span> <span class='ocrx_word' id='word_1_109' title='bbox 870 1557 955 1604; x_wconf 83' lang='lat' dir='ltr'>PP.</span> <span class='ocrx_word' id='word_1_110' title='bbox 973 1554 1138 1603; x_wconf 83' lang='lat' dir='ltr'>Paulus</span> <span class='ocrx_word' id='word_1_111' title='bbox 1160 1554 1219 1599; x_wconf 88' lang='lat' dir='ltr'>V.</span> <span class='ocrx_word' id='word_1_112' title='bbox 1248 1555 1339 1601; x_wconf 80' lang='lat' dir='ltr'>Ca-</span> 
     </span>
     <span class='ocr_line' id='line_1_22' title="bbox 337 1618 1340 1699; baseline -0.009 -20"><span class='ocrx_word' id='word_1_113' title='bbox 337 1634 523 1699; x_wconf 86' lang='lat' dir='ltr'>pucinos</span> <span class='ocrx_word' id='word_1_114' title='bbox 540 1664 554 1685; x_wconf 92' lang='lat'>,</span> <span class='ocrx_word' id='word_1_115' title='bbox 567 1644 697 1678; x_wconf 83' lang='lat' dir='ltr'>veros</span> <span class='ocrx_word' id='word_1_116' title='bbox 712 1631 758 1675; x_wconf 84' lang='lat' dir='ltr'>S.</span> <span class='ocrx_word' id='word_1_117' title='bbox 771 1630 819 1678; x_wconf 85' lang='lat' dir='ltr'>P.</span> <span class='ocrx_word' id='word_1_118' title='bbox 841 1629 1081 1678; x_wconf 74' lang='lat' dir='ltr'>FRANCrsct</span> <span class='ocrx_word' id='word_1_119' title='bbox 1099 1621 1240 1671; x_wconf 82' lang='lat' dir='ltr'>Filios</span> <span class='ocrx_word' id='word_1_120' title='bbox 1258 1618 1340 1670; x_wconf 77' lang='lat' dir='ltr'>esse</span> 
     </span>
     <span class='ocr_line' id='line_1_23' title="bbox 333 1691 1332 1756; baseline -0.009 -8"><span class='ocrx_word' id='word_1_121' title='bbox 333 1701 583 1753; x_wconf 82' lang='lat' dir='ltr'>declaravit</span> <span class='ocrx_word' id='word_1_122' title='bbox 600 1733 615 1754; x_wconf 92' lang='lat'><strong><em>,</em></strong></span> <span class='ocrx_word' id='word_1_123' title='bbox 648 1695 888 1746; x_wconf 74' lang='lat' dir='ltr'>confirmat</span> <span class='ocrx_word' id='word_1_124' title='bbox 915 1714 929 1753; x_wconf 84' lang='lat'><em>3</em></span> <span class='ocrx_word' id='word_1_125' title='bbox 959 1698 1048 1742; x_wconf 87' lang='lat' dir='ltr'>Eos</span> <span class='ocrx_word' id='word_1_126' title='bbox 1073 1691 1249 1756; x_wconf 83' lang='lat' dir='ltr'>insuper</span> <span class='ocrx_word' id='word_1_127' title='bbox 1278 1709 1332 1740; x_wconf 80' lang='lat' dir='ltr'>ex</span> 
     </span>
     <span class='ocr_line' id='line_1_24' title="bbox 337 1758 1331 1834; baseline -0.011 -15"><span class='ocrx_word' id='word_1_128' title='bbox 337 1788 445 1820; x_wconf 83' lang='lat' dir='ltr'>vera</span> <span class='ocrx_word' id='word_1_129' title='bbox 463 1805 476 1827; x_wconf 93' lang='lat'><strong>,</strong></span> <span class='ocrx_word' id='word_1_130' title='bbox 505 1767 554 1822; x_wconf 69' lang='grc' dir='ltr'>ὃς</span> <span class='ocrx_word' id='word_1_131' title='bbox 580 1784 808 1834; x_wconf 82' lang='lat' dir='ltr'>nunquam</span> <span class='ocrx_word' id='word_1_132' title='bbox 829 1766 1078 1829; x_wconf 84' lang='lat' dir='ltr'>interrupta</span> <span class='ocrx_word' id='word_1_133' title='bbox 1097 1758 1331 1823; x_wconf 53' lang='lat' dir='ltr'>ejusdcm„</span> 
     </span>
     <span class='ocr_line' id='line_1_25' title="bbox 340 1830 1329 1904; baseline -0.014 -14"><span class='ocrx_word' id='word_1_134' title='bbox 340 1846 387 1891; x_wconf 47' lang='grc' dir='ltr'>δ’.</span> <span class='ocrx_word' id='word_1_135' title='bbox 405 1841 545 1890; x_wconf 84' lang='lat' dir='ltr'>Patris</span> <span class='ocrx_word' id='word_1_136' title='bbox 563 1840 679 1886; x_wconf 82' lang='lat' dir='ltr'>linea</span> <span class='ocrx_word' id='word_1_137' title='bbox 697 1873 712 1894; x_wconf 88' lang='lat'><strong>,</strong></span> <span class='ocrx_word' id='word_1_138' title='bbox 742 1836 964 1904; x_wconf 84' lang='lat' dir='ltr'>originem</span> <span class='ocrx_word' id='word_1_139' title='bbox 984 1834 1160 1882; x_wconf 82' lang='lat' dir='ltr'>trahere</span> <span class='ocrx_word' id='word_1_140' title='bbox 1177 1830 1329 1880; x_wconf 89' lang='lat' dir='ltr'>decer-</span> 
     </span>
    </p>
   </div>
   <div class='ocr_carea' id='block_1_10' title="bbox 306 1902 1328 2048">
    <p class='ocr_par' dir='ltr' id='par_1_10' title="bbox 306 1902 1328 2048">
     <span class='ocr_line' id='line_1_26' title="bbox 338 1902 1328 1969; baseline -0.013 -9"><span class='ocrx_word' id='word_1_141' title='bbox 338 1913 431 1969; x_wconf 82' lang='lat' dir='ltr'>nit3</span> <span class='ocrx_word' id='word_1_142' title='bbox 451 1909 499 1959; x_wconf 71' lang='grc' dir='ltr'>ὅ(</span> <span class='ocrx_word' id='word_1_143' title='bbox 516 1907 883 1957; x_wconf 69' lang='grc' dir='ltr'>Οοηῑῐειάἱξὶοῐεε</span> <span class='ocrx_word' id='word_1_144' title='bbox 912 1902 1105 1951; x_wconf 83' lang='lat' dir='ltr'>censuris</span> <span class='ocrx_word' id='word_1_145' title='bbox 1120 1937 1134 1957; x_wconf 94' lang='lat'>,</span> <span class='ocrx_word' id='word_1_146' title='bbox 1155 1918 1206 1948; x_wconf 87' lang='lat' dir='ltr'>ac</span> <span class='ocrx_word' id='word_1_147' title='bbox 1231 1902 1328 1948; x_wconf 85' lang='lat' dir='ltr'>aliis</span> 
     </span>
     <span class='ocr_line' id='line_1_27' title="bbox 306 1970 1215 2048; baseline -0.015 -17"><span class='ocrx_word' id='word_1_148' title='bbox 306 2034 309 2037; x_wconf 59' lang='grc'>,</span> <span class='ocrx_word' id='word_1_149' title='bbox 336 1977 481 2048; x_wconf 84' lang='lat' dir='ltr'>poenis</span> <span class='ocrx_word' id='word_1_150' title='bbox 500 1976 591 2028; x_wconf 60' lang='lat' dir='ltr'>&amp;a</span> <span class='ocrx_word' id='word_1_151' title='bbox 609 1974 832 2044; x_wconf 83' lang='lat' dir='ltr'>compesci</span> <span class='ocrx_word' id='word_1_152' title='bbox 849 1974 1009 2022; x_wconf 84' lang='lat' dir='ltr'>debere</span> <span class='ocrx_word' id='word_1_153' title='bbox 1029 1970 1182 2022; x_wconf 85' lang='lat' dir='ltr'>stat-uit</span> <span class='ocrx_word' id='word_1_154' title='bbox 1203 2006 1215 2017; x_wconf 89' lang='lat'><strong>.</strong></span> 
     </span>
    </p>
   </div>
   <div class='ocr_carea' id='block_1_11' title="bbox 301 2089 1263 2173">
    <p class='ocr_par' dir='ltr' id='par_1_11' title="bbox 301 2089 1263 2173">
     <span class='ocr_line' id='line_1_28' title="bbox 301 2089 1263 2173; baseline -0.01 1"><span class='ocrx_word' id='word_1_155' title='bbox 301 2089 303 2091; x_wconf 30' lang='lat'>¹</span> <span class='ocrx_word' id='word_1_156' title='bbox 363 2117 784 2173; x_wconf 80' lang='lat' dir='ltr'>URBANUS</span> <span class='ocrx_word' id='word_1_157' title='bbox 822 2117 1032 2165; x_wconf 85' lang='lat' dir='ltr'>PAPA</span> <span class='ocrx_word' id='word_1_158' title='bbox 1070 2118 1263 2165; x_wconf 83' lang='lat' dir='ltr'>v111.</span> 
     </span>
    </p>
   </div>
   <div class='ocr_carea' id='block_1_12' title="bbox 473 2246 1156 2300">
    <p class='ocr_par' dir='ltr' id='par_1_12' title="bbox 473 2246 1156 2300">
     <span class='ocr_line' id='line_1_29' title="bbox 473 2246 1156 2300; baseline -0.01 -11"><span class='ocrx_word' id='word_1_159' title='bbox 473 2248 540 2289; x_wconf 84' lang='lat' dir='ltr'>Ad</span> <span class='ocrx_word' id='word_1_160' title='bbox 556 2252 789 2300; x_wconf 78' lang='lat' dir='ltr'>perpetuam</span> <span class='ocrx_word' id='word_1_161' title='bbox 817 2246 876 2284; x_wconf 79' lang='lat' dir='ltr'>rei</span> <span class='ocrx_word' id='word_1_162' title='bbox 905 2247 1126 2287; x_wconf 78' lang='lat' dir='ltr'>memoriam</span> <span class='ocrx_word' id='word_1_163' title='bbox 1144 2273 1156 2282; x_wconf 91' lang='lat'>.</span> 
     </span>
    </p>
   </div>
   <div class='ocr_carea' id='block_1_13' title="bbox 288 2360 1331 3819">
    <p class='ocr_par' dir='ltr' id='par_1_13' title="bbox 387 2360 1329 2417">
     <span class='ocr_line' id='line_1_30' title="bbox 387 2360 1329 2417; baseline -0.004 -11"><span class='ocrx_word' id='word_1_164' title='bbox 387 2361 595 2406; x_wconf 85' lang='lat' dir='ltr'>Alvatoris</span> <span class='ocrx_word' id='word_1_165' title='bbox 613 2389 626 2411; x_wconf 84' lang='lat'>,</span> <span class='ocrx_word' id='word_1_166' title='bbox 656 2363 694 2404; x_wconf 63' lang='grc' dir='ltr'>ὃς</span> <span class='ocrx_word' id='word_1_167' title='bbox 714 2360 1010 2403; x_wconf 85' lang='lat' dir='ltr'>Domininostri</span> <span class='ocrx_word' id='word_1_168' title='bbox 1026 2390 1040 2417; x_wconf 61' lang='lat'><em>2</em></span> <span class='ocrx_word' id='word_1_169' title='bbox 1072 2361 1138 2416; x_wconf 84' lang='lat' dir='ltr'>qui</span> <span class='ocrx_word' id='word_1_170' title='bbox 1155 2360 1329 2406; x_wconf 77' lang='lat' dir='ltr'>charitas</span> 
     </span>
    </p>

    <p class='ocr_par' dir='ltr' id='par_1_14' title="bbox 288 2419 1331 3819">
     <span class='ocr_line' id='line_1_31' title="bbox 401 2419 1328 2475; baseline -0.003 -12"><span class='ocrx_word' id='word_1_171' title='bbox 401 2422 456 2463; x_wconf 89' lang='lat' dir='ltr'>est</span> <span class='ocrx_word' id='word_1_172' title='bbox 472 2451 485 2471; x_wconf 89' lang='lat'><strong><em>,</em></strong></span> <span class='ocrx_word' id='word_1_173' title='bbox 499 2423 537 2462; x_wconf 90' lang='lat'>&amp;</span> <span class='ocrx_word' id='word_1_174' title='bbox 554 2423 663 2462; x_wconf 78' lang='lat' dir='ltr'>Deus</span> <span class='ocrx_word' id='word_1_175' title='bbox 676 2421 784 2474; x_wconf 85' lang='lat' dir='ltr'>pacis</span> <span class='ocrx_word' id='word_1_176' title='bbox 801 2447 814 2468; x_wconf 83' lang='lat'>‚</span> <span class='ocrx_word' id='word_1_177' title='bbox 832 2419 939 2462; x_wconf 85' lang='lat' dir='ltr'>vices</span> <span class='ocrx_word' id='word_1_178' title='bbox 961 2420 1087 2475; x_wconf 78' lang='lat' dir='ltr'>(licet</span> <span class='ocrx_word' id='word_1_179' title='bbox 1104 2421 1328 2474; x_wconf 87' lang='lat' dir='ltr'>immeriti)</span> 
     </span>
     <span class='ocr_line' id='line_1_32' title="bbox 300 2477 1330 2536; baseline -0.004 -14"><span class='ocrx_word' id='word_1_180' title='bbox 300 2479 491 2536; x_wconf 74' lang='lat' dir='ltr'>gerentes</span> <span class='ocrx_word' id='word_1_181' title='bbox 508 2481 544 2521; x_wconf 91' lang='lat' dir='ltr'>in</span> <span class='ocrx_word' id='word_1_182' title='bbox 563 2478 679 2520; x_wconf 85' lang='lat' dir='ltr'>terris</span> <span class='ocrx_word' id='word_1_183' title='bbox 694 2508 708 2532; x_wconf 58' lang='lat'><em>2</em></span> <span class='ocrx_word' id='word_1_184' title='bbox 727 2479 832 2519; x_wconf 90' lang='lat' dir='ltr'>inter</span> <span class='ocrx_word' id='word_1_185' title='bbox 846 2477 1089 2531; x_wconf 73' lang='lat' dir='ltr'>gravissimas</span> <span class='ocrx_word' id='word_1_186' title='bbox 1105 2505 1118 2527; x_wconf 81' lang='lat'>,</span> <span class='ocrx_word' id='word_1_187' title='bbox 1137 2477 1330 2531; x_wconf 87' lang='lat' dir='ltr'>multipli-</span> 
     </span>
     <span class='ocr_line' id='line_1_33' title="bbox 300 2535 1331 2593; baseline -0.005 -13"><span class='ocrx_word' id='word_1_188' title='bbox 300 2537 442 2593; x_wconf 84' lang='lat' dir='ltr'>cesque</span> <span class='ocrx_word' id='word_1_189' title='bbox 455 2537 689 2587; x_wconf 78' lang='lat' dir='ltr'>Apostolicae</span> <span class='ocrx_word' id='word_1_190' title='bbox 707 2535 909 2578; x_wconf 87' lang='lat' dir='ltr'>servitutis</span> <span class='ocrx_word' id='word_1_191' title='bbox 924 2549 1037 2577; x_wconf 83' lang='lat' dir='ltr'>curas</span> <span class='ocrx_word' id='word_1_192' title='bbox 1053 2562 1066 2583; x_wconf 82' lang='lat'>‚</span> <span class='ocrx_word' id='word_1_193' title='bbox 1099 2535 1134 2575; x_wconf 89' lang='lat' dir='ltr'>in</span> <span class='ocrx_word' id='word_1_194' title='bbox 1153 2549 1240 2576; x_wconf 87' lang='lat' dir='ltr'>eam</span> <span class='ocrx_word' id='word_1_195' title='bbox 1258 2549 1331 2590; x_wconf 87' lang='lat' dir='ltr'>pe-</span> 
     </span>
     <span class='ocr_line' id='line_1_34' title="bbox 296 2592 1329 2650; baseline -0.005 -10"><span class='ocrx_word' id='word_1_196' title='bbox 296 2596 447 2640; x_wconf 80' lang='lat' dir='ltr'>culiari</span> <span class='ocrx_word' id='word_1_197' title='bbox 487 2593 740 2636; x_wconf 71' lang='lat' dir='ltr'>solicitudine</span> <span class='ocrx_word' id='word_1_198' title='bbox 777 2593 929 2650; x_wconf 82' lang='lat' dir='ltr'>jugiter</span> <span class='ocrx_word' id='word_1_199' title='bbox 962 2592 1222 2634; x_wconf 82' lang='lat' dir='ltr'>incumbimus</span> <span class='ocrx_word' id='word_1_200' title='bbox 1239 2623 1253 2643; x_wconf 81' lang='lat'>,</span> <span class='ocrx_word' id='word_1_201' title='bbox 1285 2604 1329 2635; x_wconf 88' lang='lat' dir='ltr'>ut</span> 
     </span>
     <span class='ocr_line' id='line_1_35' title="bbox 297 2651 1326 2706; baseline -0.005 -9"><span class='ocrx_word' id='word_1_202' title='bbox 297 2651 618 2703; x_wconf 76' lang='lat' dir='ltr'>christifideles,</span> <span class='ocrx_word' id='word_1_203' title='bbox 647 2651 712 2706; x_wconf 88' lang='lat' dir='ltr'>qui</span> <span class='ocrx_word' id='word_1_204' title='bbox 737 2651 775 2692; x_wconf 86' lang='lat' dir='ltr'>in</span> <span class='ocrx_word' id='word_1_205' title='bbox 800 2656 947 2693; x_wconf 86' lang='lat' dir='ltr'>sortem</span> <span class='ocrx_word' id='word_1_206' title='bbox 980 2652 1138 2691; x_wconf 87' lang='lat' dir='ltr'>Domini</span> <span class='ocrx_word' id='word_1_207' title='bbox 1167 2653 1326 2705; x_wconf 71' lang='lat' dir='ltr'>vocati,</span> 
     </span>
     <span class='ocr_line' id='line_1_36' title="bbox 296 2710 1326 2767; baseline -0.004 -13"><span class='ocrx_word' id='word_1_208' title='bbox 296 2713 384 2767; x_wconf 85' lang='lat' dir='ltr'>ejus</span> <span class='ocrx_word' id='word_1_209' title='bbox 410 2711 608 2766; x_wconf 84' lang='lat' dir='ltr'>obsequiis</span> <span class='ocrx_word' id='word_1_210' title='bbox 634 2710 731 2759; x_wconf 84' lang='lat' dir='ltr'>diu,</span> <span class='ocrx_word' id='word_1_211' title='bbox 759 2712 955 2764; x_wconf 63' lang='lat' dir='ltr'>nostuque</span> <span class='ocrx_word' id='word_1_212' title='bbox 979 2710 1295 2763; x_wconf 86' lang='lat' dir='ltr'>mancipatisunt</span> <span class='ocrx_word' id='word_1_213' title='bbox 1313 2740 1326 2762; x_wconf 87' lang='lat'>‚</span> 
     </span>
     <span class='ocr_line' id='line_1_37' title="bbox 295 2767 1328 2825; baseline -0.003 -14"><span class='ocrx_word' id='word_1_214' title='bbox 295 2771 458 2815; x_wconf 66' lang='lat' dir='ltr'>sublatis</span> <span class='ocrx_word' id='word_1_215' title='bbox 485 2768 729 2825; x_wconf 78' lang='lat' dir='ltr'>quibuslibet</span> <span class='ocrx_word' id='word_1_216' title='bbox 756 2767 886 2815; x_wconf 81' lang='lat' dir='ltr'>dubiis</span> <span class='ocrx_word' id='word_1_217' title='bbox 913 2795 925 2817; x_wconf 79' lang='lat'>‚</span> <span class='ocrx_word' id='word_1_218' title='bbox 950 2768 990 2816; x_wconf 67' lang='grc' dir='ltr'>ὃς</span> <span class='ocrx_word' id='word_1_219' title='bbox 1016 2768 1328 2819; x_wconf 79' lang='lat' dir='ltr'>controversiis,</span> 
     </span>
     <span class='ocr_line' id='line_1_38' title="bbox 297 2824 1326 2878; baseline -0.003 -6"><span class='ocrx_word' id='word_1_220' title='bbox 297 2829 495 2873; x_wconf 76' lang='lat' dir='ltr'>Altiflimo</span> <span class='ocrx_word' id='word_1_221' title='bbox 511 2828 681 2870; x_wconf 78' lang='lat' dir='ltr'>reddant</span> <span class='ocrx_word' id='word_1_222' title='bbox 698 2826 945 2869; x_wconf 78' lang='lat' dir='ltr'>abundanter</span> <span class='ocrx_word' id='word_1_223' title='bbox 961 2824 1106 2869; x_wconf 63' lang='lat' dir='ltr'>fruetus</span> <span class='ocrx_word' id='word_1_224' title='bbox 1121 2827 1206 2868; x_wconf 87' lang='lat' dir='ltr'>suos</span> <span class='ocrx_word' id='word_1_225' title='bbox 1221 2839 1235 2878; x_wconf 65' lang='grc' dir='ltr'><strong>ς</strong></span> <span class='ocrx_word' id='word_1_226' title='bbox 1253 2842 1326 2874; x_wconf 85' lang='lat' dir='ltr'>nec</span> 
     </span>
     <span class='ocr_line' id='line_1_39' title="bbox 297 2885 1326 2943; baseline -0.003 -13"><span class='ocrx_word' id='word_1_227' title='bbox 297 2889 405 2931; x_wconf 82' lang='lat' dir='ltr'>abiis</span> <span class='ocrx_word' id='word_1_228' title='bbox 417 2917 430 2939; x_wconf 86' lang='lat'>‚</span> <span class='ocrx_word' id='word_1_229' title='bbox 459 2901 625 2943; x_wconf 88' lang='lat' dir='ltr'>quorum</span> <span class='ocrx_word' id='word_1_230' title='bbox 638 2886 694 2929; x_wconf 86' lang='lat' dir='ltr'>est</span> <span class='ocrx_word' id='word_1_231' title='bbox 709 2885 990 2938; x_wconf 85' lang='lat' dir='ltr'>evangelizare</span> <span class='ocrx_word' id='word_1_232' title='bbox 1005 2899 1174 2939; x_wconf 77' lang='lat' dir='ltr'>pacem,</span> <span class='ocrx_word' id='word_1_233' title='bbox 1199 2888 1238 2937; x_wconf 63' lang='grc' dir='ltr'>ὃς</span> <span class='ocrx_word' id='word_1_234' title='bbox 1254 2886 1326 2927; x_wconf 89' lang='lat' dir='ltr'>bo-</span> 
     </span>
     <span class='ocr_line' id='line_1_40' title="bbox 294 2943 1325 2999; baseline -0.006 -9"><span class='ocrx_word' id='word_1_235' title='bbox 294 2961 363 2999; x_wconf 80' lang='lat' dir='ltr'>na,</span> <span class='ocrx_word' id='word_1_236' title='bbox 377 2947 590 2989; x_wconf 82' lang='lat' dir='ltr'>veritatem</span> <span class='ocrx_word' id='word_1_237' title='bbox 610 2947 709 2986; x_wconf 78' lang='lat' dir='ltr'>vero</span> <span class='ocrx_word' id='word_1_238' title='bbox 721 2943 878 2986; x_wconf 64' lang='lat' dir='ltr'>&gt;temere</span> <span class='ocrx_word' id='word_1_239' title='bbox 891 2943 1325 2999; x_wconf 79' lang='lat' dir='ltr'>impugnand0‚pacem</span> 
     </span>
     <span class='ocr_line' id='line_1_41' title="bbox 291 3002 1326 3058; baseline -0.002 -12"><span class='ocrx_word' id='word_1_240' title='bbox 291 3019 383 3047; x_wconf 87' lang='lat' dir='ltr'>cum</span> <span class='ocrx_word' id='word_1_241' title='bbox 408 3003 591 3047; x_wconf 86' lang='lat' dir='ltr'>scandalo</span> <span class='ocrx_word' id='word_1_242' title='bbox 616 3003 848 3058; x_wconf 70' lang='lat' dir='ltr'>paxillorum</span> <span class='ocrx_word' id='word_1_243' title='bbox 872 3002 1055 3048; x_wconf 83' lang='lat' dir='ltr'>scindere</span> <span class='ocrx_word' id='word_1_244' title='bbox 1084 3016 1160 3044; x_wconf 92' lang='lat' dir='ltr'>non</span> <span class='ocrx_word' id='word_1_245' title='bbox 1180 3017 1326 3045; x_wconf 89' lang='lat' dir='ltr'>veren-</span> 
     </span>
     <span class='ocr_line' id='line_1_42' title="bbox 291 3059 1325 3114; baseline -0.004 -8"><span class='ocrx_word' id='word_1_246' title='bbox 291 3064 405 3114; x_wconf 75' lang='lat' dir='ltr'>tur,a</span> <span class='ocrx_word' id='word_1_247' title='bbox 422 3062 483 3107; x_wconf 81' lang='lat' dir='ltr'>sua</span> <span class='ocrx_word' id='word_1_248' title='bbox 501 3062 624 3105; x_wconf 60' lang='lat' dir='ltr'>fincta</span> <span class='ocrx_word' id='word_1_249' title='bbox 643 3063 855 3104; x_wconf 86' lang='lat' dir='ltr'>vocatione</span> <span class='ocrx_word' id='word_1_250' title='bbox 870 3059 1264 3106; x_wconf 78' lang='lat' dir='ltr'>distrahantur-Alias</span> <span class='ocrx_word' id='word_1_251' title='bbox 1280 3060 1325 3109; x_wconf 82' lang='lat' dir='ltr'>fi-</span> 
     </span>
     <span class='ocr_line' id='line_1_43' title="bbox 290 3118 1324 3177; baseline -0.001 -15"><span class='ocrx_word' id='word_1_252' title='bbox 290 3122 455 3177; x_wconf 82' lang='lat' dir='ltr'>quidem</span> <span class='ocrx_word' id='word_1_253' title='bbox 470 3119 575 3163; x_wconf 54' lang='lat' dir='ltr'>asel,</span> <span class='ocrx_word' id='word_1_254' title='bbox 594 3135 678 3163; x_wconf 89' lang='lat' dir='ltr'>rec.</span> <span class='ocrx_word' id='word_1_255' title='bbox 693 3121 818 3162; x_wconf 80' lang='lat' dir='ltr'>Paulo</span> <span class='ocrx_word' id='word_1_256' title='bbox 838 3122 941 3173; x_wconf 82' lang='lat' dir='ltr'>Papa</span> <span class='ocrx_word' id='word_1_257' title='bbox 960 3121 1007 3162; x_wconf 87' lang='lat' dir='ltr'>V.</span> <span class='ocrx_word' id='word_1_258' title='bbox 1030 3118 1324 3162; x_wconf 81' lang='lat' dir='ltr'>Praedeceffore</span> 
     </span>
     <span class='ocr_line' id='line_1_44' title="bbox 291 3177 1325 3234; baseline -0.002 -12"><span class='ocrx_word' id='word_1_259' title='bbox 291 3181 426 3225; x_wconf 87' lang='lat' dir='ltr'>nostro</span> <span class='ocrx_word' id='word_1_260' title='bbox 443 3191 645 3234; x_wconf 74' lang='lat' dir='ltr'>accepto,</span> <span class='ocrx_word' id='word_1_261' title='bbox 674 3177 915 3220; x_wconf 76' lang='lat' dir='ltr'>anonnullis</span> <span class='ocrx_word' id='word_1_262' title='bbox 949 3178 986 3219; x_wconf 91' lang='lat' dir='ltr'>in</span> <span class='ocrx_word' id='word_1_263' title='bbox 1011 3178 1175 3219; x_wconf 90' lang='lat' dir='ltr'>dubium</span> <span class='ocrx_word' id='word_1_264' title='bbox 1206 3193 1325 3220; x_wconf 68' lang='lat' dir='ltr'>revo-</span> 
     </span>
     <span class='ocr_line' id='line_1_45' title="bbox 290 3236 1323 3292; baseline -0.002 -12"><span class='ocrx_word' id='word_1_265' title='bbox 290 3241 404 3291; x_wconf 84' lang='lat' dir='ltr'>cari,</span> <span class='ocrx_word' id='word_1_266' title='bbox 418 3253 467 3286; x_wconf 83' lang='lat' dir='ltr'>an</span> <span class='ocrx_word' id='word_1_267' title='bbox 484 3242 646 3282; x_wconf 82' lang='lat' dir='ltr'>Fratres</span> <span class='ocrx_word' id='word_1_268' title='bbox 662 3237 766 3281; x_wconf 77' lang='lat' dir='ltr'>ord.</span> <span class='ocrx_word' id='word_1_269' title='bbox 779 3236 956 3292; x_wconf 70' lang='lat' dir='ltr'>ejusdem</span> <span class='ocrx_word' id='word_1_270' title='bbox 971 3239 1009 3277; x_wconf 84' lang='lat' dir='ltr'>S.</span> <span class='ocrx_word' id='word_1_271' title='bbox 1026 3236 1223 3278; x_wconf 81' lang='lat' dir='ltr'>Francisci</span> <span class='ocrx_word' id='word_1_272' title='bbox 1241 3241 1323 3278; x_wconf 87' lang='lat' dir='ltr'>Ca-</span> 
     </span>
     <span class='ocr_line' id='line_1_46' title="bbox 289 3293 1322 3353; baseline -0.003 -15"><span class='ocrx_word' id='word_1_273' title='bbox 289 3299 421 3352; x_wconf 78' lang='lat' dir='ltr'>pucini</span> <span class='ocrx_word' id='word_1_274' title='bbox 436 3298 653 3353; x_wconf 88' lang='lat' dir='ltr'>nuncupati</span> <span class='ocrx_word' id='word_1_275' title='bbox 669 3326 682 3347; x_wconf 76' lang='lat'>‚</span> <span class='ocrx_word' id='word_1_276' title='bbox 698 3293 825 3337; x_wconf 78' lang='lat' dir='ltr'>essent</span> <span class='ocrx_word' id='word_1_277' title='bbox 842 3295 939 3337; x_wconf 75' lang='lat' dir='ltr'>vere</span> <span class='ocrx_word' id='word_1_278' title='bbox 953 3296 1112 3336; x_wconf 82' lang='lat' dir='ltr'>Fratres</span> <span class='ocrx_word' id='word_1_279' title='bbox 1130 3295 1322 3347; x_wconf 66' lang='lat' dir='ltr'>Minores?</span> 
     </span>
     <span class='ocr_line' id='line_1_47' title="bbox 288 3353 1324 3412; baseline -0.003 -16"><span class='ocrx_word' id='word_1_280' title='bbox 288 3357 332 3396; x_wconf 63' lang='lat' dir='ltr'>r&amp;</span> <span class='ocrx_word' id='word_1_281' title='bbox 353 3359 475 3406; x_wconf 72' lang='lat' dir='ltr'>etiarn</span> <span class='ocrx_word' id='word_1_282' title='bbox 488 3385 502 3407; x_wconf 82' lang='lat'>,</span> <span class='ocrx_word' id='word_1_283' title='bbox 532 3356 717 3412; x_wconf 84' lang='lat' dir='ltr'>quoniam</span> <span class='ocrx_word' id='word_1_284' title='bbox 746 3353 946 3408; x_wconf 78' lang='lat' dir='ltr'>Regulam</span> <span class='ocrx_word' id='word_1_285' title='bbox 977 3356 1108 3397; x_wconf 67' lang='lat' dir='ltr'>Sancti</span> <span class='ocrx_word' id='word_1_286' title='bbox 1125 3353 1324 3396; x_wconf 85' lang='lat' dir='ltr'>Francisci</span> 
     </span>
     <span class='ocr_line' id='line_1_48' title="bbox 293 3410 1324 3467; baseline 0.002 -14"><span class='ocrx_word' id='word_1_287' title='bbox 293 3414 562 3467; x_wconf 65' lang='lat' dir='ltr'>profitentur,</span> <span class='ocrx_word' id='word_1_288' title='bbox 588 3413 821 3457; x_wconf 68' lang='lat' dir='ltr'>Filiisanffi</span> <span class='ocrx_word' id='word_1_289' title='bbox 849 3410 1077 3462; x_wconf 61' lang='lat' dir='ltr'>Francisci„</span> <span class='ocrx_word' id='word_1_290' title='bbox 1105 3426 1196 3452; x_wconf 89' lang='lat' dir='ltr'>cum</span> <span class='ocrx_word' id='word_1_291' title='bbox 1219 3422 1324 3455; x_wconf 81' lang='lat' dir='ltr'>tem-</span> 
     </span>
     <span class='ocr_line' id='line_1_49' title="bbox 290 3469 1328 3526; baseline 0 -14"><span class='ocrx_word' id='word_1_292' title='bbox 290 3486 393 3526; x_wconf 89' lang='lat' dir='ltr'>pore</span> <span class='ocrx_word' id='word_1_293' title='bbox 415 3474 542 3522; x_wconf 69' lang='lat' dir='ltr'>Sanffi</span> <span class='ocrx_word' id='word_1_294' title='bbox 561 3470 936 3515; x_wconf 84' lang='lat' dir='ltr'>Francisciinstituti</span> <span class='ocrx_word' id='word_1_295' title='bbox 951 3484 1029 3510; x_wconf 88' lang='lat' dir='ltr'>non</span> <span class='ocrx_word' id='word_1_296' title='bbox 1053 3469 1237 3511; x_wconf 85' lang='lat' dir='ltr'>fuerint?</span> <span class='ocrx_word' id='word_1_297' title='bbox 1260 3485 1328 3525; x_wconf 85' lang='lat' dir='ltr'>pa-</span> 
     </span>
     <span class='ocr_line' id='line_1_50' title="bbox 293 3528 1328 3586; baseline 0 -16"><span class='ocrx_word' id='word_1_298' title='bbox 293 3531 688 3586; x_wconf 71' lang='lat' dir='ltr'>1·iterque‚aneorum</span> <span class='ocrx_word' id='word_1_299' title='bbox 702 3530 1020 3572; x_wconf 79' lang='lat' dir='ltr'>Constitutiones</span> <span class='ocrx_word' id='word_1_300' title='bbox 1039 3528 1186 3582; x_wconf 82' lang='lat' dir='ltr'>aliquid</span> <span class='ocrx_word' id='word_1_301' title='bbox 1205 3530 1328 3570; x_wconf 85' lang='lat' dir='ltr'>habe-</span> 
     </span>
     <span class='ocr_line' id='line_1_51' title="bbox 295 3583 1328 3643; baseline -0.001 -14"><span class='ocrx_word' id='word_1_302' title='bbox 295 3599 416 3638; x_wconf 80' lang='lat' dir='ltr'>rent,</span> <span class='ocrx_word' id='word_1_303' title='bbox 446 3590 550 3643; x_wconf 86' lang='lat' dir='ltr'>quod</span> <span class='ocrx_word' id='word_1_304' title='bbox 569 3589 731 3643; x_wconf 82' lang='lat' dir='ltr'>Regulae</span> <span class='ocrx_word' id='word_1_305' title='bbox 748 3589 877 3632; x_wconf 59' lang='lat' dir='ltr'>Sancti</span> <span class='ocrx_word' id='word_1_306' title='bbox 906 3583 1101 3629; x_wconf 84' lang='lat' dir='ltr'>Francisci</span> <span class='ocrx_word' id='word_1_307' title='bbox 1130 3601 1328 3642; x_wconf 86' lang='lat' dir='ltr'>repugna-</span> 
     </span>
     <span class='ocr_line' id='line_1_52' title="bbox 294 3643 1330 3701; baseline -0.002 -13"><span class='ocrx_word' id='word_1_308' title='bbox 294 3657 356 3688; x_wconf 84' lang='lat' dir='ltr'>ret</span> <span class='ocrx_word' id='word_1_309' title='bbox 375 3649 387 3688; x_wconf 92' lang='lat'>?</span> <span class='ocrx_word' id='word_1_310' title='bbox 405 3648 515 3689; x_wconf 85' lang='lat' dir='ltr'>Idem</span> <span class='ocrx_word' id='word_1_311' title='bbox 530 3649 672 3689; x_wconf 86' lang='lat' dir='ltr'>Paulus</span> <span class='ocrx_word' id='word_1_312' title='bbox 687 3643 1035 3695; x_wconf 67' lang='lat' dir='ltr'>Praedeceffor,{11a</span> <span class='ocrx_word' id='word_1_313' title='bbox 1054 3647 1247 3701; x_wconf 77' lang='lat' dir='ltr'>perpetuo</span> <span class='ocrx_word' id='word_1_314' title='bbox 1265 3659 1330 3686; x_wconf 77' lang='lat' dir='ltr'>va-</span> 
     </span>
     <span class='ocr_line' id='line_1_53' title="bbox 292 3702 1330 3758; baseline -0.004 -10"><span class='ocrx_word' id='word_1_315' title='bbox 292 3706 411 3748; x_wconf 84' lang='lat' dir='ltr'>litura</span> <span class='ocrx_word' id='word_1_316' title='bbox 424 3706 719 3747; x_wconf 83' lang='lat' dir='ltr'>Constitutione</span> <span class='ocrx_word' id='word_1_317' title='bbox 736 3706 1140 3756; x_wconf 81' lang='lat' dir='ltr'>declaravit3Fratres</span> <span class='ocrx_word' id='word_1_318' title='bbox 1158 3702 1330 3758; x_wconf 87' lang='lat' dir='ltr'>Capuci-</span> 
     </span>
     <span class='ocr_line' id='line_1_54' title="bbox 288 3761 1328 3819; baseline -0.004 -11"><span class='ocrx_word' id='word_1_319' title='bbox 288 3777 364 3808; x_wconf 80' lang='lat' dir='ltr'>nos</span> <span class='ocrx_word' id='word_1_320' title='bbox 381 3761 457 3808; x_wconf 79' lang='lat' dir='ltr'>esse</span> <span class='ocrx_word' id='word_1_321' title='bbox 476 3765 569 3807; x_wconf 75' lang='lat' dir='ltr'>vere</span> <span class='ocrx_word' id='word_1_322' title='bbox 584 3766 746 3814; x_wconf 62' lang='lat' dir='ltr'>Fratres</span> <span class='ocrx_word' id='word_1_323' title='bbox 763 3765 958 3815; x_wconf 77' lang='lat' dir='ltr'>Minores,</span> <span class='ocrx_word' id='word_1_324' title='bbox 976 3779 1018 3806; x_wconf 87' lang='lat' dir='ltr'>ac</span> <span class='ocrx_word' id='word_1_325' title='bbox 1036 3763 1176 3816; x_wconf 78' lang='lat' dir='ltr'>etiam,</span> <span class='ocrx_word' id='word_1_326' title='bbox 1190 3777 1328 3819; x_wconf 63' lang='lat' dir='ltr'>qnam-</span> 
     </span>
    </p>
   </div>
   <div class='ocr_carea' id='block_1_14' title="bbox 2265 252 2377 317">
    <p class='ocr_par' dir='ltr' id='par_1_15' title="bbox 2265 252 2377 317">
     <span class='ocr_line' id='line_1_55' title="bbox 2265 252 2377 317; baseline 0.018 -2"><span class='ocrx_word' id='word_1_327' title='bbox 2265 252 2377 317; x_wconf 89' lang='lat'>77</span> 
     </span>
    </p>
   </div>
   <div class='ocr_carea' id='block_1_15' title="bbox 1383 322 2444 3878">
    <p class='ocr_par' dir='ltr' id='par_1_16' title="bbox 1383 322 2444 3878">
     <span class='ocr_line' id='line_1_56' title="bbox 1407 322 2444 374; baseline 0.008 -9"><span class='ocrx_word' id='word_1_328' title='bbox 1407 323 1464 365; x_wconf 87' lang='lat' dir='ltr'>vis</span> <span class='ocrx_word' id='word_1_329' title='bbox 1479 330 1664 374; x_wconf 79' lang='lat' dir='ltr'>tempore</span> <span class='ocrx_word' id='word_1_330' title='bbox 1695 327 1735 364; x_wconf 77' lang='lat' dir='ltr'>S.</span> <span class='ocrx_word' id='word_1_331' title='bbox 1753 322 1951 366; x_wconf 87' lang='lat' dir='ltr'>Francisci</span> <span class='ocrx_word' id='word_1_332' title='bbox 1970 327 2131 372; x_wconf 74' lang='lat' dir='ltr'>minime</span> <span class='ocrx_word' id='word_1_333' title='bbox 2159 327 2326 373; x_wconf 84' lang='lat' dir='ltr'>instituti</span> <span class='ocrx_word' id='word_1_334' title='bbox 2356 331 2444 373; x_wconf 81' lang='lat' dir='ltr'>fue-</span> 
     </span>
     <span class='ocr_line' id='line_1_57' title="bbox 1403 378 2441 443; baseline 0.011 -21"><span class='ocrx_word' id='word_1_335' title='bbox 1403 381 1484 422; x_wconf 84' lang='lat' dir='ltr'>rint</span> <span class='ocrx_word' id='word_1_336' title='bbox 1500 407 1513 430; x_wconf 83' lang='lat'><strong>,</strong></span> <span class='ocrx_word' id='word_1_337' title='bbox 1527 394 1615 422; x_wconf 87' lang='lat' dir='ltr'>cum</span> <span class='ocrx_word' id='word_1_338' title='bbox 1633 390 1767 421; x_wconf 88' lang='lat' dir='ltr'>tamen</span> <span class='ocrx_word' id='word_1_339' title='bbox 1783 378 1868 435; x_wconf 85' lang='lat' dir='ltr'>ejus</span> <span class='ocrx_word' id='word_1_340' title='bbox 1885 385 2064 438; x_wconf 84' lang='lat' dir='ltr'>regulam</span> <span class='ocrx_word' id='word_1_341' title='bbox 2078 387 2363 443; x_wconf 83' lang='lat' dir='ltr'>profiteantur,</span> <span class='ocrx_word' id='word_1_342' title='bbox 2379 402 2441 432; x_wconf 85' lang='lat' dir='ltr'>at-</span> 
     </span>
     <span class='ocr_line' id='line_1_58' title="bbox 1405 438 2442 502; baseline 0.013 -24"><span class='ocrx_word' id='word_1_343' title='bbox 1405 451 1483 493; x_wconf 91' lang='lat' dir='ltr'>que</span> <span class='ocrx_word' id='word_1_344' title='bbox 1499 451 1638 480; x_wconf 86' lang='lat' dir='ltr'>eorum</span> <span class='ocrx_word' id='word_1_345' title='bbox 1656 438 1835 480; x_wconf 87' lang='lat' dir='ltr'>instituta</span> <span class='ocrx_word' id='word_1_346' title='bbox 1853 453 2072 495; x_wconf 87' lang='lat' dir='ltr'>congruant</span> <span class='ocrx_word' id='word_1_347' title='bbox 2100 458 2179 490; x_wconf 80' lang='lat' dir='ltr'>tam</span> <span class='ocrx_word' id='word_1_348' title='bbox 2203 449 2353 502; x_wconf 84' lang='lat' dir='ltr'>regulae</span> <span class='ocrx_word' id='word_1_349' title='bbox 2367 449 2442 491; x_wconf 81' lang='lat' dir='ltr'>sta-</span> 
     </span>
     <span class='ocr_line' id='line_1_59' title="bbox 1406 496 2441 556; baseline 0.012 -19"><span class='ocrx_word' id='word_1_350' title='bbox 1406 497 1501 537; x_wconf 91' lang='lat' dir='ltr'>tutis</span> <span class='ocrx_word' id='word_1_351' title='bbox 1525 525 1538 547; x_wconf 85' lang='lat'>‚</span> <span class='ocrx_word' id='word_1_352' title='bbox 1570 496 1688 551; x_wconf 73' lang='lat' dir='ltr'>quam</span> <span class='ocrx_word' id='word_1_353' title='bbox 1703 496 1883 553; x_wconf 66' lang='lat' dir='ltr'>ejusdem</span> <span class='ocrx_word' id='word_1_354' title='bbox 1897 501 2045 554; x_wconf 81' lang='lat' dir='ltr'>regulae</span> <span class='ocrx_word' id='word_1_355' title='bbox 2069 503 2408 548; x_wconf 79' lang='lat' dir='ltr'>declarationibus</span> <span class='ocrx_word' id='word_1_356' title='bbox 2426 536 2441 556; x_wconf 89' lang='lat'>‚</span> 
     </span>
     <span class='ocr_line' id='line_1_60' title="bbox 1404 555 2440 610; baseline 0.009 -15"><span class='ocrx_word' id='word_1_357' title='bbox 1404 569 1489 610; x_wconf 83' lang='lat' dir='ltr'>quae</span> <span class='ocrx_word' id='word_1_358' title='bbox 1528 555 1726 596; x_wconf 83' lang='lat' dir='ltr'>habentur</span> <span class='ocrx_word' id='word_1_359' title='bbox 1752 556 1791 595; x_wconf 91' lang='lat' dir='ltr'>in</span> <span class='ocrx_word' id='word_1_360' title='bbox 1825 558 2126 602; x_wconf 83' lang='lat' dir='ltr'>Constitutione</span> <span class='ocrx_word' id='word_1_361' title='bbox 2154 561 2260 606; x_wconf 82' lang='lat' dir='ltr'>felic.</span> <span class='ocrx_word' id='word_1_362' title='bbox 2277 565 2440 607; x_wconf 86' lang='lat' dir='ltr'>record.</span> 
     </span>
     <span class='ocr_line' id='line_1_61' title="bbox 1405 614 2440 674; baseline 0.01 -19"><span class='ocrx_word' id='word_1_363' title='bbox 1405 614 1634 669; x_wconf 70' lang='lat' dir='ltr'>Clementis</span> <span class='ocrx_word' id='word_1_364' title='bbox 1658 615 1772 669; x_wconf 71' lang='lat' dir='ltr'>Papa·</span> <span class='ocrx_word' id='word_1_365' title='bbox 1799 615 1850 655; x_wconf 87' lang='lat' dir='ltr'>V.</span> <span class='ocrx_word' id='word_1_366' title='bbox 1881 616 2182 662; x_wconf 80' lang='lat' dir='ltr'>Praedecefforis</span> <span class='ocrx_word' id='word_1_367' title='bbox 2199 623 2314 664; x_wconf 88' lang='lat' dir='ltr'>nostri</span> <span class='ocrx_word' id='word_1_368' title='bbox 2330 651 2344 674; x_wconf 80' lang='lat'>‚</span> <span class='ocrx_word' id='word_1_369' title='bbox 2367 623 2440 665; x_wconf 64' lang='lat' dir='ltr'>ita-2</span> 
     </span>
     <span class='ocr_line' id='line_1_62' title="bbox 1405 671 2442 734; baseline 0.008 -20"><span class='ocrx_word' id='word_1_370' title='bbox 1405 671 1598 714; x_wconf 88' lang='lat' dir='ltr'>Generali</span> <span class='ocrx_word' id='word_1_371' title='bbox 1627 672 1817 714; x_wconf 85' lang='lat' dir='ltr'>Concilio</span> <span class='ocrx_word' id='word_1_372' title='bbox 1841 674 2055 716; x_wconf 73' lang='lat' dir='ltr'>Viennensi</span> <span class='ocrx_word' id='word_1_373' title='bbox 2071 678 2206 728; x_wconf 77' lang='lat' dir='ltr'>edita,</span> <span class='ocrx_word' id='word_1_374' title='bbox 2232 694 2315 734; x_wconf 82' lang='lat' dir='ltr'>quae</span> <span class='ocrx_word' id='word_1_375' title='bbox 2340 681 2442 722; x_wconf 89' lang='lat' dir='ltr'>inci-</span> 
     </span>
     <span class='ocr_line' id='line_1_63' title="bbox 1405 730 2437 788; baseline 0.009 -17"><span class='ocrx_word' id='word_1_376' title='bbox 1405 731 1493 786; x_wconf 66' lang='lat' dir='ltr'>pjtg</span> <span class='ocrx_word' id='word_1_377' title='bbox 1511 733 1630 772; x_wconf 73' lang='lat' dir='ltr'><em>Exivi</em></span> <span class='ocrx_word' id='word_1_378' title='bbox 1646 731 1691 771; x_wconf 79' lang='lat' dir='ltr'>de</span> <span class='ocrx_word' id='word_1_379' title='bbox 1706 730 1885 788; x_wconf 71' lang='lat' dir='ltr'>Paradisb</span> <span class='ocrx_word' id='word_1_380' title='bbox 1903 760 1915 782; x_wconf 82' lang='grc'>,</span> <span class='ocrx_word' id='word_1_381' title='bbox 1931 733 2055 775; x_wconf 88' lang='lat' dir='ltr'>Filios</span> <span class='ocrx_word' id='word_1_382' title='bbox 2075 738 2206 777; x_wconf 65' lang='lat' dir='ltr'>Saneti</span> <span class='ocrx_word' id='word_1_383' title='bbox 2226 737 2437 781; x_wconf 83' lang='lat' dir='ltr'>Francisci:</span> 
     </span>
     <span class='ocr_line' id='line_1_64' title="bbox 1402 791 2438 844; baseline 0.005 -13"><span class='ocrx_word' id='word_1_384' title='bbox 1402 802 1546 831; x_wconf 89' lang='lat' dir='ltr'>eorum</span> <span class='ocrx_word' id='word_1_385' title='bbox 1576 800 1770 844; x_wconf 85' lang='lat' dir='ltr'>praeterea</span> <span class='ocrx_word' id='word_1_386' title='bbox 1800 791 2120 836; x_wconf 84' lang='lat' dir='ltr'>Constitutiones</span> <span class='ocrx_word' id='word_1_387' title='bbox 2133 795 2234 836; x_wconf 90' lang='lat' dir='ltr'>nihil</span> <span class='ocrx_word' id='word_1_388' title='bbox 2250 797 2438 838; x_wconf 90' lang='lat' dir='ltr'>contine-</span> 
     </span>
     <span class='ocr_line' id='line_1_65' title="bbox 1403 847 2438 907; baseline 0.005 -18"><span class='ocrx_word' id='word_1_389' title='bbox 1403 861 1474 898; x_wconf 82' lang='lat' dir='ltr'>re,</span> <span class='ocrx_word' id='word_1_390' title='bbox 1505 847 1614 902; x_wconf 90' lang='lat' dir='ltr'>quod</span> <span class='ocrx_word' id='word_1_391' title='bbox 1644 861 1723 889; x_wconf 90' lang='lat' dir='ltr'>non</span> <span class='ocrx_word' id='word_1_392' title='bbox 1748 849 1793 888; x_wconf 88' lang='lat' dir='ltr'>fit</span> <span class='ocrx_word' id='word_1_393' title='bbox 1820 850 1966 904; x_wconf 85' lang='lat' dir='ltr'>regulae</span> <span class='ocrx_word' id='word_1_394' title='bbox 1998 856 2036 892; x_wconf 71' lang='grc'>5,.</span> <span class='ocrx_word' id='word_1_395' title='bbox 2055 853 2438 907; x_wconf 73' lang='lat' dir='ltr'>Fraiiciscipraefatae</span> 
     </span>
     <span class='ocr_line' id='line_1_66' title="bbox 1403 906 2438 956; baseline 0.003 -8"><span class='ocrx_word' id='word_1_396' title='bbox 1403 910 1740 956; x_wconf 81' lang='lat' dir='ltr'>consentaneum,</span> <span class='ocrx_word' id='word_1_397' title='bbox 1765 906 1944 951; x_wconf 85' lang='lat' dir='ltr'>irritanti</span> <span class='ocrx_word' id='word_1_398' title='bbox 1960 910 2095 952; x_wconf 66' lang='lat' dir='ltr'>⁴etiam</span> <span class='ocrx_word' id='word_1_399' title='bbox 2119 911 2292 952; x_wconf 89' lang='lat' dir='ltr'>decreto</span> <span class='ocrx_word' id='word_1_400' title='bbox 2323 911 2438 952; x_wconf 86' lang='lat' dir='ltr'>desu-</span> 
     </span>
     <span class='ocr_line' id='line_1_67' title="bbox 1398 965 2440 1021; baseline 0.002 -15"><span class='ocrx_word' id='word_1_401' title='bbox 1398 980 1472 1021; x_wconf 89' lang='lat' dir='ltr'>per</span> <span class='ocrx_word' id='word_1_402' title='bbox 1486 965 1663 1019; x_wconf 78' lang='lat' dir='ltr'>appostto</span> <span class='ocrx_word' id='word_1_403' title='bbox 1676 995 1691 1015; x_wconf 79' lang='grc'>,</span> <span class='ocrx_word' id='word_1_404' title='bbox 1720 965 1759 1008; x_wconf 83' lang='lat'>&amp;</span> <span class='ocrx_word' id='word_1_405' title='bbox 1774 965 1867 1007; x_wconf 74' lang='lat' dir='ltr'>alias</span> <span class='ocrx_word' id='word_1_406' title='bbox 1880 994 1894 1016; x_wconf 77' lang='lat'>‚</span> <span class='ocrx_word' id='word_1_407' title='bbox 1908 977 2031 1021; x_wconf 83' lang='lat' dir='ltr'>prout</span> <span class='ocrx_word' id='word_1_408' title='bbox 2048 970 2084 1008; x_wconf 93' lang='lat' dir='ltr'>in</span> <span class='ocrx_word' id='word_1_409' title='bbox 2100 968 2193 1009; x_wconf 68' lang='lat' dir='ltr'>dit-‘ti</span> <span class='ocrx_word' id='word_1_410' title='bbox 2208 967 2322 1018; x_wconf 85' lang='lat' dir='ltr'>Pauli</span> <span class='ocrx_word' id='word_1_411' title='bbox 2337 971 2440 1010; x_wconf 86' lang='lat' dir='ltr'>Prae-</span> 
     </span>
     <span class='ocr_line' id='line_1_68' title="bbox 1395 1021 2440 1079; baseline 0.004 -15"><span class='ocrx_word' id='word_1_412' title='bbox 1395 1022 1636 1073; x_wconf 75' lang='lat' dir='ltr'>decessoris,</span> <span class='ocrx_word' id='word_1_413' title='bbox 1668 1021 1837 1079; x_wconf 82' lang='lat' dir='ltr'>desuper</span> <span class='ocrx_word' id='word_1_414' title='bbox 1862 1026 1901 1066; x_wconf 88' lang='lat' dir='ltr'>in</span> <span class='ocrx_word' id='word_1_415' title='bbox 1924 1026 2037 1068; x_wconf 78' lang='lat' dir='ltr'>simili</span> <span class='ocrx_word' id='word_1_416' title='bbox 2052 1026 2183 1068; x_wconf 82' lang='lat' dir='ltr'>forma</span> <span class='ocrx_word' id='word_1_417' title='bbox 2203 1028 2341 1068; x_wconf 82' lang='lat' dir='ltr'>Brevis</span> <span class='ocrx_word' id='word_1_418' title='bbox 2370 1025 2440 1068; x_wconf 87' lang='lat' dir='ltr'>sub</span> 
     </span>
     <span class='ocr_line' id='line_1_69' title="bbox 1397 1081 2436 1141; baseline 0.004 -19"><span class='ocrx_word' id='word_1_419' title='bbox 1397 1082 1463 1124; x_wconf 85' lang='lat' dir='ltr'>die</span> <span class='ocrx_word' id='word_1_420' title='bbox 1491 1095 1557 1126; x_wconf 84' lang='lat' dir='ltr'>xv.</span> <span class='ocrx_word' id='word_1_421' title='bbox 1583 1081 1767 1124; x_wconf 66' lang='lat' dir='ltr'>Octobris</span> <span class='ocrx_word' id='word_1_422' title='bbox 1794 1085 2403 1141; x_wconf 80' lang='lat' dir='ltr'>MDcvt11.expeditisLiteris</span> <span class='ocrx_word' id='word_1_423' title='bbox 2420 1115 2436 1135; x_wconf 77' lang='grc'>,</span> 
     </span>
     <span class='ocr_line' id='line_1_70' title="bbox 1396 1140 2436 1199; baseline 0.003 -17"><span class='ocrx_word' id='word_1_424' title='bbox 1396 1155 1562 1196; x_wconf 82' lang='lat' dir='ltr'>quarum</span> <span class='ocrx_word' id='word_1_425' title='bbox 1584 1153 1746 1183; x_wconf 82' lang='lat' dir='ltr'>tenores</span> <span class='ocrx_word' id='word_1_426' title='bbox 1760 1140 2018 1195; x_wconf 76' lang='lat' dir='ltr'>praesentibus</span> <span class='ocrx_word' id='word_1_427' title='bbox 2038 1158 2110 1198; x_wconf 90' lang='lat' dir='ltr'>pro</span> <span class='ocrx_word' id='word_1_428' title='bbox 2127 1144 2269 1199; x_wconf 72' lang='lat' dir='ltr'>plene,</span> <span class='ocrx_word' id='word_1_429' title='bbox 2282 1145 2320 1187; x_wconf 85' lang='lat'>&amp;</span> <span class='ocrx_word' id='word_1_430' title='bbox 2334 1143 2436 1185; x_wconf 83' lang='lat' dir='ltr'>suffi-</span> 
     </span>
     <span class='ocr_line' id='line_1_71' title="bbox 1396 1198 2434 1258; baseline 0.004 -17"><span class='ocrx_word' id='word_1_431' title='bbox 1396 1201 1554 1242; x_wconf 89' lang='lat' dir='ltr'>cienter</span> <span class='ocrx_word' id='word_1_432' title='bbox 1570 1198 1755 1254; x_wconf 70' lang='lat' dir='ltr'>expressis</span> <span class='ocrx_word' id='word_1_433' title='bbox 1773 1200 1909 1241; x_wconf 84' lang='lat' dir='ltr'>haberi</span> <span class='ocrx_word' id='word_1_434' title='bbox 1927 1200 2111 1243; x_wconf 89' lang='lat' dir='ltr'>volumus</span> <span class='ocrx_word' id='word_1_435' title='bbox 2128 1231 2140 1253; x_wconf 83' lang='lat'>,</span> <span class='ocrx_word' id='word_1_436' title='bbox 2163 1203 2321 1258; x_wconf 76' lang='lat' dir='ltr'>plenius</span> <span class='ocrx_word' id='word_1_437' title='bbox 2337 1217 2434 1245; x_wconf 87' lang='lat' dir='ltr'>con—</span> 
     </span>
     <span class='ocr_line' id='line_1_72' title="bbox 1397 1259 2433 1308; baseline 0.004 -9"><span class='ocrx_word' id='word_1_438' title='bbox 1397 1259 1567 1299; x_wconf 87' lang='lat' dir='ltr'>tinetur.</span> <span class='ocrx_word' id='word_1_439' title='bbox 1585 1261 1691 1298; x_wconf 87' lang='lat' dir='ltr'>Cum</span> <span class='ocrx_word' id='word_1_440' title='bbox 1704 1267 1854 1308; x_wconf 80' lang='lat' dir='ltr'>autem,</span> <span class='ocrx_word' id='word_1_441' title='bbox 1866 1260 1963 1301; x_wconf 83' lang='lat' dir='ltr'>ficut</span> <span class='ocrx_word' id='word_1_442' title='bbox 1977 1259 2149 1302; x_wconf 62' lang='lat' dir='ltr'>dilectus</span> <span class='ocrx_word' id='word_1_443' title='bbox 2164 1261 2286 1304; x_wconf 83' lang='lat' dir='ltr'>Filius</span> <span class='ocrx_word' id='word_1_444' title='bbox 2302 1263 2433 1304; x_wconf 84' lang='lat' dir='ltr'>Fran-</span> 
     </span>
     <span class='ocr_line' id='line_1_73' title="bbox 1398 1314 2434 1373; baseline 0.004 -16"><span class='ocrx_word' id='word_1_445' title='bbox 1398 1314 1522 1357; x_wconf 89' lang='lat' dir='ltr'>ciscus</span> <span class='ocrx_word' id='word_1_446' title='bbox 1534 1314 1753 1357; x_wconf 84' lang='lat' dir='ltr'>Genuenlis</span> <span class='ocrx_word' id='word_1_447' title='bbox 1766 1345 1783 1365; x_wconf 76' lang='lat'>,</span> <span class='ocrx_word' id='word_1_448' title='bbox 1814 1318 2037 1362; x_wconf 87' lang='lat' dir='ltr'>eorundem</span> <span class='ocrx_word' id='word_1_449' title='bbox 2053 1321 2238 1361; x_wconf 72' lang='lat' dir='ltr'>fratrum</span> <span class='ocrx_word' id='word_1_450' title='bbox 2254 1319 2434 1373; x_wconf 84' lang='lat' dir='ltr'>Capuci-</span> 
     </span>
     <span class='ocr_line' id='line_1_74' title="bbox 1395 1374 2434 1430; baseline 0.004 -17"><span class='ocrx_word' id='word_1_451' title='bbox 1395 1387 1542 1417; x_wconf 89' lang='lat' dir='ltr'>norum</span> <span class='ocrx_word' id='word_1_452' title='bbox 1558 1374 1809 1414; x_wconf 82' lang='lat' dir='ltr'>Procurator</span> <span class='ocrx_word' id='word_1_453' title='bbox 1824 1375 2039 1416; x_wconf 85' lang='lat' dir='ltr'>Generalis</span> <span class='ocrx_word' id='word_1_454' title='bbox 2054 1405 2069 1425; x_wconf 61' lang='lat'>2</span> <span class='ocrx_word' id='word_1_455' title='bbox 2085 1379 2196 1418; x_wconf 84' lang='lat' dir='ltr'>nobis</span> <span class='ocrx_word' id='word_1_456' title='bbox 2211 1390 2344 1430; x_wconf 85' lang='lat' dir='ltr'>nuper</span> <span class='ocrx_word' id='word_1_457' title='bbox 2360 1391 2434 1417; x_wconf 88' lang='lat' dir='ltr'>ex-</span> 
     </span>
     <span class='ocr_line' id='line_1_75' title="bbox 1397 1429 2434 1486; baseline 0.005 -14"><span class='ocrx_word' id='word_1_458' title='bbox 1397 1431 1488 1486; x_wconf 83' lang='lat' dir='ltr'>poni</span> <span class='ocrx_word' id='word_1_459' title='bbox 1502 1429 1600 1472; x_wconf 77' lang='lat' dir='ltr'>fecit</span> <span class='ocrx_word' id='word_1_460' title='bbox 1616 1459 1630 1479; x_wconf 89' lang='grc'>,</span> <span class='ocrx_word' id='word_1_461' title='bbox 1657 1442 1851 1484; x_wconf 85' lang='lat' dir='ltr'>praetextu</span> <span class='ocrx_word' id='word_1_462' title='bbox 1866 1433 2032 1474; x_wconf 89' lang='lat' dir='ltr'>illorum</span> <span class='ocrx_word' id='word_1_463' title='bbox 2049 1437 2293 1484; x_wconf 79' lang='lat' dir='ltr'>verborum,</span> <span class='ocrx_word' id='word_1_464' title='bbox 2324 1435 2434 1477; x_wconf 89' lang='lat' dir='ltr'>vide-</span> 
     </span>
     <span class='ocr_line' id='line_1_76' title="bbox 1395 1489 2432 1547; baseline 0.001 -15"><span class='ocrx_word' id='word_1_465' title='bbox 1395 1490 1495 1532; x_wconf 88' lang='lat' dir='ltr'>licet</span> <span class='ocrx_word' id='word_1_466' title='bbox 1520 1506 1531 1531; x_wconf 74' lang='grc' dir='ltr'><em>ε</em></span> <span class='ocrx_word' id='word_1_467' title='bbox 1559 1489 1811 1545; x_wconf 64' lang='lat' dir='ltr'>ququam</span> <span class='ocrx_word' id='word_1_468' title='bbox 1832 1498 2001 1545; x_wconf 76' lang='lat' dir='ltr'>tempore</span> <span class='ocrx_word' id='word_1_469' title='bbox 2023 1496 2139 1533; x_wconf 76' lang='lat' dir='ltr'>Beati</span> <span class='ocrx_word' id='word_1_470' title='bbox 2153 1491 2355 1547; x_wconf 71' lang='lat' dir='ltr'>Francssi</span> <span class='ocrx_word' id='word_1_471' title='bbox 2368 1496 2432 1533; x_wconf 86' lang='lat' dir='ltr'>in-</span> 
     </span>
     <span class='ocr_line' id='line_1_77' title="bbox 1387 1544 2433 1607; baseline 0.003 -18"><span class='ocrx_word' id='word_1_472' title='bbox 1387 1551 1529 1607; x_wconf 75' lang='lat' dir='ltr'>stituti</span> <span class='ocrx_word' id='word_1_473' title='bbox 1557 1559 1630 1587; x_wconf 77' lang='lat' dir='ltr'>non</span> <span class='ocrx_word' id='word_1_474' title='bbox 1641 1544 1833 1603; x_wconf 69' lang='lat' dir='ltr'>fuerint,</span> <span class='ocrx_word' id='word_1_475' title='bbox 1864 1548 1884 1589; x_wconf 76' lang='lat' dir='ltr'>a</span> <span class='ocrx_word' id='word_1_476' title='bbox 1911 1551 2110 1592; x_wconf 86' lang='lat' dir='ltr'>nonnullis</span> <span class='ocrx_word' id='word_1_477' title='bbox 2130 1551 2167 1591; x_wconf 92' lang='lat' dir='ltr'>in</span> <span class='ocrx_word' id='word_1_478' title='bbox 2185 1551 2352 1592; x_wconf 89' lang='lat' dir='ltr'>dubium</span> <span class='ocrx_word' id='word_1_479' title='bbox 2369 1565 2433 1592; x_wconf 88' lang='lat' dir='ltr'>re-</span> 
     </span>
     <span class='ocr_line' id='line_1_78' title="bbox 1401 1604 2431 1663; baseline 0.002 -15"><span class='ocrx_word' id='word_1_480' title='bbox 1401 1617 1600 1654; x_wconf 75' lang='lat' dir='ltr'>vocetur,</span> <span class='ocrx_word' id='word_1_481' title='bbox 1625 1619 1674 1646; x_wconf 91' lang='lat' dir='ltr'>an</span> <span class='ocrx_word' id='word_1_482' title='bbox 1695 1604 1820 1646; x_wconf 87' lang='lat' dir='ltr'>iidem</span> <span class='ocrx_word' id='word_1_483' title='bbox 1848 1609 2012 1648; x_wconf 82' lang='lat' dir='ltr'>Fratres</span> <span class='ocrx_word' id='word_1_484' title='bbox 2027 1610 2223 1663; x_wconf 82' lang='lat' dir='ltr'>Capucini</span> <span class='ocrx_word' id='word_1_485' title='bbox 2241 1623 2288 1651; x_wconf 87' lang='lat' dir='ltr'>ex</span> <span class='ocrx_word' id='word_1_486' title='bbox 2307 1621 2400 1650; x_wconf 89' lang='lat' dir='ltr'>vera</span> <span class='ocrx_word' id='word_1_487' title='bbox 2414 1638 2431 1658; x_wconf 82' lang='lat'><strong>,</strong></span> 
     </span>
     <span class='ocr_line' id='line_1_79' title="bbox 1399 1663 2431 1718; baseline 0.001 -14"><span class='ocrx_word' id='word_1_488' title='bbox 1399 1667 1439 1712; x_wconf 63' lang='grc' dir='ltr'>ὃς</span> <span class='ocrx_word' id='word_1_489' title='bbox 1466 1677 1663 1718; x_wconf 85' lang='lat' dir='ltr'>nunquam</span> <span class='ocrx_word' id='word_1_490' title='bbox 1691 1663 1906 1706; x_wconf 73' lang='lat' dir='ltr'>intermissa</span> <span class='ocrx_word' id='word_1_491' title='bbox 1932 1665 2039 1708; x_wconf 88' lang='lat' dir='ltr'>linea</span> <span class='ocrx_word' id='word_1_492' title='bbox 2067 1668 2204 1708; x_wconf 63' lang='lat' dir='ltr'>§aneti</span> <span class='ocrx_word' id='word_1_493' title='bbox 2230 1665 2431 1711; x_wconf 70' lang='lat' dir='ltr'>francisci</span> 
     </span>
     <span class='ocr_line' id='line_1_80' title="bbox 1392 1721 2434 1778; baseline 0 -13"><span class='ocrx_word' id='word_1_494' title='bbox 1392 1723 1590 1776; x_wconf 87' lang='lat' dir='ltr'>originem</span> <span class='ocrx_word' id='word_1_495' title='bbox 1606 1721 1767 1763; x_wconf 86' lang='lat' dir='ltr'>tra-hant</span> <span class='ocrx_word' id='word_1_496' title='bbox 1789 1724 1904 1765; x_wconf 66' lang='lat' dir='ltr'>mos</span> <span class='ocrx_word' id='word_1_497' title='bbox 1918 1737 2070 1778; x_wconf 87' lang='lat' dir='ltr'>aequum</span> <span class='ocrx_word' id='word_1_498' title='bbox 2083 1753 2098 1773; x_wconf 86' lang='lat'><em>,</em></span> <span class='ocrx_word' id='word_1_499' title='bbox 2119 1727 2158 1766; x_wconf 88' lang='lat'>&amp;</span> <span class='ocrx_word' id='word_1_500' title='bbox 2172 1725 2318 1766; x_wconf 86' lang='lat' dir='ltr'>rationi</span> <span class='ocrx_word' id='word_1_501' title='bbox 2335 1739 2434 1765; x_wconf 87' lang='lat' dir='ltr'>con-</span> 
     </span>
     <span class='ocr_line' id='line_1_81' title="bbox 1392 1780 2431 1836; baseline 0 -14"><span class='ocrx_word' id='word_1_502' title='bbox 1392 1782 1530 1822; x_wconf 87' lang='lat' dir='ltr'>sonum</span> <span class='ocrx_word' id='word_1_503' title='bbox 1548 1780 1636 1823; x_wconf 82' lang='lat' dir='ltr'>fore</span> <span class='ocrx_word' id='word_1_504' title='bbox 1649 1781 1857 1823; x_wconf 82' lang='lat' dir='ltr'>censentes</span> <span class='ocrx_word' id='word_1_505' title='bbox 1870 1809 1884 1830; x_wconf 88' lang='lat'><em>,</em></span> <span class='ocrx_word' id='word_1_506' title='bbox 1900 1792 1942 1822; x_wconf 88' lang='lat' dir='ltr'>ut</span> <span class='ocrx_word' id='word_1_507' title='bbox 1958 1810 1972 1832; x_wconf 81' lang='lat'><strong>,</strong></span> <span class='ocrx_word' id='word_1_508' title='bbox 1987 1783 2052 1836; x_wconf 85' lang='lat' dir='ltr'>qui</span> <span class='ocrx_word' id='word_1_509' title='bbox 2071 1783 2220 1832; x_wconf 81' lang='lat' dir='ltr'>verbo,</span> <span class='ocrx_word' id='word_1_510' title='bbox 2233 1784 2272 1829; x_wconf 84' lang='lat'>&amp;</span> <span class='ocrx_word' id='word_1_511' title='bbox 2287 1797 2431 1824; x_wconf 83' lang='lat' dir='ltr'>exem-</span> 
     </span>
     <span class='ocr_line' id='line_1_82' title="bbox 1388 1837 2432 1895; baseline -0.003 -14"><span class='ocrx_word' id='word_1_512' title='bbox 1388 1841 1598 1895; x_wconf 65' lang='lat' dir='ltr'>p102veros</span> <span class='ocrx_word' id='word_1_513' title='bbox 1618 1837 1697 1880; x_wconf 88' lang='lat' dir='ltr'>sese</span> <span class='ocrx_word' id='word_1_514' title='bbox 1716 1839 1829 1880; x_wconf 81' lang='lat' dir='ltr'>Beati</span> <span class='ocrx_word' id='word_1_515' title='bbox 1847 1839 2043 1881; x_wconf 88' lang='lat' dir='ltr'>Francisci</span> <span class='ocrx_word' id='word_1_516' title='bbox 2064 1840 2288 1882; x_wconf 88' lang='lat' dir='ltr'>imitatores</span> <span class='ocrx_word' id='word_1_517' title='bbox 2304 1841 2432 1882; x_wconf 84' lang='lat' dir='ltr'>osten..</span> 
     </span>
     <span class='ocr_line' id='line_1_83' title="bbox 1388 1896 2431 1953; baseline -0.001 -14"><span class='ocrx_word' id='word_1_518' title='bbox 1388 1898 1518 1945; x_wconf 76' lang='lat' dir='ltr'>dunt,</span> <span class='ocrx_word' id='word_1_519' title='bbox 1546 1897 1645 1938; x_wconf 87' lang='lat' dir='ltr'>tales</span> <span class='ocrx_word' id='word_1_520' title='bbox 1671 1896 1720 1939; x_wconf 89' lang='lat' dir='ltr'>ab</span> <span class='ocrx_word' id='word_1_521' title='bbox 1743 1896 1952 1947; x_wconf 83' lang='lat' dir='ltr'>omnibus,</span> <span class='ocrx_word' id='word_1_522' title='bbox 1978 1898 2125 1953; x_wconf 87' lang='lat' dir='ltr'>absque</span> <span class='ocrx_word' id='word_1_523' title='bbox 2152 1899 2232 1940; x_wconf 89' lang='lat' dir='ltr'>ulla</span> <span class='ocrx_word' id='word_1_524' title='bbox 2263 1909 2431 1940; x_wconf 86' lang='lat' dir='ltr'>contro-</span> 
     </span>
     <span class='ocr_line' id='line_1_84' title="bbox 1390 1955 2429 2011; baseline -0.001 -13"><span class='ocrx_word' id='word_1_525' title='bbox 1390 1955 1512 1998; x_wconf 87' lang='lat' dir='ltr'>versia</span> <span class='ocrx_word' id='word_1_526' title='bbox 1537 1955 1760 1996; x_wconf 83' lang='lat' dir='ltr'>habeantur</span> <span class='ocrx_word' id='word_1_527' title='bbox 1787 1984 1802 2004; x_wconf 62' lang='lat'><em>2</em></span> <span class='ocrx_word' id='word_1_528' title='bbox 1828 1955 2098 2011; x_wconf 76' lang='lat' dir='ltr'>attentiusque</span> <span class='ocrx_word' id='word_1_529' title='bbox 2127 1956 2429 1999; x_wconf 79' lang='lat' dir='ltr'>confiderantes</span> 
     </span>
     <span class='ocr_line' id='line_1_85' title="bbox 1389 2012 2429 2069; baseline -0.002 -11"><span class='ocrx_word' id='word_1_530' title='bbox 1389 2012 1612 2058; x_wconf 82' lang='lat' dir='ltr'>eorundem</span> <span class='ocrx_word' id='word_1_531' title='bbox 1632 2016 1816 2055; x_wconf 84' lang='lat' dir='ltr'>Fratrum</span> <span class='ocrx_word' id='word_1_532' title='bbox 1830 2014 2132 2067; x_wconf 85' lang='lat' dir='ltr'>Capucinorum</span> <span class='ocrx_word' id='word_1_533' title='bbox 2160 2015 2397 2069; x_wconf 56' lang='lat' dir='ltr'>originem</span> <span class='ocrx_word' id='word_1_534' title='bbox 2414 2043 2429 2065; x_wconf 91' lang='lat'>,</span> 
     </span>
     <span class='ocr_line' id='line_1_86' title="bbox 1389 2069 2426 2127; baseline 0.001 -14"><span class='ocrx_word' id='word_1_535' title='bbox 1389 2073 1454 2114; x_wconf 87' lang='lat' dir='ltr'>seu</span> <span class='ocrx_word' id='word_1_536' title='bbox 1482 2072 1722 2127; x_wconf 84' lang='lat' dir='ltr'>principium</span> <span class='ocrx_word' id='word_1_537' title='bbox 1750 2070 1912 2112; x_wconf 85' lang='lat' dir='ltr'>illorum</span> <span class='ocrx_word' id='word_1_538' title='bbox 1927 2069 2006 2113; x_wconf 81' lang='lat' dir='ltr'>else</span> <span class='ocrx_word' id='word_1_539' title='bbox 2020 2073 2188 2115; x_wconf 89' lang='lat' dir='ltr'>realiter</span> <span class='ocrx_word' id='word_1_540' title='bbox 2202 2103 2216 2123; x_wconf 83' lang='lat'>‚</span> <span class='ocrx_word' id='word_1_541' title='bbox 2237 2074 2277 2113; x_wconf 88' lang='lat'>&amp;</span> <span class='ocrx_word' id='word_1_542' title='bbox 2294 2088 2426 2114; x_wconf 68' lang='lat' dir='ltr'>cum-.-</span> 
     </span>
     <span class='ocr_line' id='line_1_87' title="bbox 1390 2128 2428 2187; baseline -0.002 -13"><span class='ocrx_word' id='word_1_543' title='bbox 1390 2130 1529 2175; x_wconf 56' lang='lat' dir='ltr'>effectu</span> <span class='ocrx_word' id='word_1_544' title='bbox 1553 2128 1868 2184; x_wconf 86' lang='lat' dir='ltr'>computandum</span> <span class='ocrx_word' id='word_1_545' title='bbox 1883 2129 1903 2170; x_wconf 75' lang='lat' dir='ltr'>a</span> <span class='ocrx_word' id='word_1_546' title='bbox 1921 2140 2107 2185; x_wconf 84' lang='lat' dir='ltr'>tempore</span> <span class='ocrx_word' id='word_1_547' title='bbox 2135 2132 2326 2187; x_wconf 84' lang='lat' dir='ltr'>primaevae</span> <span class='ocrx_word' id='word_1_548' title='bbox 2344 2160 2359 2180; x_wconf 86' lang='grc'>,</span> <span class='ocrx_word' id='word_1_549' title='bbox 2389 2133 2428 2172; x_wconf 84' lang='lat'>&amp;</span> 
     </span>
     <span class='ocr_line' id='line_1_88' title="bbox 1387 2187 2424 2244; baseline -0.001 -13"><span class='ocrx_word' id='word_1_550' title='bbox 1387 2188 1594 2243; x_wconf 84' lang='lat' dir='ltr'>originalis</span> <span class='ocrx_word' id='word_1_551' title='bbox 1609 2188 1869 2230; x_wconf 88' lang='lat' dir='ltr'>institutionis</span> <span class='ocrx_word' id='word_1_552' title='bbox 1885 2189 2028 2242; x_wconf 82' lang='lat' dir='ltr'>regulae</span> <span class='ocrx_word' id='word_1_553' title='bbox 2043 2191 2266 2244; x_wconf 84' lang='lat' dir='ltr'>Seraphicae</span> <span class='ocrx_word' id='word_1_554' title='bbox 2278 2220 2293 2240; x_wconf 79' lang='grc'>,</span> <span class='ocrx_word' id='word_1_555' title='bbox 2312 2187 2424 2243; x_wconf 72' lang='lat' dir='ltr'>cujus</span> 
     </span>
     <span class='ocr_line' id='line_1_89' title="bbox 1390 2246 2426 2304; baseline -0.001 -14"><span class='ocrx_word' id='word_1_556' title='bbox 1390 2248 1686 2290; x_wconf 84' lang='lat' dir='ltr'>observantiam</span> <span class='ocrx_word' id='word_1_557' title='bbox 1699 2246 1763 2302; x_wconf 85' lang='lat' dir='ltr'>ipsi</span> <span class='ocrx_word' id='word_1_558' title='bbox 1785 2248 1942 2288; x_wconf 77' lang='lat' dir='ltr'>Fratres</span> <span class='ocrx_word' id='word_1_559' title='bbox 1956 2249 2154 2302; x_wconf 83' lang='lat' dir='ltr'>Capucini</span> <span class='ocrx_word' id='word_1_560' title='bbox 2170 2247 2326 2304; x_wconf 85' lang='lat' dir='ltr'>semper</span> <span class='ocrx_word' id='word_1_561' title='bbox 2341 2248 2426 2289; x_wconf 84' lang='lat' dir='ltr'>sine</span> 
     </span>
     <span class='ocr_line' id='line_1_90' title="bbox 1391 2305 2427 2363; baseline -0.004 -15"><span class='ocrx_word' id='word_1_562' title='bbox 1391 2307 1522 2363; x_wconf 87' lang='lat' dir='ltr'>aliqua</span> <span class='ocrx_word' id='word_1_563' title='bbox 1547 2306 1850 2360; x_wconf 84' lang='lat' dir='ltr'>interruptione</span> <span class='ocrx_word' id='word_1_564' title='bbox 1863 2305 2180 2360; x_wconf 66' lang='lat' dir='ltr'>continuarunt3</span> <span class='ocrx_word' id='word_1_565' title='bbox 2198 2305 2427 2348; x_wconf 88' lang='lat' dir='ltr'>eorundem</span> 
     </span>
     <span class='ocr_line' id='line_1_91' title="bbox 1391 2364 2425 2421; baseline -0.004 -14"><span class='ocrx_word' id='word_1_566' title='bbox 1391 2369 1579 2409; x_wconf 84' lang='lat' dir='ltr'>Fratrum</span> <span class='ocrx_word' id='word_1_567' title='bbox 1595 2365 1899 2419; x_wconf 87' lang='lat' dir='ltr'>Capucinorum</span> <span class='ocrx_word' id='word_1_568' title='bbox 1916 2365 2069 2419; x_wconf 83' lang='lat' dir='ltr'>quieti,</span> <span class='ocrx_word' id='word_1_569' title='bbox 2086 2364 2278 2421; x_wconf 77' lang='lat' dir='ltr'>quantum</span> <span class='ocrx_word' id='word_1_570' title='bbox 2295 2364 2425 2407; x_wconf 76' lang='lat' dir='ltr'>Nobis</span> 
     </span>
     <span class='ocr_line' id='line_1_92' title="bbox 1390 2421 2424 2477; baseline -0.002 -11"><span class='ocrx_word' id='word_1_571' title='bbox 1390 2438 1440 2466; x_wconf 88' lang='lat' dir='ltr'>ex</span> <span class='ocrx_word' id='word_1_572' title='bbox 1457 2424 1558 2464; x_wconf 87' lang='lat' dir='ltr'>Alto</span> <span class='ocrx_word' id='word_1_573' title='bbox 1582 2422 1820 2465; x_wconf 88' lang='lat' dir='ltr'>conceditur</span> <span class='ocrx_word' id='word_1_574' title='bbox 1835 2450 1849 2471; x_wconf 80' lang='grc'>,</span> <span class='ocrx_word' id='word_1_575' title='bbox 1873 2422 2084 2463; x_wconf 86' lang='lat' dir='ltr'>consulere</span> <span class='ocrx_word' id='word_1_576' title='bbox 2098 2451 2112 2471; x_wconf 82' lang='lat'>‚</span> <span class='ocrx_word' id='word_1_577' title='bbox 2142 2421 2424 2477; x_wconf 54' lang='lat' dir='ltr'>eosdemque,</span> 
     </span>
     <span class='ocr_line' id='line_1_93' title="bbox 1392 2478 2426 2534; baseline -0.001 -12"><span class='ocrx_word' id='word_1_578' title='bbox 1392 2485 1554 2524; x_wconf 81' lang='lat' dir='ltr'>Fratres</span> <span class='ocrx_word' id='word_1_579' title='bbox 1579 2480 1808 2534; x_wconf 84' lang='lat' dir='ltr'>Capucinos</span> <span class='ocrx_word' id='word_1_580' title='bbox 1836 2478 2070 2533; x_wconf 85' lang='lat' dir='ltr'>specialibus</span> <span class='ocrx_word' id='word_1_581' title='bbox 2097 2479 2300 2522; x_wconf 78' lang='lat' dir='ltr'>favoribus</span> <span class='ocrx_word' id='word_1_582' title='bbox 2327 2509 2341 2529; x_wconf 80' lang='grc'>,</span> <span class='ocrx_word' id='word_1_583' title='bbox 2386 2481 2426 2521; x_wconf 87' lang='lat'>&amp;</span> 
     </span>
     <span class='ocr_line' id='line_1_94' title="bbox 1391 2536 2424 2594; baseline -0.002 -14"><span class='ocrx_word' id='word_1_584' title='bbox 1391 2538 1531 2594; x_wconf 86' lang='lat' dir='ltr'>gratiis</span> <span class='ocrx_word' id='word_1_585' title='bbox 1545 2537 1727 2593; x_wconf 86' lang='lat' dir='ltr'>prosequi</span> <span class='ocrx_word' id='word_1_586' title='bbox 1746 2536 1929 2578; x_wconf 83' lang='lat' dir='ltr'>volentes</span> <span class='ocrx_word' id='word_1_587' title='bbox 1944 2567 1959 2587; x_wconf 84' lang='lat'>‚</span> <span class='ocrx_word' id='word_1_588' title='bbox 1983 2538 2022 2580; x_wconf 75' lang='grc' dir='ltr'>δι</span> <span class='ocrx_word' id='word_1_589' title='bbox 2042 2552 2184 2580; x_wconf 85' lang='lat' dir='ltr'>eorum</span> <span class='ocrx_word' id='word_1_590' title='bbox 2210 2538 2424 2593; x_wconf 75' lang='lat' dir='ltr'>singulares</span> 
     </span>
     <span class='ocr_line' id='line_1_95' title="bbox 1389 2594 2426 2653; baseline -0.002 -15"><span class='ocrx_word' id='word_1_591' title='bbox 1389 2597 1576 2653; x_wconf 88' lang='lat' dir='ltr'>personas</span> <span class='ocrx_word' id='word_1_592' title='bbox 1602 2596 1623 2637; x_wconf 70' lang='lat' dir='ltr'>a</span> <span class='ocrx_word' id='word_1_593' title='bbox 1653 2594 1851 2651; x_wconf 87' lang='lat' dir='ltr'>quibusvis</span> <span class='ocrx_word' id='word_1_594' title='bbox 1876 2597 2304 2638; x_wconf 84' lang='lat' dir='ltr'>excommunicationis</span> <span class='ocrx_word' id='word_1_595' title='bbox 2320 2623 2333 2646; x_wconf 81' lang='lat'>‚</span> <span class='ocrx_word' id='word_1_596' title='bbox 2364 2597 2426 2637; x_wconf 82' lang='lat' dir='ltr'>su·-</span> 
     </span>
     <span class='ocr_line' id='line_1_96' title="bbox 1388 2653 2423 2709; baseline -0.002 -13"><span class='ocrx_word' id='word_1_597' title='bbox 1388 2654 1600 2709; x_wconf 83' lang='lat' dir='ltr'>spenfionis</span> <span class='ocrx_word' id='word_1_598' title='bbox 1627 2682 1639 2705; x_wconf 87' lang='lat'>‚</span> <span class='ocrx_word' id='word_1_599' title='bbox 1677 2654 1879 2696; x_wconf 68' lang='lat' dir='ltr'>interdit‘ti</span> <span class='ocrx_word' id='word_1_600' title='bbox 1895 2683 1910 2702; x_wconf 89' lang='lat'><strong><em>,</em></strong></span> <span class='ocrx_word' id='word_1_601' title='bbox 1944 2654 2107 2709; x_wconf 85' lang='lat' dir='ltr'>aliisque</span> <span class='ocrx_word' id='word_1_602' title='bbox 2140 2653 2423 2697; x_wconf 80' lang='lat' dir='ltr'>Ecclesiasticis</span> 
     </span>
     <span class='ocr_line' id='line_1_97' title="bbox 1388 2710 2421 2769; baseline 0 -15"><span class='ocrx_word' id='word_1_603' title='bbox 1388 2713 1591 2755; x_wconf 86' lang='lat' dir='ltr'>sententiis</span> <span class='ocrx_word' id='word_1_604' title='bbox 1607 2743 1622 2763; x_wconf 84' lang='grc'>,</span> <span class='ocrx_word' id='word_1_605' title='bbox 1649 2710 1853 2761; x_wconf 71' lang='lat' dir='ltr'>censuris,</span> <span class='ocrx_word' id='word_1_606' title='bbox 1878 2713 1918 2753; x_wconf 91' lang='lat'>&amp;</span> <span class='ocrx_word' id='word_1_607' title='bbox 1935 2713 2064 2766; x_wconf 80' lang='lat' dir='ltr'>poenis</span> <span class='ocrx_word' id='word_1_608' title='bbox 2086 2712 2106 2753; x_wconf 77' lang='lat' dir='ltr'>a</span> <span class='ocrx_word' id='word_1_609' title='bbox 2132 2713 2249 2769; x_wconf 77' lang='lat' dir='ltr'>jure,</span> <span class='ocrx_word' id='word_1_610' title='bbox 2282 2711 2346 2752; x_wconf 91' lang='lat' dir='ltr'>vel</span> <span class='ocrx_word' id='word_1_611' title='bbox 2371 2714 2421 2754; x_wconf 90' lang='lat' dir='ltr'>ab</span> 
     </span>
     <span class='ocr_line' id='line_1_98' title="bbox 1391 2768 2421 2826; baseline -0.001 -13"><span class='ocrx_word' id='word_1_612' title='bbox 1391 2771 1581 2822; x_wconf 79' lang='lat' dir='ltr'>homine,</span> <span class='ocrx_word' id='word_1_613' title='bbox 1607 2771 1743 2826; x_wconf 87' lang='lat' dir='ltr'>quavis</span> <span class='ocrx_word' id='word_1_614' title='bbox 1758 2768 1988 2820; x_wconf 77' lang='lat' dir='ltr'>occasione,</span> <span class='ocrx_word' id='word_1_615' title='bbox 2021 2769 2087 2813; x_wconf 83' lang='lat' dir='ltr'>vel</span> <span class='ocrx_word' id='word_1_616' title='bbox 2108 2770 2327 2814; x_wconf 77' lang='lat' dir='ltr'>causalatis</span> <span class='ocrx_word' id='word_1_617' title='bbox 2354 2801 2368 2821; x_wconf 86' lang='lat'>,</span> <span class='ocrx_word' id='word_1_618' title='bbox 2395 2770 2421 2812; x_wconf 81' lang='lat' dir='ltr'>fi</span> 
     </span>
     <span class='ocr_line' id='line_1_99' title="bbox 1385 2827 2424 2886; baseline 0 -16"><span class='ocrx_word' id='word_1_619' title='bbox 1385 2830 1526 2882; x_wconf 82' lang='lat' dir='ltr'>quibus</span> <span class='ocrx_word' id='word_1_620' title='bbox 1543 2828 1849 2886; x_wconf 87' lang='lat' dir='ltr'>quomodolibet</span> <span class='ocrx_word' id='word_1_621' title='bbox 1865 2829 2065 2871; x_wconf 84' lang='lat' dir='ltr'>innodatae</span> <span class='ocrx_word' id='word_1_622' title='bbox 2081 2830 2252 2876; x_wconf 76' lang='lat' dir='ltr'>existunt</span> <span class='ocrx_word' id='word_1_623' title='bbox 2267 2859 2282 2879; x_wconf 84' lang='grc'>,</span> <span class='ocrx_word' id='word_1_624' title='bbox 2299 2827 2346 2870; x_wconf 88' lang='lat' dir='ltr'>ad</span> <span class='ocrx_word' id='word_1_625' title='bbox 2362 2828 2424 2870; x_wconf 87' lang='lat' dir='ltr'>ef-</span> 
     </span>
     <span class='ocr_line' id='line_1_100' title="bbox 1385 2885 2420 2942; baseline -0.001 -14"><span class='ocrx_word' id='word_1_626' title='bbox 1385 2885 1532 2933; x_wconf 60' lang='lat' dir='ltr'>fectum</span> <span class='ocrx_word' id='word_1_627' title='bbox 1564 2887 1813 2942; x_wconf 82' lang='lat' dir='ltr'>praesentium</span> <span class='ocrx_word' id='word_1_628' title='bbox 1842 2887 2034 2930; x_wconf 82' lang='lat' dir='ltr'>duntaxat</span> <span class='ocrx_word' id='word_1_629' title='bbox 2065 2886 2420 2942; x_wconf 84' lang='lat' dir='ltr'>consequendum,</span> 
     </span>
     <span class='ocr_line' id='line_1_101' title="bbox 1386 2945 2422 2996; baseline -0.002 -8"><span class='ocrx_word' id='word_1_630' title='bbox 1386 2947 1527 2990; x_wconf 77' lang='lat' dir='ltr'>harum</span> <span class='ocrx_word' id='word_1_631' title='bbox 1543 2945 1640 2989; x_wconf 87' lang='lat' dir='ltr'>serie</span> <span class='ocrx_word' id='word_1_632' title='bbox 1654 2945 1908 2988; x_wconf 82' lang='lat' dir='ltr'>absolventes</span> <span class='ocrx_word' id='word_1_633' title='bbox 1923 2975 1937 2996; x_wconf 60' lang='lat'>2</span> <span class='ocrx_word' id='word_1_634' title='bbox 1954 2948 1990 2986; x_wconf 87' lang='lat'>&amp;</span> <span class='ocrx_word' id='word_1_635' title='bbox 2005 2945 2202 2991; x_wconf 86' lang='lat' dir='ltr'>absolutas</span> <span class='ocrx_word' id='word_1_636' title='bbox 2222 2946 2310 2988; x_wconf 82' lang='lat' dir='ltr'>fore</span> <span class='ocrx_word' id='word_1_637' title='bbox 2325 2959 2422 2987; x_wconf 89' lang='lat' dir='ltr'>cen-</span> 
     </span>
     <span class='ocr_line' id='line_1_102' title="bbox 1384 3003 2420 3060; baseline -0.001 -15"><span class='ocrx_word' id='word_1_638' title='bbox 1384 3003 1518 3047; x_wconf 90' lang='lat' dir='ltr'>sentes</span> <span class='ocrx_word' id='word_1_639' title='bbox 1531 3035 1546 3058; x_wconf 78' lang='lat'>,</span> <span class='ocrx_word' id='word_1_640' title='bbox 1572 3004 1918 3060; x_wconf 83' lang='lat' dir='ltr'>supplicationibus</span> <span class='ocrx_word' id='word_1_641' title='bbox 1935 3005 2030 3047; x_wconf 62' lang='lat' dir='ltr'>dicti</span> <span class='ocrx_word' id='word_1_642' title='bbox 2048 3004 2244 3048; x_wconf 80' lang='lat' dir='ltr'>Francisci</span> <span class='ocrx_word' id='word_1_643' title='bbox 2267 3006 2420 3045; x_wconf 87' lang='lat' dir='ltr'>Procu-</span> 
     </span>
     <span class='ocr_line' id='line_1_103' title="bbox 1385 3063 2420 3107; baseline -0.001 -4"><span class='ocrx_word' id='word_1_644' title='bbox 1385 3063 1527 3104; x_wconf 88' lang='lat' dir='ltr'>ratoris</span> <span class='ocrx_word' id='word_1_645' title='bbox 1543 3064 1751 3105; x_wconf 86' lang='lat' dir='ltr'>Generalis</span> <span class='ocrx_word' id='word_1_646' title='bbox 1768 3064 1891 3105; x_wconf 88' lang='lat' dir='ltr'>totius</span> <span class='ocrx_word' id='word_1_647' title='bbox 1903 3063 2065 3106; x_wconf 88' lang='lat' dir='ltr'>Ordinis</span> <span class='ocrx_word' id='word_1_648' title='bbox 2082 3063 2304 3106; x_wconf 81' lang='lat' dir='ltr'>eorundem</span> <span class='ocrx_word' id='word_1_649' title='bbox 2324 3065 2420 3107; x_wconf 74' lang='lat' dir='ltr'>Fra-</span> 
     </span>
     <span class='ocr_line' id='line_1_104' title="bbox 1383 3121 2417 3176; baseline 0 -13"><span class='ocrx_word' id='word_1_650' title='bbox 1383 3131 1492 3163; x_wconf 87' lang='lat' dir='ltr'>trum</span> <span class='ocrx_word' id='word_1_651' title='bbox 1520 3121 1816 3176; x_wconf 85' lang='lat' dir='ltr'>Capucinorum</span> <span class='ocrx_word' id='word_1_652' title='bbox 1841 3123 2029 3172; x_wconf 79' lang='lat' dir='ltr'>nomine,</span> <span class='ocrx_word' id='word_1_653' title='bbox 2059 3123 2186 3165; x_wconf 86' lang='lat' dir='ltr'>Nobis</span> <span class='ocrx_word' id='word_1_654' title='bbox 2202 3121 2316 3175; x_wconf 78' lang='lat' dir='ltr'>super</span> <span class='ocrx_word' id='word_1_655' title='bbox 2341 3122 2417 3163; x_wconf 87' lang='lat' dir='ltr'>hoc</span> 
     </span>
     <span class='ocr_line' id='line_1_105' title="bbox 1385 3178 2416 3235; baseline -0.004 -13"><span class='ocrx_word' id='word_1_656' title='bbox 1385 3178 1595 3222; x_wconf 82' lang='lat' dir='ltr'>humiliter</span> <span class='ocrx_word' id='word_1_657' title='bbox 1622 3182 1842 3235; x_wconf 59' lang='lat' dir='ltr'>pori-efflis,</span> <span class='ocrx_word' id='word_1_658' title='bbox 1870 3180 2086 3233; x_wconf 83' lang='lat' dir='ltr'>inclinati3</span> <span class='ocrx_word' id='word_1_659' title='bbox 2115 3182 2178 3221; x_wconf 89' lang='lat' dir='ltr'>Re</span> <span class='ocrx_word' id='word_1_660' title='bbox 2204 3179 2312 3235; x_wconf 90' lang='lat' dir='ltr'>prius</span> <span class='ocrx_word' id='word_1_661' title='bbox 2343 3191 2416 3231; x_wconf 88' lang='lat' dir='ltr'>per</span> 
     </span>
     <span class='ocr_line' id='line_1_106' title="bbox 1386 3235 2418 3287; baseline 0.001 -8"><span class='ocrx_word' id='word_1_662' title='bbox 1386 3238 1639 3280; x_wconf 82' lang='lat' dir='ltr'>venerabiles</span> <span class='ocrx_word' id='word_1_663' title='bbox 1667 3241 1830 3287; x_wconf 64' lang='lat' dir='ltr'>Fratres</span> <span class='ocrx_word' id='word_1_664' title='bbox 1855 3240 2011 3281; x_wconf 79' lang='lat' dir='ltr'>nostros</span> <span class='ocrx_word' id='word_1_665' title='bbox 2030 3242 2069 3280; x_wconf 84' lang='lat' dir='ltr'>S.</span> <span class='ocrx_word' id='word_1_666' title='bbox 2088 3240 2141 3279; x_wconf 82' lang='lat' dir='ltr'>R.</span> <span class='ocrx_word' id='word_1_667' title='bbox 2157 3240 2203 3282; x_wconf 81' lang='lat' dir='ltr'>E.</span> <span class='ocrx_word' id='word_1_668' title='bbox 2223 3235 2418 3281; x_wconf 79' lang='lat' dir='ltr'>Cardina-</span> 
     </span>
     <span class='ocr_line' id='line_1_107' title="bbox 1384 3291 2418 3354; baseline -0.002 -16"><span class='ocrx_word' id='word_1_669' title='bbox 1384 3295 1473 3346; x_wconf 79' lang='lat' dir='ltr'>ies,</span> <span class='ocrx_word' id='word_1_670' title='bbox 1501 3298 1673 3352; x_wconf 74' lang='lat' dir='ltr'>negotiis</span> <span class='ocrx_word' id='word_1_671' title='bbox 1697 3291 1945 3354; x_wconf 77' lang='lat' dir='ltr'>regularium</span> <span class='ocrx_word' id='word_1_672' title='bbox 1973 3295 2199 3352; x_wconf 81' lang='lat' dir='ltr'>praepofitos</span> <span class='ocrx_word' id='word_1_673' title='bbox 2222 3323 2234 3345; x_wconf 85' lang='grc'>,</span> <span class='ocrx_word' id='word_1_674' title='bbox 2261 3294 2418 3336; x_wconf 68' lang='lat' dir='ltr'>mature</span> 
     </span>
     <span class='ocr_line' id='line_1_108' title="bbox 1384 3351 2415 3405; baseline -0.002 -9"><span class='ocrx_word' id='word_1_675' title='bbox 1384 3351 1542 3397; x_wconf 81' lang='lat' dir='ltr'>discussa</span> <span class='ocrx_word' id='word_1_676' title='bbox 1557 3386 1572 3405; x_wconf 63' lang='lat'>2</span> <span class='ocrx_word' id='word_1_677' title='bbox 1601 3355 1653 3397; x_wconf 87' lang='lat' dir='ltr'>de</span> <span class='ocrx_word' id='word_1_678' title='bbox 1672 3357 1897 3405; x_wconf 85' lang='lat' dir='ltr'>eorundem</span> <span class='ocrx_word' id='word_1_679' title='bbox 1921 3354 2198 3397; x_wconf 84' lang='lat' dir='ltr'>Cardinalium</span> <span class='ocrx_word' id='word_1_680' title='bbox 2224 3352 2386 3395; x_wconf 85' lang='lat' dir='ltr'>confilio</span> <span class='ocrx_word' id='word_1_681' title='bbox 2401 3381 2415 3403; x_wconf 87' lang='lat'>‚</span> 
     </span>
     <span class='ocr_line' id='line_1_109' title="bbox 1385 3411 2418 3470; baseline -0.002 -16"><span class='ocrx_word' id='word_1_682' title='bbox 1385 3415 1458 3454; x_wconf 91' lang='lat' dir='ltr'>hac</span> <span class='ocrx_word' id='word_1_683' title='bbox 1486 3414 1618 3466; x_wconf 80' lang='lat' dir='ltr'>nostra</span> <span class='ocrx_word' id='word_1_684' title='bbox 1646 3415 1845 3470; x_wconf 78' lang='lat' dir='ltr'>perpetuo</span> <span class='ocrx_word' id='word_1_685' title='bbox 1875 3414 2044 3457; x_wconf 82' lang='lat' dir='ltr'>valitura</span> <span class='ocrx_word' id='word_1_686' title='bbox 2078 3411 2378 3453; x_wconf 78' lang='lat' dir='ltr'>Constitutione-</span> <span class='ocrx_word' id='word_1_687' title='bbox 2402 3439 2418 3461; x_wconf 86' lang='lat'>,</span> 
     </span>
     <span class='ocr_line' id='line_1_110' title="bbox 1386 3466 2416 3526; baseline -0.002 -13"><span class='ocrx_word' id='word_1_688' title='bbox 1386 3474 1549 3517; x_wconf 78' lang='lat' dir='ltr'>Fratres</span> <span class='ocrx_word' id='word_1_689' title='bbox 1563 3475 1788 3526; x_wconf 85' lang='lat' dir='ltr'>Capucinos</span> <span class='ocrx_word' id='word_1_690' title='bbox 1814 3471 1996 3526; x_wconf 80' lang='lat' dir='ltr'>praesatos</span> <span class='ocrx_word' id='word_1_691' title='bbox 2013 3498 2027 3520; x_wconf 85' lang='lat'>‚</span> <span class='ocrx_word' id='word_1_692' title='bbox 2055 3467 2168 3511; x_wconf 75' lang='lat' dir='ltr'>fuisse</span> <span class='ocrx_word' id='word_1_693' title='bbox 2183 3499 2198 3520; x_wconf 76' lang='lat'><em>‚</em></span> <span class='ocrx_word' id='word_1_694' title='bbox 2224 3470 2260 3513; x_wconf 70' lang='grc' dir='ltr'>δι</span> <span class='ocrx_word' id='word_1_695' title='bbox 2275 3466 2351 3511; x_wconf 79' lang='lat' dir='ltr'>esse</span> <span class='ocrx_word' id='word_1_696' title='bbox 2365 3483 2416 3511; x_wconf 87' lang='lat' dir='ltr'>ex</span> 
     </span>
     <span class='ocr_line' id='line_1_111' title="bbox 1389 3527 2417 3587; baseline -0.002 -15"><span class='ocrx_word' id='word_1_697' title='bbox 1389 3544 1484 3572; x_wconf 86' lang='lat' dir='ltr'>vera</span> <span class='ocrx_word' id='word_1_698' title='bbox 1503 3561 1517 3581; x_wconf 62' lang='lat'>9</span> <span class='ocrx_word' id='word_1_699' title='bbox 1543 3533 1579 3570; x_wconf 66' lang='grc' dir='ltr'>δε</span> <span class='ocrx_word' id='word_1_700' title='bbox 1595 3545 1791 3587; x_wconf 82' lang='lat' dir='ltr'>nunquam</span> <span class='ocrx_word' id='word_1_701' title='bbox 1807 3531 2033 3585; x_wconf 83' lang='lat' dir='ltr'>interrupta</span> <span class='ocrx_word' id='word_1_702' title='bbox 2048 3527 2152 3570; x_wconf 88' lang='lat' dir='ltr'>linea</span> <span class='ocrx_word' id='word_1_703' title='bbox 2167 3558 2182 3579; x_wconf 57' lang='lat'><em>3</em></span> <span class='ocrx_word' id='word_1_704' title='bbox 2209 3542 2251 3569; x_wconf 90' lang='lat' dir='ltr'>ac</span> <span class='ocrx_word' id='word_1_705' title='bbox 2272 3540 2417 3579; x_wconf 76' lang='lat' dir='ltr'>veros,</span> 
     </span>
     <span class='ocr_line' id='line_1_112' title="bbox 1388 3583 2416 3635; baseline -0.002 -7"><span class='ocrx_word' id='word_1_706' title='bbox 1388 3589 1688 3631; x_wconf 78' lang='lat' dir='ltr'>&amp;indubitatos</span> <span class='ocrx_word' id='word_1_707' title='bbox 1706 3588 2038 3632; x_wconf 77' lang='lat' dir='ltr'>FratresOrdinis</span> <span class='ocrx_word' id='word_1_708' title='bbox 2056 3590 2093 3629; x_wconf 89' lang='lat' dir='ltr'>S.</span> <span class='ocrx_word' id='word_1_709' title='bbox 2110 3583 2341 3635; x_wconf 73' lang='lat' dir='ltr'>francisci,</span> <span class='ocrx_word' id='word_1_710' title='bbox 2375 3587 2416 3626; x_wconf 90' lang='lat'>&amp;</span> 
     </span>
     <span class='ocr_line' id='line_1_113' title="bbox 1389 3644 2415 3704; baseline -0.002 -16"><span class='ocrx_word' id='word_1_711' title='bbox 1389 3646 1494 3693; x_wconf 87' lang='lat' dir='ltr'>illius</span> <span class='ocrx_word' id='word_1_712' title='bbox 1509 3646 1651 3704; x_wconf 65' lang='lat' dir='ltr'>regulae</span> <span class='ocrx_word' id='word_1_713' title='bbox 1666 3648 1945 3691; x_wconf 79' lang='lat' dir='ltr'>observatores</span> <span class='ocrx_word' id='word_1_714' title='bbox 1961 3675 1974 3698; x_wconf 83' lang='lat'><strong>‚</strong></span> <span class='ocrx_word' id='word_1_715' title='bbox 2003 3646 2148 3702; x_wconf 86' lang='lat' dir='ltr'>subque</span> <span class='ocrx_word' id='word_1_716' title='bbox 2170 3644 2284 3699; x_wconf 80' lang='lat' dir='ltr'>ipsius</span> <span class='ocrx_word' id='word_1_717' title='bbox 2301 3644 2415 3686; x_wconf 73' lang='lat' dir='ltr'>Beati</span> 
     </span>
     <span class='ocr_line' id='line_1_114' title="bbox 1388 3702 2416 3762; baseline -0.005 -15"><span class='ocrx_word' id='word_1_718' title='bbox 1388 3707 1586 3748; x_wconf 82' lang='lat' dir='ltr'>Francisci</span> <span class='ocrx_word' id='word_1_719' title='bbox 1601 3708 1740 3762; x_wconf 87' lang='lat' dir='ltr'>regula</span> <span class='ocrx_word' id='word_1_720' title='bbox 1760 3703 1942 3748; x_wconf 74' lang='lat' dir='ltr'>militasse</span> <span class='ocrx_word' id='word_1_721' title='bbox 1958 3734 1971 3756; x_wconf 86' lang='lat'>‚</span> <span class='ocrx_word' id='word_1_722' title='bbox 2000 3707 2037 3746; x_wconf 88' lang='lat'><strong>&amp;</strong></span> <span class='ocrx_word' id='word_1_723' title='bbox 2051 3705 2099 3748; x_wconf 87' lang='lat' dir='ltr'>ad</span> <span class='ocrx_word' id='word_1_724' title='bbox 2114 3702 2281 3760; x_wconf 81' lang='lat' dir='ltr'>praesens</span> <span class='ocrx_word' id='word_1_725' title='bbox 2312 3716 2416 3756; x_wconf 86' lang='lat' dir='ltr'>quo-</span> 
     </span>
     <span class='ocr_line' id='line_1_115' title="bbox 1386 3760 2415 3826; baseline -0.002 -18"><span class='ocrx_word' id='word_1_726' title='bbox 1386 3778 1466 3821; x_wconf 86' lang='lat' dir='ltr'>que</span> <span class='ocrx_word' id='word_1_727' title='bbox 1489 3765 1698 3820; x_wconf 59' lang='lat' dir='ltr'>militarea</span> <span class='ocrx_word' id='word_1_728' title='bbox 1723 3765 1852 3826; x_wconf 80' lang='lat' dir='ltr'>sicque</span> <span class='ocrx_word' id='word_1_729' title='bbox 1878 3765 1928 3817; x_wconf 80' lang='lat' dir='ltr'>ab</span> <span class='ocrx_word' id='word_1_730' title='bbox 1954 3763 2134 3815; x_wconf 69' lang='lat' dir='ltr'>omnibus</span> <span class='ocrx_word' id='word_1_731' title='bbox 2150 3792 2162 3815; x_wconf 80' lang='lat'><strong>,</strong></span> <span class='ocrx_word' id='word_1_732' title='bbox 2189 3763 2227 3803; x_wconf 89' lang='lat'>&amp;</span> <span class='ocrx_word' id='word_1_733' title='bbox 2252 3760 2415 3814; x_wconf 60' lang='lat' dir='ltr'>lingulis</span> 
     </span>
     <span class='ocr_line' id='line_1_116' title="bbox 2175 3819 2362 3878; baseline -0.037 -9"><span class='ocrx_word' id='word_1_734' title='bbox 2175 3819 2327 3869; x_wconf 72' lang='lat' dir='ltr'>censeri</span> <span class='ocrx_word' id='word_1_735' title='bbox 2343 3848 2362 3878; x_wconf 45' lang='grc' dir='ltr'>ἒ</span> 
     </span>
    </p>
   </div>
  </div>
 </body>
</html>
