2704 4296
868 291 1690 385 ISAGOGE
2099 315 2282 396 xvii,

415 402 829 471 Attendendo
873 411 996 490 jam
1040 409 1120 469 ad
1167 411 1524 475 modernam
1575 417 1775 480 Curiae
1817 420 2027 501 praxin
2063 465 2080 490 ,
2134 429 2342 489 Bullas

228 518 436 563 omnes
466 490 739 557 subscribi
766 510 999 556 certum
1026 493 1132 564 est3
1164 495 1291 557 illas
1310 499 1560 582 quidem
1582 546 1596 568 ,
1624 521 1756 586 quae
1785 507 2025 567 minoris
2058 513 2193 572 sunt
2219 535 2344 572 mo-

225 589 450 653 menti,
479 595 582 642 aut
609 577 934 642 ordinarias
970 583 1246 644 materias
1274 590 1593 647 continent
1611 633 1625 655 ,
1655 587 2019 655 subscribunt
2039 597 2345 658 Officiales

227 698 341 760 pro
372 673 665 736 varietate
698 666 958 730 Viarum
981 714 1000 743 ‚
1033 686 1138 750 per
1163 686 1314 750 quas
1345 671 1529 734 Bunae
1565 692 1986 756 procurantur.
2015 685 2077 743 ὃς
2107 684 2181 743 de
2215 685 2346 765 qui-

225 763 334 825 bus
370 760 513 835 infra
545 759 600 814 in
633 757 845 811 Sestiana·
870 758 933 812 de
968 758 1062 813 Viis
1084 798 1099 822 ,
1129 774 1218 834 per·
1253 779 1387 836 quas
1425 760 1584 816 Bulla
1613 765 1985 837 expediuntur,
2022 767 2346 830 accuratior

224 843 439 911 redibit
475 843 704 905 mentio
727 883 743 909 ,
783 861 876 903 eas
911 845 1058 907 vero
1082 881 1098 906 2
1131 861 1261 926 quae
1291 865 1380 907 res
1415 845 1630 908 arduas
1670 868 2038 912 concernunt
2058 893 2072 917 ‚
2098 860 2157 914 ὅτ.
2207 875 2347 936 prae-

221 931 416 999 sertim
459 927 1014 991 Canonizatio-nem
1049 925 1419 996 decernunt,
1452 935 1701 1017 propriae
1735 934 1951 997 maniis
1983 936 2351 999 charactere>

223 1016 512 1092 muniunt
552 1015 662 1099 ipfi
687 1017 928 1078 Summi
960 1010 1313 1079 Pontifices,
1343 1016 1602 1081 Faciunt
1633 1033 1838 1082 autem
1873 1024 1992 1083 hoc
2019 1026 2084 1084 in
2121 1022 2352 1106 duplici

223 1100 456 1168 circulo
476 1147 489 1171 ‚
521 1119 791 1185 quorum
821 1105 1042 1182 major,
1074 1102 1135 1164 in
1165 1102 1485 1166 orbiculari
1514 1104 1704 1188 specie
1733 1121 1963 1170 textum
1992 1111 2178 1173 Sacrae
2206 1107 2351 1174 Scri·

221 1209 411 1278 pturae
445 1185 812 1271 praeseferens
834 1234 850 1261 ‚
878 1209 1001 1248 non
1037 1186 1341 1255 dividitur
1369 1235 1384 1259 ,
1427 1191 1682 1252 circulus
1715 1196 1913 1255 minor
1943 1199 2089 1259 vero
2118 1194 2178 1256 in
2208 1215 2353 1277 qua-

223 1299 365 1344 tuor
412 1290 647 1360 partes,
680 1279 833 1336 intra
879 1290 1029 1357 quas
1074 1277 1328 1334 nomina
1371 1275 1462 1336 SS.
1504 1276 1943 1357 Apostolorum
1994 1281 2192 1352 Petri,
2224 1285 2355 1354 ὃς)

224 1362 409 1431 Pauli
431 1402 446 1426 ‚
483 1381 552 1420 ac
586 1379 811 1421 nomen
845 1357 1022 1439 ipsius
1056 1360 1288 1421 Summi
1325 1356 1662 1424 pontificis,
1688 1355 1757 1421 in
1793 1362 2093 1425 creatione
2143 1362 2358 1425 affum-

227 1468 405 1538 ptum
453 1443 734 1527 leguntur
758 1486 774 1511 ‚
807 1465 915 1528 per
956 1443 1222 1504 Crucem
1261 1442 1643 1507 distribuitur
1670 1491 1683 1514 ,
1723 1448 1800 1509 de
1842 1467 1965 1529 quo
2003 1444 2363 1511 formulam-³

226 1534 442 1604 videre
472 1530 554 1592 est
592 1528 738 1593 infra
772 1535 925 1593 inter
963 1528 1448 1595 Constitutiones
1483 1533 1538 1597 S.
1571 1553 1651 1594 m.
1685 1531 2002 1597 Benedicti
2034 1534 2148 1599 PP.
2176 1533 2362 1596 XIII.

226 1621 330 1686 fol.
373 1623 447 1682 16
494 1666 508 1681 .
930 1649 933 1652 ⁴

349 1723 351 1725 ’
400 1634 720 1788 Βξῐεῐερειῑ
758 1703 858 1766 hic
893 1704 1028 1765 usus
1048 1746 1064 1770 ‚
1099 1702 1311 1765 Bullas
1341 1702 1820 1774 Confistoriales,
1853 1704 1954 1768 seu
1981 1705 2212 1771 Li-teras
2245 1705 2361 1767 De-

231 1793 476 1859 cretales
493 1832 508 1857 2
526 1788 1230 1877 affumpto-Pontificatfis
1249 1795 1494 1851 nomine
1522 1789 1927 1853 subscribendi
1946 1836 1966 1862 ,,
1982 1790 2058 1850 ab
2078 1792 2183 1853 usu
2201 1834 2216 1857 ‚
2233 1810 2366 1874 quo

232 1881 729 1965 supplicationes
767 1881 1015 1962 proprio
1045 1876 1428 1958 Bapti-{rnatis
1473 1884 1720 1938 nomine
1763 1881 1923 1961 Papa
1969 1875 2364 1939 subscribere)

231 1969 418 2034 solet,
449 1964 670 2026 hince.
700 1987 751 2049 g.
787 1963 1084 2025 Clemens
1118 1962 1278 2047 Papa
1314 1964 1463 2024 ΧΗ..
1496 1985 1631 2025 cum
1669 1980 1843 2025 ante-a
1881 1962 2065 2025 fuerit⁴
2093 1971 2366 2024 Lauren-

172 2054 176 2059 ’
233 2058 356 2118 tius
389 2068 676 2116 vocatus,
707 2051 1174 2136 supplicationes
1204 2048 1536 2134 iubscripfit
1568 2048 1758 2132 prima
1790 2050 1968 2130 hujus
2002 2055 2268 2112 nommis
2299 2049 2369 2108 li-

234 2159 362 2204 tera
396 2139 471 2201 L·
493 2178 509 2203 ‚
543 2142 607 2198 &
631 2142 919 2199 rationem
956 2133 1317 2219 disparitatis
1348 2140 1650 2200 Eminent..
1672 2134 1855 2197 Card.
1887 2138 2055 2198 Petra
2090 2144 2185 2211 (m)
2214 2133 2456 2200 hancm)
2486 2148 2583 2204 Tozm

236 2225 407 2288 affert
429 2265 446 2291 ‚
490 2222 656 2308 quod
686 2229 743 2282 in
774 2220 1218 2302 fitpplicationibus
1257 2228 1412 2300 Papa·
1446 2243 1629 2300 organo
1656 2223 1759 2299 sua
1799 2226 1940 2279 vocis
1987 2241 2170 2281 utatur
2195 2266 2208 2289 ‚
2244 2225 2374 2279 unde
2391 2197 2579 2287 ἶῆῑῖἷῃῗόοέἶ

239 2313 450 2397 &jure
478 2328 664 2369 utatur
693 2315 888 2389 proprio
919 2314 1147 2379 nomine,
1183 2332 1294 2367 cum
1310 2314 1384 2387 fit
1413 2317 1556 2367 adius
1584 2310 2000 2386 personalitatis,
2030 2310 2177 2372 dum
2204 2329 2381 2368 econ⁴

238 2420 330 2464 tra
371 2445 386 2467 ,
430 2398 531 2461 vel
590 2404 657 2459 in
701 2396 891 2461 Bonis
922 2442 937 2466 ,
981 2417 1130 2478 quas
1189 2394 1310 2478 ipse
1370 2417 1493 2456 non
1539 2393 1842 2455 subscribit
1874 2439 1888 2461 ‚
1938 2418 2097 2474 neque
2140 2418 2380 2451 manum>

225 2492 380 2569 fitam
416 2488 620 2562 apponit
642 2528 658 2552 ,
691 2501 852 2542 totum
885 2485 989 2558 fiat
1031 2500 1116 2559 per
1164 2483 1276 2564 {ju-5
1323 2483 1574 2558 Officiales
1603 2525 1619 2547 ,
1661 2485 1757 2555 qui
1789 2501 1961 2536 nomen
1995 2483 2264 2554 pontificia
2301 2481 2382 2535 di-

234 2575 461 2652 gnitatis
497 2586 814 2644 praeponunt,
846 2569 942 2630 vel
978 2568 1035 2626 in
1071 2566 1290 2625 Bonis,
1325 2579 1477 2643 quas
1521 2563 1709 2639 fignat
1730 2606 1742 2627 ,
1774 2564 1830 2634 se
1862 2564 2143 2638 fubssribat
2188 2566 2383 2617 nomine

242 2656 582 2730 Pontificatsts.
626 2658 697 2710 ad
739 2654 1108 2710 correlationem
1158 2648 1338 2710 ntuli«,
1390 2648 1497 2728 qui
1543 2648 1898 2725 exprimitur
1930 2649 1991 2706 in
2026 2653 2197 2730 apice
2245 2646 2385 2707 Bul-

243 2745 360 2806 lae:
406 2741 562 2802 male
608 2739 768 2800 enirn
829 2733 1063 2796 sonaret
1090 2779 1106 2806 ‚
1153 2731 1193 2793 s1
1240 2736 1306 2792 in
1353 2728 1576 2792 eodem
1629 2728 1980 2812 Diplomate
2035 2730 2383 2816 subscriptio

244 2828 401 2895 foret
444 2825 677 2889 diversa
714 2822 789 2885 ab
823 2823 1245 2905 inscriptione*
2257 2846 2263 2850 -

611 3022 669 3109 s
765 3018 839 3110 E
937 3017 1023 3105 e·
1115 3015 1194 3105 T
1292 3012 1339 3100 1
1438 3013 1526 3102 o
1688 2961 2020 3102 xm

825 3219 970 3305 “De
1032 3212 1286 3330 sigillo,
1348 3210 1799 3300 Bullaruml

372 3434 674 3521 Ignandas
719 3423 832 3493 effe
876 3427 1079 3492 Bullas
1126 3424 1473 3490 Pontificias
1530 3425 1785 3509 sigillo,
1828 3419 1999 3506 quod
2043 3441 2146 3507 per
2190 3420 2379 3485 exce}-

260 3443 359 3594 S
409 3526 672 3587 lentiam
730 3519 1071 3598 Apostolicum
1142 3514 1452 3596 appell-ant
1504 3557 1519 3580 ‚
1580 3510 2011 3575 conse&arium
2079 3507 2157 3569 est
2214 3523 2379 3569 tam..

260 3631 337 3674 ex
395 3609 704 3671 communi
760 3604 1034 3686 exemplo
1065 3647 1079 3670 ,
1125 3619 1252 3684 quo
1325 3599 1627 3682 Principes
1673 3599 1868 3660 literas
1906 3639 1920 3662 ‚
1980 3592 2080 3656 vel
2121 3597 2378 3675 legem,

260 3695 370 3761 vel
399 3695 648 3758 aliarum
681 3713 883 3755 rerum
919 3692 1234 3754 Summa-m
1272 3688 1644 3747 continentes
1665 3729 1679 3752 ,
1712 3681 1990 3768 publico,
2018 3685 2081 3743 &
2126 3677 2378 3744 authen.

261 3786 385 3846 tico
431 3778 639 3865 sigillo
685 3779 1112 3843 communiunt
1141 3819 1156 3846 ,
1201 3790 1327 3836 tam
1371 3792 1444 3833 ex
1487 3774 1616 3854 ipso
1647 3769 1840 3832 Bunae
1884 3770 2249 3916 operegkseu
2295 3767 2377 3832 fa÷

1496 3878 1529 3918 c
2144 3876 2247 3917 ura
2275 3900 2291 3924 ,
