2658 4244
896 178 1058 268 Sub
1115 178 1499 269 Clemente
1559 181 1660 267 X.

2143 206 2295 292 '123

235 298 306 351 bus
320 299 557 359 Apostolicis
570 329 584 353 ,
601 300 829 358 caeterisque
854 299 1065 340 contrariis
1091 296 1255 354 quibus·
1314 298 1550 356 particulari
1585 300 1806 339 Conventu
1842 311 2083 352 permanere
2116 306 2175 347 eis
2212 308 2369 358 liceat;

233 374 393 421 ‘cunque
407 393 418 403 .
453 364 646 406 Volumus
662 371 792 410 autem
808 388 824 410 ,
842 369 888 400 ut
902 357 1074 411 ipsarum
1088 355 1255 411 praesen·
1314 357 1382 401 vel
1401 385 1415 407 ‚
1430 368 1475 398 ut
1489 369 1579 397 cum
1593 356 1650 395 eis
1664 355 1912 409 dispensetur
1927 359 1975 398 ad
1996 362 2093 412 hoc,
2108 375 2150 404 ut
2168 374 2260 406 ante
2272 379 2369 420 per-

231 425 334 467 tium
349 423 581 466 Literarum
607 418 855 474 transumptis
881 445 897 467 ,
933 416 1003 457 seu
1031 414 1261 469 exemplis,

233 483 356 526 etiam
371 480 561 534 impressis
573 506 588 530 ‚
610 493 724 522 manu
739 473 900 531 alicujus
916 473 1075 518 Notarii
1106 473 1259 529 publici

231 539 487 594 subscriptis,
513 540 552 580 δε
577 535 707 591 figillo
728 533 901 592 personae
915 534 953 574 in
977 531 1260 575 Ecclesiastica

233 600 436 653 dignitate·
456 595 674 639 conffitutae
701 595 862 637 munitis
884 621 898 644 ‚
921 590 1069 633 eadem
1099 589 1259 646 prorsus

232 655 331 699 fides
357 657 548 697 habeatur
563 654 602 693 in
621 652 798 704 judicio,
825 654 865 692 ὅτ.
887 661 1001 692 extra
1014 649 1117 692 illud
1132 680 1148 700 ,
1173 663 1261 700 quae

231 711 548 767 habereturipfis
564 709 812 765 praesentibus
825 739 839 762 ‚
857 709 880 751 fi
898 708 1032 752 forent
1051 709 1261 759 exhibitae,

231 768 485 816 v'el'ostensae.
520 771 670 810 Datum
692 771 826 811 Romae
838 766 942 822 apud
962 770 1142 809 Sanstam
1168 769 1257 810 Ma-

231 831 327 874 riam
340 826 535 884 Majorem
567 825 636 870 sub
661 827 821 879 Annulo
850 825 1059 869 Piscatoris
1089 826 1166 868 Die
1188 840 1256 869 xx-

226 887 331 989 lunii
342 899 555 932 moenxxr.
588 884 854 932 Pontificatus
878 885 1019 930 Nostri
1044 887 1167 929 Anno
1187 888 1261 927 Se-

231 960 303 990 cun
333 959 390 988 or

826 1063 862 1104 1.
896 1064 946 1103 G.
977 1061 1121 1118 Slust'us
1134 1091 1145 1102 .

285 1182 589 1237 'Autographum
619 1180 661 1221 in
702 1179 863 1223 Archiv.
902 1182 1042 1229 δεινοί.
1077 1180 1264 1221 Brevium

343 1239 476 1295 Apost.
515 1244 608 1295 Reg.
635 1239 746 1292 ‘Jult‘i
780 1238 898 1286 1671.
916 1238 995 1294 fol.
1025 1239 1090 1284 78.
1119 1238 1163 1278 de
1188 1251 1262 1291 quo

342 1300 466 1339 Breve
488 1297 714 1352 formatum
735 1299 778 1336 In
807 1294 930 1338 Arcb.
949 1308 1083 1350 gener.
1102 1295 1260 1338 Ordinis

347 1358 450 1396 Tam.
469 1357 524 1396 H.
541 1358 595 1397 H.
607 1367 713 1397 num.
725 1364 796 1405 44.

224 1585 482 1639 Recursum
495 1601 620 1639 extra
631 1587 859 1638 Ordinem
873 1623 889 1645 ,
903 1605 986 1655 pro
997 1585 1159 1636 officiis
1180 1590 1258 1636 vel

259 1657 523 1707 obedientiis
561 1657 816 1706 obtinendis
845 1656 926 1707 sub
954 1658 1258 1708 excommuni-

262 1727 441 1777 catione
456 1726 667 1793 prohibet
682 1763 696 1774 .

341 1868 753 1916 CLEMENS
807 1870 1027 1916 PAPA
1080 1871 1146 1919 X.

402 1991 472 2036 Ad
482 2000 714 2047 perpetuam
734 1995 795 2034 rei
815 1997 1062 2036 memoriam.

337 2110 376 2151 X
400 2109 577 2166 injuncto
590 2110 718 2153 Nobis
733 2111 902 2153 coelitus
916 2112 1153 2166 Apostolicae
1171 2111 1254 2154 ser-

353 2168 492 2210 vitutis
518 2183 686 2212 munere
717 2171 755 2211 in
778 2184 866 2212 eam
892 2171 1090 2226 praecipue
1117 2186 1259 2215 curam

225 2226 406 2268 sollicitis
425 2227 554 2270 studiis
568 2228 831 2270 incumbimus
844 2258 859 2280 ,
880 2240 926 2270 ut
942 2231 1175 2286 regularem
1187 2232 1259 2272 ob-

224 2284 465 2327 servantiam
481 2313 495 2337 ,
524 2285 832 2343 religiosamque
847 2288 1184 2345 tranquillitatem
1198 2291 1262 2331 in-

225 2352 290 2384 ter
304 2343 675 2400 Religiosos'viros,
693 2360 762 2388 eos
780 2345 998 2402 praesertim
1015 2376 1028 2397 ‚
1052 2363 1147 2404 quos
1170 2348 1258 2390 sua-

224 2413 278 2442 ve
304 2403 453 2444 Christi
480 2403 619 2459 jugum
650 2404 717 2446 sub
748 2407 927 2447 arctioris
957 2408 1046 2448 vitae
1078 2408 1258 2448 instituto

226 2459 433 2513 amplexos
448 2489 462 2509 ,
493 2464 644 2503 caeteris
658 2462 855 2505 modestiae
870 2492 884 2513 ,
910 2475 1035 2519 atque
1052 2465 1258 2504 humilita-

227 2516 278 2556 tis
293 2544 307 2566 ,
332 2518 371 2556 ὃς
384 2517 652 2571 religiositatis
667 2521 855 2574 exemplo
869 2522 1090 2572 praelucere
1104 2520 1227 2561 decet
1245 2548 1259 2569 ,

226 2572 418 2629 quantum
431 2574 548 2616 nobis
565 2590 615 2617 ex
626 2575 707 2618 alto
721 2578 979 2629 conceditur,
991 2578 1098 2619 tueri
1112 2607 1127 2629 2
1140 2588 1259 2634 atque

229 2627 468 2675 conservare
484 2631 703 2688 satagamus
717 2665 728 2676 .

283 2690 802 2750 Supplicationibusitaque
815 2695 952 2736 dilecti
981 2695 1049 2738 filii
1074 2694 1258 2737 moderni

222 2747 394 2789 Ministri
415 2749 630 2791 Generalis
659 2752 820 2794 Ordinis
841 2756 1030 2795 Fratrum
1054 2755 1259 2795 Minorum

224 2808 266 2847 S.
283 2807 478 2847 Francisci
501 2810 805 2863 Capucinorum
834 2822 1167 2867 nuncupatorum·
1186 2827 1259 2854 no-

224 2864 333 2904 mine
344 2863 469 2904 Nobis
485 2866 601 2920 super
615 2868 690 2908 hoc
709 2868 918 2911 humiliter
934 2873 1126 2926 porreffis
1140 2871 1254 2913 incli-

222 2922 332 2972 nati,
360 2936 534 2978 eumque
548 2924 568 2965 ὲ
584 2924 788 2981 quibusvis
802 2931 1226 2971 excommunicationis
1240 2957 1254 2979 2

222 2979 508 3032 suspenfionis,
535 2983 573 3023 &
601 2984 840 3036 interdicti,
867 2985 1031 3042 aliisque
1058 2986 1253 3030 Ecclesia—

220 3038 325 3093 sticis
339 3037 541 3080 sententiis
558 3069 572 3090 a
584 3043 761 3085 censuris
780 3072 792 3094 ‚
813 3046 853 3085 δε
866 3046 995 3101 poenis
1009 3046 1029 3085 ἑ
1043 3044 1129 3101 jure
1144 3074 1157 3094 ‚
1186 3044 1253 3086 vel

220 3097 271 3137 ab
286 3097 443 3138 homine
459 3100 600 3153 quavis
626 3102 862 3154 occafione‚
894 3105 961 3146 vel
990 3103 1103 3146 causa
1127 3104 1218 3146 latis
1235 3133 1251 3153 ,

218 3156 246 3195 fi
273 3155 411 3209 quibus
435 3157 742 3211 quomodolibet
765 3161 980 3204 innodatus
1008 3163 1138 3204 existit
1156 3191 1170 3211 ,
1202 3162 1251 3202 ad

219 3212 400 3254 effeetum
416 3214 666 3269 praeseniium
681 3219 877 3261 duntaxat
905 3220 1256 3275 consequendum,

219 3272 356 3314 harum
389 3270 491 3314 serie
522 3274 775 3320 absolventes
795 3308 810 3328 ,
842 3280 879 3319 &
911 3278 1138 3321 absolutum
1166 3279 1253 3320 sore

220 3329 423 3373 censentes
439 3363 454 3383 ,
486 3334 696 3384 omnibus,
728 3337 767 3376 &
794 3336 955 3391 lingulis
972 3337 1069 3379 dieti
1084 3337 1252 3379 Ordinis

220 3389 422 3430 fratribus
439 3392 715 3444 praesentibus,
739 3397 777 3435 &
795 3392 938 3437 futuris
956 3423 970 3445 ‚
998 3392 1116 3439 ne'de
1130 3406 1250 3437 caete-

220 3460 267 3487 ro
280 3446 327 3488 ad
344 3448 578 3492 obtinendas
613 3453 866 3495 obedientias
883 3483 896 3504 ‚
922 3456 1002 3496 five
1029 3453 1248 3509 permiffio-

220 3519 288 3546 nes
302 3503 482 3548 visitandi
496 3522 634 3551 eorum
650 3523 836 3566 parentes
851 3541 865 3564 ‚
892 3512 961 3555 seu
976 3513 1219 3568 propinquos
1232 3542 1249 3563 ‚

221 3572 291 3604 aut
307 3562 395 3605 loca
411 3569 531 3608 Sacra
543 3582 800 3626 quaecumque
817 3601 830 3623 ‚
867 3572 930 3614 vel
947 3601 961 3621 ,
991 3582 1034 3612 ut
1052 3570 1102 3613 ad
1118 3570 1249 3626 digni-

222 3631 356 3671 tates,
387 3622 545 3676 officia‚
569 3638 639 3669 aut
661 3643 826 3673 munera
853 3631 1039 3685 quaelibet
1067 3628 1250 3683 ejusdem

220 3679 381 3723 Ordinis
398 3710 411 3732 ,
432 3692 501 3724 aut
517 3681 564 3724 ad
581 3684 703 3727 studia
720 3698 1031 3742 promoveantur
1045 3718 1058 3740 ‚
1084 3689 1163 3735 sive
1178 3715 1192 3737 a
1206 3697 1250 3729 ut

220 3738 269 3781 ab
286 3753 366 3782 uno
379 3740 428 3789 ad
445 3741 567 3784 alium
590 3742 723 3787 locum
746 3746 909 3791 tranfire
924 3777 938 3801 ‚
969 3746 1033 3793 vel
1059 3748 1098 3790 in
1113 3747 1248 3804 aliquo

1321 419 1450 458 aetum
1466 412 1702 469 septennale
1716 414 1887 455 studium
1903 415 1940 455 in
1969 420 2294 464 Concionatores
2309 417 2368 464 as.

1319 473 1435 525 sumi,
1453 471 1642 515 munusve
1658 472 1970 514 Concionatoris
1990 488 2204 532 exercere,
2220 493 2305 527 aut,
2322 490 2366 523 ut

1322 545 1420 577 ante
1439 533 1690 586 completum
1709 531 1746 571 in
1761 530 1905 573 eodem
1925 532 2084 575 Ordine
2110 537 2366 592 septennium

1320 592 1371 634 ad
1400 590 1553 634 sacrum
1581 587 1890 644 presbyteratus
1913 590 2113 633 Ordinem
2150 609 2368 649 promove.

1321 651 1355 693 ri
1388 651 1551 692 valeant
1567 678 1582 700 ‚
1612 651 1692 690 slve
1723 648 1772 691 ad
1798 648 1877 690 alia
1911 647 2048 692 fimilia
2084 654 2365 710 consequenda

1319 720 1402 752 tam
1428 723 1502 764 pro
1533 708 1572 750 se
1585 736 1599 757 ‚
1631 710 1747 764 quam
1782 721 1855 761 pro
1887 706 1973 748 aliis
2009 711 2173 753 Ordinis
2207 712 2362 768 praefati

1320 770 1527 811 Fratribus
1542 766 1591 810 ad
1607 779 1935 822 quarumcunque
1949 768 2227 823 personarum,
2244 783 2363 814 extra

1316 827 1492 871 eundem
1502 826 1699 868 Ordinem
1715 823 2113 875 existentiu1n‚etiam
2126 831 2267 885 quavis
2283 833 2366 871 Ec·-

1322 885 1535 929 clefiastica
1550 916 1566 936 ,
1601 883 1666 927 vel
1698 883 1898 926 mundana
1926 885 2148 938 dignitate,
2180 889 2366 941 praaemi-

1320 946 1456 987 nentia
1478 975 1494 995 ‚
1532 946 1569 985 δε
1598 944 1796 998 potestate
1828 942 2082 998 fungentium
2107 972 2121 995 ,
2168 955 2236 985 aut
2269 944 2367 986 alias

1318 1002 1502 1058 specifica
1516 1032 1530 1054 ‚
1557 1002 1819 1044 &individua
1833 1005 2044 1046 mentione
2057 1031 2070 1054 ‚
2093 1003 2131 1044 &
2146 1002 2364 1057 expreffio-

1318 1075 1369 1103 ne
1381 1062 1596 1116 dignarum
1612 1061 1771 1103 favores
1784 1090 1800 1110 ‚
1828 1059 2010 1117 suffragia
2024 1089 2039 1111 ,
2067 1061 2132 1103 vel
2162 1061 2362 1103 interces-

1323 1122 1448 1163 fiones
1475 1132 1690 1162 recurrere
1718 1148 1732 1169 ‚
1763 1118 1896 1161 illisve
1921 1121 1980 1161 uti
2010 1119 2185 1162 audeant
2218 1122 2363 1176 quovis

1324 1178 1445 1220 modo
1457 1208 1472 1228 ,
1489 1178 1553 1221 vel
1568 1178 1829 1233 praesumant,
1844 1177 1913 1219 sub
1926 1180 2362 1221 excommunicationis

1323 1237 1412 1280 latae
1436 1237 1640 1278 sententiae
1653 1264 1667 1286 ,
1693 1249 1739 1276 ac
1757 1237 1994 1291 privationis
2012 1238 2121 1278 vocis
2136 1239 2270 1280 astivae
2285 1266 2300 1288 a
2328 1239 2368 1278 δε

1320 1295 1472 1350 paffivae
1487 1326 1503 1346 ‚
1523 1309 1568 1336 ac
1594 1294 1791 1350 graduum
1804 1323 1818 1343 ,
1842 1296 1884 1336 &
1899 1295 2125 1338 officiorum
2141 1325 2155 1348 ,
2170 1309 2368 1352 quorum-

1317 1368 1479 1409 cunque
1504 1369 1578 1408 per
1593 1368 1660 1395 eas
1678 1353 1970 1403 obtentorum,
1993 1366 2277 1408 perpetuaeque
2299 1355 2363 1394 in-

1318 1412 1539 1453 habilitatis
1563 1411 1613 1451 ad
1632 1410 1726 1459 illa,
1754 1412 1791 1451 &
1812 1412 1958 1462 quaevis
1985 1411 2063 1452 alia
2092 1413 2131 1453 in
2163 1413 2367 1466 posterum

1316 1468 1540 1510 obtinenda
1555 1468 1704 1522 poenis,
1719 1480 1792 1521 per
1804 1479 2142 1511 contraventores
2159 1469 2243 1525 ipso
2262 1468 2367 1512 facto

1318 1528 1467 1581 absque
1479 1528 1557 1568 alia
1573 1525 1852 1568 declaratione
1879 1527 2137 1569 incurrendis
2155 1556 2170 1579 ‚
2200 1528 2368 1569 Autho-

1319 1587 1442 1628 ritate
1466 1584 1714 1638 Apostolica,
1734 1595 1879 1626 tenore
1899 1583 2152 1640 praesentium
2165 1586 2364 1643 perpetuo

1315 1644 1579 1701 prohibemus
1593 1671 1607 1692 ,
1639 1642 1975 1686 &interdicimus
1989 1672 2001 1683 .

1382 1705 1661 1743 Decernentes
1684 1698 1844 1745 easdem
1859 1702 2072 1754 praesentes
2095 1701 2243 1744 literas
2264 1703 2366 1745 sem-

1323 1775 1396 1816 per
1423 1761 1584 1810 firmas²
1618 1757 1798 1808 validas,
1822 1759 1861 1798 &
1888 1759 2073 1801 efficaces
2098 1760 2267 1804 existere
2283 1792 2298 1811 ‚
2325 1762 2364 1802 δι

1317 1817 1435 1868 fore,
1464 1817 1626 1873 suosque
1657 1815 1886 1870 plenarios,
1911 1818 1949 1857 ac
1986 1818 2172 1872 integros
2196 1819 2363 1861 effeetus

1319 1877 1482 1926 sortiri,
1509 1878 1546 1916 δε
1564 1874 1750 1916 obtinere
1766 1904 1779 1926 ‚
1805 1877 1841 1915 &
1870 1876 1920 1917 ab
1943 1875 2053 1927 illis,
2086 1877 2135 1918 ad
2155 1891 2257 1932 quos
2274 1878 2362 1933 spe-

1318 1939 1396 1977 &at
1412 1965 1426 1985 ,
1447 1936 1485 1974 δε
1500 1947 1573 1986 pro
1587 1944 1772 1984 tempore
1799 1934 2123 1989 quandocunque
2139 1935 2331 1988 spectabit
2345 1963 2359 1986 ‚

1319 1991 1610 2036 inviolabiliter
1623 2020 1637 2041 ,
1659 1989 1944 2033 &inconcusse
1961 1990 2195 2044 observari3
2213 1994 2365 2048 Sicque

1320 2054 1359 2095 in
1374 2050 1572 2108 praemiffis
1597 2063 1673 2105 per
1686 2050 2116 2105 quoscunque-Judices
2133 2051 2362 2093 ordinarios

1318 2113 1359 2152 &
1380 2111 1603 2164 Delegatos
1621 2108 1768 2158 ‚etiam
1786 2108 2012 2149 Causarum
2029 2109 2172 2151 Palatii
2189 2110 2363 2164 Aposto-

1321 2170 1387 2212 lici
1405 2169 1627 2211 Auditores
1646 2165 1844 2221 judicari,
1873 2169 1912 2207 &
1934 2165 2094 2207 definiri
2111 2166 2267 2209 debere
2281 2196 2295 2218 ,
2315 2181 2361 2209 ac

1321 2230 1483 2271 irritum
1498 2228 1535 2267 &
1555 2227 1672 2267 inane
1687 2253 1702 2274 a
1733 2224 1758 2265 s1
1778 2224 1888 2266 secus
1907 2224 2025 2278 super
2039 2226 2099 2266 his
2120 2226 2142 2266 a=
2161 2240 2362 2281 quoquam

1322 2288 1459 2343 quavis
1491 2284 1763 2334 auctoritate,
1789 2283 1995 2334 scienter,
2021 2283 2087 2325 vel
2121 2282 2361 2339 ignoranter

1321 2346 1539 2399 contigerit
1551 2341 1774 2384 attentari.

1377 2403 1585 2458 roirca
1610 2408 1834 2440 memorato
1862 2399 2046 2441 Ministro
2073 2399 2361 2441 Generaliha-

1319 2473 1408 2501 rum
1419 2460 1519 2499 serie
1530 2456 1822 2499 committimus
1835 2483 1850 2506 ‚
1869 2458 2150 2499 &mandamus
2162 2487 2177 2507 ‚
2198 2457 2360 2512 utipsas

1320 2515 1530 2574 praesentes
1551 2515 1689 2555 literas
1717 2513 1753 2553 in
1768 2515 1950 2556 omnibus
1963 2544 1979 2564 ‚
2006 2516 2046 2556 δε
2060 2514 2220 2568 singulis
2231 2516 2355 2557 Ordi-

1321 2579 1379 2619 nis
1394 2572 1542 2630 praefati
1558 2572 1805 2622 Provinciis,
1836 2574 1875 2614 &
1899 2573 2183 2615 Conventibus
2213 2588 2356 2628 quam-

1322 2637 1494 2691 primum
1510 2631 1702 2687 publicari
1719 2639 1833 2672 curet
1848 2658 1862 2681 ‚
1890 2645 1940 2672 ne
1969 2631 2177 2686 quisquam
2191 2630 2354 2673 illarum

1322 2692 1587 2751 ignorantiam
1604 2690 1784 2743 allegare
1794 2687 1913 2742 poffit
1930 2718 1942 2729 .

1380 2756 1470 2795 Non
1493 2747 1742 2791 obstantibus
1769 2747 2161 2798 Constitutionibus‚
2193 2748 2233 2787 ὃς
2248 2749 2361 2791 ordi-

1320 2810 1544 2855 nationibus
1561 2806 1796 2866 Apostolicis
1813 2835 1828 2855 ,
1860 2819 1933 2856 ac,
1958 2815 2154 2861 quatenus
2181 2819 2281 2860 opus
2310 2807 2356 2849 fit

1315 2872 1408 2915 dieti
1423 2868 1587 2911 Ordinis
1603 2895 1618 2917 .,
1645 2864 1808 2922 ejusque
1823 2865 2125 2906 Provinciarum
2139 2891 2154 2915 ,
2184 2865 2223 2904 δε
2242 2869 2358 2908 Con..

1315 2939 1510 2971 ventuum
1524 2923 1802 2982 quorumlibet
1813 2952 1827 2975 ,
1842 2923 1962 2965 etiam
1978 2921 2206 2978 juramento
2221 2952 2235 2973 a
2255 2939 2356 2966 con-

1314 2987 1544 3030 firmatione
1559 2982 1784 3038 Apostolica
1797 3010 1810 3033 ‚
1832 2981 1900 3024 vel
1915 2982 2053 3041 quavis
2068 2980 2262 3023 firmitate
2280 2982 2356 3027 alia

1314 3045 1515 3089 roboratis
1530 3041 1682 3084 statutis
1696 3048 1717 3091 ,⁴
1737 3042 1777 3081 δε
1792 3038 2152 3089 εοηίὶιεῑιιάἰηὶὺας
2173 3070 2190 3090 ,
2223 3041 2353 3093 privi-

1313 3106 1430 3160 legiis
1446 3116 1608 3159 quoque
1621 3098 1787 3142 indultis
1801 3129 1816 3149 ,
1835 3100 1874 3140 &
1891 3099 2041 3142 Literis
2057 3098 2298 3154 Apostolicis
2312 3099 2354 3140 in

1317 3163 1567 3206 contrarium
1594 3155 1874 3216 praemifforum
1915 3155 2223 3212 quomodolibet
2256 3169 2354 3198 con·-

1316 3221 1423 3265 ceffis
1437 3249 1451 3270 2
1468 3217 1711 3262 confirmatis
1727 3247 1742 3267 ‚
1756 3216 2009 3258 &innovatis
2023 3242 2034 3253 .
2050 3213 2208 3271 Qibus
2225 3214 2352 3255 omni.

1314 3281 1384 3322 bus
1400 3309 1414 3331 ‚
1443 3281 1483 3319 &
1508 3277 1667 3332 lingulis
1702 3275 1865 3317 illorum
1897 3285 2061 3314 tenores
2092 3270 2350 3326 praesentibus

1312 3353 1387 3394 pro
1403 3336 1521 3392 plene
1534 3365 1549 3387 ‚
1574 3337 1612 3377 &
1632 3333 1875 3377 sufficienter
1889 3329 2073 3385 expreffis
2088 3359 2103 3379 ,
2123 3344 2168 3370 ac
2184 3330 2236 3373 de
2254 3344 2351 3372 ver-

1312 3396 1423 3439 boad
1439 3395 1606 3437 verbum
1632 3391 1790 3434 insertis
1818 3390 2047 3438 habentes,
2077 3388 2155 3429 illis
2183 3388 2282 3430 alias
2309 3390 2350 3432 in

1310 3456 1375 3499 suo
1390 3454 1535 3496 robore
1554 3447 1819 3507 permansuris
1834 3475 1847 3498 ‚
1879 3447 1930 3489 ad
1946 3445 2227 3502 praemissorum
2253 3447 2351 3489 effe.

1309 3517 1413 3555 Ctum
1428 3514 1500 3555 hac
1517 3512 1606 3553 vice
1620 3508 1815 3550 duntaxat
1833 3501 2063 3559 specialiter
2081 3532 2095 3555 ‚
2119 3506 2158 3546 &
2183 3505 2349 3560 expres-

1309 3571 1350 3614 se
1376 3573 1644 3626 derogamus,
1677 3565 1910 3620 caeterisque
1940 3564 2159 3606 contrariis
2185 3563 2351 3620 quibus-

1309 3643 1469 3685 cunque
1485 3657 1496 3674 ·
2006 3646 2013 3652 ·

1366 3690 1566 3735 Volumus
1581 3694 1717 3726 autem
1735 3712 1747 3735 ,
1773 3692 1816 3724 ut
1843 3680 2078 3728 earumdem
2094 3681 2347 3737 praesentium

1305 3747 1516 3791 literarum
1543 3742 1830 3802 transumptis,
1860 3742 1928 3788 seu
1956 3740 2153 3794 exemplis
2176 3768 2189 3791 ‚
2219 3742 2346 3784 etiam

1582 3804 1676 3865 Q!
2082 3798 2292 3856 impreffis,
