2658 4244
314 246 415 327 28

243 362 339 405 alias
360 360 480 402 litera
496 373 543 412 s,
574 357 777 417 quibusvis
804 358 894 404 aliis
920 361 962 405 in
987 363 1304 420 quibuscumque

277 419 383 463 tundi
405 419 588 473 partibus
604 447 617 471 ‚
650 421 688 463 &
714 420 818 467 locis
834 424 1177 467 commorantibus
1193 450 1207 473 ,
1238 422 1302 464 di-

270 483 355 522 tum
377 477 561 523 habitum
579 507 593 531 ,
627 480 691 524 vel
709 479 874 537 praefato
898 481 1026 523 modo
1053 481 1303 526 consimilem

264 551 366 582 rxtra
384 537 683 581 Obedientiam
699 540 967 596 superiorum
982 539 1160 597 eiusdem
1189 543 1303 583 Con·

250 596 516 654 gregationis,
530 598 568 640 &
585 599 695 642 nulla
711 597 843 645 habita
858 599 1043 652 licentia,
1058 599 1299 642 earumdem

266 659 459 700 iteratum
493 659 636 713 vigore
661 658 933 714 gestantibus,
964 657 1297 703 &deserentibus

248 712 447 759 conceisas
461 743 475 766 ,
497 728 739 762 revocantes
754 746 768 769 ,
797 716 1023 775 hujusmodi
1037 718 1298 774 supplicatio-

244 776 368 818 nibus
383 774 565 819 inclinati
582 805 596 828 ,
614 775 754 820 literas
772 776 888 820 Pauli
906 777 1206 823 Praedecefforis
1226 777 1298 818 hu-

243 834 454 892 jusmodi,
487 849 531 879 ac
547 836 681 878 omnia
696 865 710 887 ,
731 838 769 878 &
786 835 933 891 fingula
950 837 990 879 in
1007 837 1067 878 eis
1083 845 1276 878 contenta
1290 863 1305 887 ,

226 895 300 949 ,ita
315 924 329 946 ,
342 891 452 950 quod
473 893 604 937 nullus
618 923 632 947 ,
657 894 940 952 cujuscumque
955 895 1203 939 conditionis
1219 894 1307 936 exi-

244 954 419 1006 stat,non
439 951 567 994 solum
579 967 723 996 eorum
740 954 936 997 Habitum
950 954 1058 1008 juxta
1073 954 1303 997 Literarum

242 1013 363 1056 Pauli
396 1011 706 1055 Praedecessoris
734 1011 956 1065 hujusmodi
985 1024 1173 1057 tenorem
1190 1040 1205 1062 ,
1230 1024 1303 1053 ve-

207 1112 209 1115 .
241 1071 337 1114 rum
350 1070 476 1112 etiam
492 1097 507 1120 ,
533 1083 610 1114 nec
631 1071 684 1115 ita
699 1071 950 1113 consimilem
968 1100 983 1122 ,
1003 1070 1113 1126 quod
1128 1080 1301 1125 propter

242 1143 338 1172 eum
354 1128 470 1184 poffit
481 1127 598 1172 credi
613 1130 759 1173 Frater
775 1143 919 1171 eorum
934 1126 1302 1184 Congregationis,

241 1187 313 1232 nisi
334 1186 402 1233 sub
421 1185 575 1242 praefati
593 1187 746 1230 Vicarii
765 1188 984 1232 Generalis
1009 1203 1086 1244 pro
1110 1198 1301 1243 tempore

242 1246 452 1290 existentis
470 1243 707 1289 obedientia
724 1274 739 1297 ,
763 1248 805 1289 δι
818 1262 915 1291 cura
931 1256 1200 1302 permaneat,
1229 1243 1300 1290 sub

243 1305 360 1353 fimili
385 1317 504 1360 poena
528 1305 965 1350 excommunicationis
983 1307 1072 1351 latae
1089 1305 1300 1355 sententiae

242 1377 411 1422 quoquo
437 1363 559 1405 modo
585 1363 743 1419 gestare
773 1365 982 1422 praesumat
1006 1395 1020 1417 ,
1064 1363 1301 1421 Apostolica

244 1424 490 1469 auctoritate
515 1422 701 1476 praedicta
723 1450 737 1474 ,
757 1434 903 1470 tenore
927 1427 1182 1481 praefentium
1200 1438 1301 1467 con-

242 1480 449 1526 firmamus
467 1509 481 1532 ,
503 1482 542 1527 &
557 1483 826 1537 approbamus
841 1514 856 1537 ‚
877 1487 917 1527 ἃ.
930 1485 1064 1529 omnia
1079 1513 1094 1536 ,
1117 1484 1153 1530 ,δι
1171 1482 1301 1538 fingu-

243 1542 283 1589 la
316 1543 353 1584 in
380 1538 534 1583 eisdem
557 1542 708 1584 Literis
732 1541 828 1584 dieti
853 1544 968 1589 Pauli
994 1542 1301 1588 Praedecessoris

247 1610 445 1647 contenta
463 1599 650 1654 ptaedieta
672 1601 726 1642 de
742 1615 850 1642 novo
864 1604 1126 1644 concedimus
1140 1630 1151 1642 .
1181 1605 1300 1659 Qo-

246 1660 357 1703 circa
385 1655 576 1701 univerfis
591 1686 605 1709 ‚
628 1659 669 1698 &
691 1657 850 1713 lingulis
867 1660 1182 1703 Venerabilibus
1201 1661 1302 1704 Fra-

242 1717 384 1761 tribus
413 1715 554 1757 nostris
576 1742 590 1765 ,
633 1717 877 1759 Patriarchis
899 1747 914 1772 ,
945 1717 1270 1774 Archiepiscopis
1288 1747 1304 1771 ,

244 1789 406 1823 necnon
434 1772 590 1816 dilectis
608 1774 720 1819 Filiis
735 1801 749 1824 ,
775 1776 1001 1822 Abbatibus
1018 1805 1032 1827 ,
1059 1777 1271 1822 Prioribus
1289 1805 1304 1829 ,

243 1850 292 1883 ac
306 1833 394 1877 aliis
413 1830 600 1880 Personis
625 1833 666 1875 in
691 1833 894 1888 dignitate
910 1836 1187 1882 Ecclefiastica
1204 1851 1305 1879 con-

245 1893 396 1939 stitutis
421 1920 436 1943 ,
474 1905 549 1947 per
579 1891 813 1947 Apostolica
840 1896 1001 1952 Scripta
1028 1895 1265 1940 mandamus
1288 1922 1305 1947 2

276 1963 448 1998 uatenus
478 1950 546 2005 ipfi
563 1979 578 2006 ,
608 1952 674 1994 vel
701 1950 815 2003 duo,
842 1965 912 1996 aut
934 1969 1035 2001 unus
1061 1970 1205 1998 eorum
1231 1970 1305 2012 per

244 1968 288 2056 iic
306 2040 320 2063 ,
353 2010 419 2053 vel
435 2009 557 2053 alium
573 2039 587 2061 ,
614 2013 680 2053 seu
694 2010 797 2054 alios
812 2013 1031 2069 praesentes
1048 2017 1209 2058 Literas
1227 2044 1241 2067 ,
1266 2017 1307 2058 &

243 2070 287 2112 in
300 2070 359 2112 eis
377 2079 570 2114 contenta
587 2082 868 2128 quaecumque,
883 2074 960 2125 uti,
973 2076 1013 2117 ὃς
1028 2076 1190 2132 quando
1205 2089 1305 2131 opus

248 2128 374 2172 fuerit
403 2155 418 2177 ,
454 2141 498 2173 ac
528 2127 685 2183 quoties
714 2143 790 2184 pro
820 2144 940 2187 parte
968 2135 1304 2188 Capucinorum...

245 2189 436 2231 Fratrum
469 2186 749 2243 praedictorum
777 2218 792 2240 ,
819 2191 900 2235 sive
929 2191 1097 2249 alicujus
1128 2207 1303 2236 eorum,

245 2245 400 2293 fuerint
415 2245 586 2302 desuper
601 2245 782 2302 requisiti
800 2276 814 2298 ,
841 2250 1079 2295 solemniter
1096 2252 1304 2307 publican-

247 2316 314 2349 tes
339 2334 353 2357 ‚
378 2303 515 2361 eisque
549 2305 588 2347 in
620 2306 821 2360 praemiffis
851 2309 1029 2358 efficacis
1057 2309 1304 2354 defensionis

247 2364 435 2420 praesidio
462 2362 680 2407 affistentes
698 2394 712 2415 ,
742 2363 894 2412 faciant
907 2371 1155 2412 auctoritate
1173 2369 1305 2414 nostra

246 2422 465 2479 praesentes
489 2422 630 2465 literas
647 2451 661 2474 ,
687 2424 728 2466 &
751 2425 790 2469 in
814 2426 876 2469 eis
891 2437 1087 2473 contenta
1103 2428 1307 2483 hujusmo-

231 2483 290 2537 ‘di
312 2510 325 2532 ,
348 2479 522 2529 firmiter
543 2479 752 2525 observari
770 2511 784 2531 ,
809 2498 855 2530 ac
882 2483 1054 2540 singulos
1070 2517 1082 2539 ‚
1107 2500 1208 2541 quos
1236 2486 1306 2536 illa

251 2551 504 2587 concernunt
526 2570 541 2592 ,
567 2540 625 2582 eis
652 2539 822 2596 pacifice
847 2544 1059 2594 gaudere:
1087 2549 1183 2589 Non
1213 2559 1308 2600 per-

247 2599 465 2647 mittentes
484 2613 554 2642 eos
571 2599 745 2654 desuper
767 2614 842 2656 per
864 2606 1138 2660 quoscumque
1161 2613 1306 2646 contra

245 2656 504 2714 praesentium
531 2669 723 2701 tenorem
741 2687 754 2710 ,
783 2662 1098 2715 quomodolibet
1123 2661 1306 2707 indebite

248 2716 471 2772 inquietari
504 2745 518 2768 ‚
561 2714 626 2758 seu
655 2719 889 2771 perturbari
912 2734 926 2764 t
965 2722 1305 2769 Contradifiores

247 2775 455 2833 quoslibet
469 2803 482 2826 ,
499 2790 544 2824 ac
565 2776 743 2822 rebelles
756 2792 830 2834 per
842 2778 1044 2828 Censuras
1064 2780 1305 2826 Ecclefiasti.

248 2849 319 2878 cas
337 2861 352 2884 ,
380 2847 426 2882 ac
454 2835 527 2881 alia
555 2840 906 2895 opportunaJuris
927 2840 1139 2892 remedia,
1166 2839 1307 2896 appel·-

245 2894 403 2942 latione
419 2893 651 2948 postposita,
665 2897 966 2952 compescendo
980 2927 994 2949 ,
1019 2915 1067 2946 ac
1084 2898 1274 2943 censuras
1290 2928 1306 2955 ,

246 2955 288 2996 ἃ.
303 2966 442 3009 poenas
459 2951 556 3008 ipsas
571 2953 728 2997 iteratis
746 2957 898 3001 vicibus
917 2958 1180 3014 aggravando
1195 2986 1209 3005 2
1242 2959 1305 3001 in-

246 3023 397 3055 vocato
421 3012 546 3054 etiarn
572 3012 621 3059 ad
651 3014 757 3068 hoc,
791 3014 817 3061 fi
845 3030 944 3072 opus
970 3017 1127 3068 fuerit,
1153 3017 1305 3063 auxilio

249 3071 403 3118 brachii
420 3070 635 3114 saecularis:
658 3087 738 3116 non
754 3075 999 3119 obstantibus
1017 3077 1240 3131 praemiffis,
1255 3091 1302 3119 ac

243 3131 320 3188 piae
347 3131 549 3173 memoria:
582 3131 778 3179 Bonifacii
797 3135 909 3189 Papae
925 3137 1042 3180 VIII.
1057 3136 1180 3185 etiam
1198 3140 1304 3180 Prae-.

247 3185 468 3234 decessoris.
485 3190 603 3235 nostri
618 3191 672 3233 de
689 3206 766 3233 una
779 3220 793 3243 ,
817 3194 855 3234 &
871 3194 1052 3246 duabus,
1070 3210 1148 3238 non
1164 3195 1306 3240 tamen·

248 3250 379 3292 tribus
395 3249 514 3292 dietis
529 3276 543 3300 ,
559 3264 606 3293 ac
620 3249 708 3293 aliis
723 3252 966 3306 Apostolicis
982 3254 1302 3300 Constitutioni·

247 3307 322 3350 bus
338 3336 353 3358 ,
380 3323 534 3351 necnon
554 3308 758 3366 quibusvis
777 3310 1010 3368 Privilegiis
1025 3339 1038 3362 a
1066 3314 1106 3361 &
1129 3312 1304 3361 Indultis

251 3366 492 3419 Apostolicis
508 3367 576 3412 sub
591 3369 906 3427 quibuscumque
922 3370 1150 3423 tenoribuS,
1165 3374 1205 3414 &
1218 3371 1304 3415 for„

253 3424 327 3464 mis
345 3452 357 3474 ,
381 3439 425 3467 ac
452 3442 545 3469 cum
570 3427 774 3484 quibusvis
801 3429 1017 3482 clausuliS,
1043 3432 1082 3471 &
1098 3430 1307 3486 decretis,

257 3495 342 3535 quae
360 3483 549 3528 adversus
570 3486 752 3541 praemiffa
768 3489 996 3533 nullatenus
1012 3487 1213 3544 suffragari
1232 3505 1306 3533 vo-

254 3539 418 3591 lumus3
442 3545 686 3603 coeterisque
718 3549 932 3595 contrariis
962 3548 1304 3605 quibuscumque,

254 3599 340 3639 Aut
359 3597 382 3640 si
398 3600 652 3665 Hieronymo
666 3635 679 3656 ,
699 3608 736 3651 Sc
752 3606 839 3649 aliis
855 3608 944 3664 ejus
962 3609 1089 3651 Sociis
1105 3606 1272 3663 praefatis
1287 3637 1301 3659 ,

257 3658 322 3699 vel
338 3658 543 3711 quibusvis
559 3662 924 3713 aliiscommuniter
936 3695 950 3718 ,
976 3666 1042 3711 vel
1055 3665 1210 3714 divisim
1224 3694 1238 3717 ,
1254 3668 1305 3708 ab

258 3715 402 3756 eadem
422 3716 464 3758 sit
483 3719 586 3761 Sede
603 3722 832 3775 indultum,
860 3726 968 3782 quod
994 3725 1214 3777 interdici,
1241 3727 1301 3768 su-

259 3772 397 3827 spendi
414 3803 426 3824 ,
457 3776 519 3817 vel
536 3785 872 3825 excommunicari
890 3800 967 3829 non
984 3783 1126 3841 poffint
1139 3813 1152 3837 ,
1167 3799 1239 3841 per
1254 3783 1302 3826 li-

261 3841 367 3878 teras
383 3835 634 3894 Apollolicas
650 3851 728 3880 non
743 3840 937 3894 facientes
963 3845 1125 3910 plenam
1141 3872 1156 3898 ,
1179 3846 1220 3895 ὃς
1234 3858 1298 3895 ex,

1043 246 1204 334 Su‘b
1271 244 1408 333 Pio
1472 244 1616 332 IV.

1366 361 1556 419 pressam,
1586 378 1631 406 ac
1674 362 1726 406 de
1765 364 1893 407 verbo
1921 363 1970 407 ad
1992 361 2159 407 verbum
2172 363 2224 408 d‘e
2241 362 2406 410 Indulto

1363 421 1590 478 hujusmodi
1608 423 1879 466 mentionem.
1897 423 2094 466 Volumus
2107 432 2242 464 autem
2259 451 2272 473 ,
2296 424 2406 480 quod

1366 496 1414 538 pr
1425 481 1628 526 aesentium
1649 481 1918 539 tramsumptis
1935 495 2054 524 manu
2081 480 2259 536 pubblici
2275 486 2408 526 Nota-

1365 541 1412 582 rii
1430 539 1658 596 subscriptis
1671 573 1686 597 ,
1711 542 1748 587 δι
1780 541 1925 597 Sigillo
1955 540 2122 598 alicujus
2151 540 2337 584 Personae
2367 542 2407 583 in

1360 599 1577 654 Dignitate
1605 599 1883 646 Ecclefiastica
1914 600 2137 643 constitutae
2164 598 2324 641 munitis
2339 611 2408 640 ea-

1358 657 1451 701 dem
1466 657 1565 702 fides
1594 660 1632 703 in
1644 661 1807 717 Judicio
1835 661 1875 701 &
1896 670 2013 703 extra
2027 657 2269 702 adhibeatur
2284 686 2298 708 ,
2323 671 2408 713 quae

1357 715 1614 771 praesentibus
1646 719 1913 762 adhiberetur
1940 747 1954 771 ,
1981 717 2006 760 s1
2038 715 2163 760 effent
2193 716 2414 768 exhibitae,

1365 775 1433 817 vel
1449 775 1622 822 ostensae.
1640 778 1755 822 Nulli
1771 791 1870 834 ergo
1885 778 2052 821 omnino
2065 776 2271 820 hominum
2289 776 2410 818 liceat

1370 834 1472 875 hanc
1487 836 1672 892 paginam
1689 836 1825 879 nostrae
1843 834 2171 881 Confirmationis
2185 864 2199 887 ,
2212 835 2415 891 approba-

1371 891 1494 935 tionis
1509 921 1523 944 ,
1546 894 1808 939 conceffionis
1826 923 1841 946 ,
1867 897 1904 936 &
1922 894 2142 940 voluntatis
2158 893 2382 949 infringere
2399 921 2414 944 ,

1364 949 1433 991 vel
1450 951 1489 992 ei
1506 950 1594 992 ausu
1611 954 1834 996 temerario
1847 953 2051 999 contraire
2075 982 2086 992 .
2121 952 2161 998 Si
2177 953 2263 1010 quis
2279 962 2415 995 autem

1363 1008 1442 1049 hoc
1474 1018 1681 1052 attentare
1716 1009 2005 1066 praesumpserit
2018 1038 2032 1063 ,
2064 1011 2414 1066 indignationem

1363 1067 1667 1121 Omnipotentis
1684 1070 1780 1120 Dei,
1796 1083 1843 1113 ac
1859 1071 1939 1115 BB.
1956 1070 2098 1119 Petri,
2111 1071 2150 1116 ὃς
2167 1070 2284 1117 Pauli
2299 1071 2414 1125 Apo-

1362 1123 1556 1167 stolorum
1578 1125 1728 1181 ejusffse
1745 1127 2169 1172 noveritincursurum
2185 1157 2196 1171 .
2227 1131 2413 1174 Datum..

1363 1183 1507 1228 Romae
1522 1183 1628 1238 apud
1645 1187 1686 1227 S.
1698 1187 1865 1227 Petrum
1878 1187 2001 1230 Anno
2014 1186 2309 1232 Incarnatiouis
2328 1190 2414 1227 Do-

1362 1241 1520 1284 minicae
1544 1257 1721 1294 Motx„
1750 1245 1914 1302 Qarto
1943 1245 2056 1289 Non·
2087 1242 2241 1303 Aprilis
2262 1271 2277 1300 ‚
2305 1246 2415 1292 Pon-

1363 1296 1542 1347 tificatus
1559 1301 1695 1350 Nostri
1712 1315 1818 1351 anno
1833 1301 1965 1358 primo
1981 1330 1993 1345 .

1986 1401 2030 1447 C.
2047 1399 2263 1441 Mirvenna
2277 1425 2291 1440 .

1423 1509 1542 1556 Bulla
1548 1509 1738 1565 formata
1754 1520 1840 1551 cum
1856 1505 1996 1561 sigillo
1998 1503 2181 1560 plumbeo
2194 1499 2355 1568 appen'sp
2371 1503 2416 1544 in

1480 1567 1601 1610 Arch.
1620 1569 1805 1609 Generali
1822 1567 1918 1607 Ord.
1935 1569 2098 1607 Armar.
2124 1564 2413 1606 Anthenncas

1479 1623 1633 1682 infusi.
1648 1627 1775 1680 collig.
1790 1637 1896 1667 num.
1910 1637 1930 1662 2
1940 1635 1979 1673 7·

1357 1861 1548 1935 Julium
1566 1859 1623 1911 de
1643 1859 1850 1910 Ruverio
1868 1893 1884 1917 ,
1913 1854 2209 1909 cardinalem
2232 1853 2289 1904 de
2318 1855 2414 1909 Ur·

1401 1930 1508 1982 bino
1532 1945 1850 2000 nuncupatum
1874 1964 1889 1988 ,
1925 1930 2110 1979 vivente
2138 1926 2287 1975 adhuc
2316 1929 2415 1974 Ru-

1403 2001 1576 2070 dolpho
1595 2002 1704 2059 Pio,
1729 1999 1974 2053 Cardinale
1992 1997 2048 2046 de
2066 2000 2250 2063 Carpo,
2269 1998 2414 2044 totius

1402 2073 1662 2142 Religionis
1680 2073 1973 2124 Minoritanae
1991 2066 2256 2123 Ρϊοῑεᾶοτε
2274 2101 2290 2123 ,
2318 2068 2415 2116 Or-

1403 2143 1519 2194 dinis
1550 2141 1690 2199 nostri
1718 2139 2173 2193 Vice-Proteftorem
2198 2172 2215 2196 ,
2253 2134 2302 2188 δε
2330 2138 2414 2186 illo

1398 2228 1586 2267 mortuo
1611 2249 1628 2275 ,
1665 2210 1903 2287 specialem
1937 2211 2068 2280 hujus
2098 2207 2412 2264 Protedtorem

1401 2285 1590 2341 destinat
1605 2320 1618 2340 ,

1367 2417 1406 2465 A
1429 2423 1570 2468 tergo·
1639 2414 1794 2457 DileFIo
1828 2414 1933 2458 Filio
1964 2410 2105 2469 Nqslro
2134 2410 2250 2465 ‘Julio
2283 2409 2413 2455 Tituli

1456 2478 1496 2516 ὃ.
1517 2475 1625 2516 Petri
1646 2475 1701 2514 ad
1726 2473 1885 2516 Vincula
1912 2474 2089 2514 Diacono
2115 2468 2325 2513 cardinali

1638 2532 1681 2577 dc
1712 2530 1861 2575 Urbino
1891 2538 2112 2590 nuncupato
2129 2556 2142 2570 .

1474 2652 1734 2706 PIUS
1826 2651 2106 2707 PAPA
2190 2647 2307 2698 IV.

1488 2777 1617 2826 llecte
1645 2775 1723 2823 Fili
1752 2775 1912 2828 noster,
1936 2775 2119 2823 Salutem
2135 2802 2149 2823 ,
2171 2773 2213 2814 δε
2234 2771 2412 2828 Aposto-

1516 2836 1637 2883 licam
1669 2835 2001 2878 Benedic‘tionem
2025 2861 2037 2874 .
2069 2831 2262 2881 Exhibita
2293 2830 2411 2887 siqui·

1365 2895 1460 2941 dem
1485 2895 1613 2941 Nobis
1637 2909 1766 2951 nuper
1783 2908 1858 2950 pro
1876 2905 1990 2950 parte
2008 2892 2260 2939 Diledtorum
2285 2891 2412 2932 Filio-

1364 2967 1453 2996 rum
1469 2956 1658 3002 Fratrum
1674 2955 1879 3000 Minorum
1905 2952 1959 2996 de
1983 2951 2231 2999 Paenitentia
2246 2953 2411 3003 Capuc-

1363 3015 1549 3059 cinorum
1588 3021 1912 3068 nuncupatorum
1945 3011 2094 3067 petitio
2123 3008 2363 3051 continebat
2394 3035 2409 3058 ,

1364 3072 1473 3130 quod
1499 3074 1566 3129 ipfi.
1591 3071 1891 3117 considerantes
1908 3067 2203 3115 Venerabilem
2221 3070 2409 3112 Fratrem

1365 3132 1558 3178 Nostrum
1577 3131 1842 3187 Rudolphum
1862 3132 1976 3173 Pium
1994 3126 2235 3183 Episcopum
2251 3126 2409 3170 Ostien-

1363 3190 1444 3237 sem
1475 3196 1517 3237 S.
1534 3194 1586 3237 R.
1606 3193 1655 3234 E.
1688 3189 1950 3234 cardinalem
1971 3187 2024 3230 de
2049 3189 2188 3242 Carpo
2201 3197 2411 3239 nuncupa-

1366 3262 1452 3298 tum
1470 3279 1484 3304 ,
1506 3253 1574 3311 qui
1590 3249 1778 3299 Officium
1798 3246 2045 3292 Protet‘toris
2065 3248 2249 3293 Fratrum
2265 3243 2407 3300 praedi-

1366 3315 1520 3355 &orum
1535 3311 1585 3354 ab
1599 3308 1832 3365 Apostolica
1848 3307 1955 3351 Sede
1979 3304 2049 3351 fibi
2074 3301 2319 3351 commiffum
2339 3303 2409 3348 ha-

1367 3375 1506 3421 {tenus
1539 3368 1801 3416 laudabiliter
1831 3365 2016 3409 exercuit
2040 3393 2055 3415 ,
2097 3364 2136 3405 &
2168 3361 2406 3418 frequentes

1368 3430 1456 3488 ejus
1486 3427 1745 3486 aegritudines
1763 3426 1951 3470 Officium
1970 3421 2193 3480 hujusmodi
2214 3422 2407 3476 deinceps

1367 3484 1448 3534 non
1464 3490 1554 3538 fatis
1570 3486 1780 3539 commode
1795 3497 1990 3530 exercere
2005 3479 2114 3538 poffe
2132 3510 2148 3533 a,
2177 3495 2222 3525 ac
2242 3491 2407 3535 propte-

1366 3563 1433 3592 rea
1451 3576 1466 3598 ,
1496 3550 1536 3591 &
1549 3547 1674 3592 certis
1701 3546 1790 3590 aliis
1804 3544 1856 3586 de
1872 3541 1996 3585 causis
2011 3550 2210 3596 cuperent
2227 3542 2287 3582 Te
2307 3567 2321 3590 ,
2352 3537 2408 3580 de

1347 3607 1478 3664 'cujus
1499 3605 1738 3664 prudentia,
1761 3603 1988 3659 religione,
2012 3614 2056 3642 ac
2074 3598 2258 3641 inDeum
2274 3598 2407 3653 pieta-

1364 3679 1407 3722 te
1439 3665 1652 3723 plurimum
1684 3663 1722 3705 in
1755 3661 1935 3710 Domino
1956 3657 2198 3709 confidunt,
2229 3656 2298 3699 fibi
2331 3668 2405 3710 pro

1362 3724 1446 3781 ipso
1456 3723 1678 3779 Rudolpho
1694 3721 1767 3766 Pio
1782 3719 1981 3777 Episcopo
1995 3717 2207 3761 Cardinali
2223 3744 2236 3767 ‚
2263 3728 2403 3780 quam·-

1363 3785 1430 3827 diu
1451 3783 1626 3833 vixerit,
1653 3781 1692 3823 in
1718 3780 1824 3822 suum
1852 3791 2076 3834 eorumque
2092 3774 2317 3829 Religionis
2334 3773 2403 3812 Vi.

1363 3845 1712 3894 ce-sProtectorem
1729 3868 1745 3899 ,
1774 3841 1814 3882 δε
1826 3835 1976 3883 deinde
1990 3864 2005 3890 ,
2036 3835 2063 3880 fi
2078 3829 2404 3953 dictumPIggltlllol-
