2704 4296
358 273 619 358 xxxiv.
860 271 937 357 E
993 268 1053 354 L
1122 265 1195 356 E
1255 267 1354 355 N

296 386 409 438 lium
429 425 444 448 ,
482 389 621 454 usque
639 383 695 436 ad
713 384 851 436 aliam
871 394 918 437 S.
941 388 1070 436 Sedis
1084 386 1343 455 vdispositio·-

294 474 398 508 nem
417 493 430 518 ‚
453 458 749 507 confirmetur
773 473 784 507 ε
813 461 919 524 quid
932 461 1048 520 juris
1069 459 1173 515 huic
1194 461 1236 505 in
1257 459 1342 507 Cn-

290 533 483 597 pucinos
500 539 733 596 competat
753 560 767 585 ,
791 523 1047 595 specificat:
1064 509 1278 576 &lintribus
1294 526 1342 579 &

290 599 480 669 singulis
500 632 516 658 ,
540 616 595 649 ne
615 598 790 649 dietum
811 603 860 649 P.
885 600 1126 649 Vicariurn
1144 602 1343 648 Genera-

290 670 383 720 lem
404 702 419 728 ⁵
450 670 525 720 vel
546 671 731 735 Fratres
759 667 963 736 sub'eius
993 669 1250 718 obedientia
1278 667 1342 718 vi-

288 755 448 791 ventes
470 740 566 789 ullo
583 741 728 790 modo
752 738 997 789 molestent
1015 734 1045 797 ,”
1060 739 1259 788 inhibet:
1293 739 1342 790 <Sc

289 812 414 879 quod
433 810 607 862 Vicarii
625 813 872 864 Generales
899 808 974 860 seu
1001 811 1310 860 Provinciales
1327 844 1342 868 ,

287 881 314 931 a
344 882 567 932 Ministris
587 882 924 938 Generalibus·,
955 876 1030 931 seu
1050 882 1342 931 Provinciali-

288 950 372 1003 bus
404 970 494 1002 non
528 951 610 1003 nifi
645 955 830 1002 nomine
861 945 1124 1011 differrent,
1151 970 1201 1001 ac
1237 951 1341 1000 ideo

286 1024 473 1074 Fratres
501 1023 666 1073 talibus
685 1023 883 1072 Vicariis
903 1022 1164 1082 obedientes
1184 1055 1199 1079 ,
1227 1039 1338 1088 prae-

285 1107 422 1162 cepto
441 1093 630 1162 Regulae
648 1129 664 1150 ,
695 1108 741 1139 ut
769 1090 960 1141 obediant
976 1093 1070 1158 fiais
1089 1090 1309 1159 Ministris
1322 1126 1337 1150 ,

283 1161 416 1232 plene
437 1161 710 1212 satisfaciant
727 1197 742 1219 ,
757 1161 959 1211 declarat
973 1193 984 1208 .
1252 1176 1277 1213 >1
1290 1177 1336 1221 7.

355 1239 596 1285 Statutum
616 1233 823 1300 Capituli
840 1231 1082 1283 Generalis
1099 1268 1114 1289 ,
1139 1246 1231 1297 quo
1254 1232 1335 1282 Pa·

280 1316 351 1354 ter
381 1303 649 1358 Ludovicus
679 1304 705 1352 a
733 1298 1118 1370 Forosempronio
1138 1333 1154 1358 ,
1182 1303 1338 1350 intra„

277 1371 518 1443 praefixum
538 1375 790 1423 terminum
812 1408 827 1431 ,
847 1388 926 1422 aut
942 1371 1127 1421 obedire
1144 1405 1157 1427 ,
1186 1388 1265 1421 aut
1281 1371 1337 1422 de

278 1444 524 1515 Religione
537 1443 765 1495 discedere
774 1441 914 1507 jussus
929 1441 1279 1500 est,ratihabet.2
1298 1462 1314 1492 1
1326 1477 1336 1492 .

348 1519 424 1566 Ne
460 1519 642 1566 Fratres
677 1514 734 1565 ad
770 1527 917 1583 partes
955 1515 1337 1570 Ultramontanas

280 1579 424 1654 usque
460 1584 518 1636 ad
564 1584 843 1654 Capitulum
883 1586 1175 1635 Generaliter
1220 1588 1336 1636 cele-

278 1651 540 1715 brandum,
573 1652 615 1704 se
636 1670 919 1724 propagent,
949 1652 1161 1722 prohibet
1179 1687 1191 1702 i

348 1727 397 1776 N
403 1744 424 1775 e
444 1728 670 1794 Capucini
688 1760 703 1783 ‚
734 1727 914 1775 Fratres
947 1726 1002 1774 de
1022 1721 1333 1775 Observantia

275 1790 369 1848 fine
399 1792 582 1865 speciali
610 1794 798 1846 suorum
820 1796 1120 1864 Super-iorum
1149 1795 1333 1845 licentia

276 1865 323 1917 in
342 1864 520 1937 scriptis
540 1866 696 1918 habita
714 1866 964 1936 recipiant,
981 1865 1190 1918 ordinat.
1245 1885 1273 1914 ·2
1283 1881 1330 1929 3.

408 2007 1198 2079 SUBJULlolu

342 2150 420 2201 Ne
449 2155 606 2202 Patres
638 2148 694 2200 de
727 2145 1036 2201 Observantia
1065 2150 1331 2218 Capucinos

272 2214 364 2272 fine
383 2217 550 2290 scripta
576 2224 745 2289 pariter
765 2222 954 2273 licentia
974 2216 1237 2289 recipiant,
1266 2224 1333 2270 vi-

274 2291 420 2343 eiffim
449 2293 637 2362 mandat
653 2324 667 2341 .
1245 2307 1330 2356 24.

487 2431 685 2489 SUB
759 2431 949 2485 1²10
1023 2434 1117 2486 IV.

342 2573 573 2625 Ordinem
602 2574 786 2626 noviter
807 2570 1032 2639 approbat
1050 2610 1065 2632 ,
1084 2572 1328 2642 privilegia

269 2640 387 2694 a-fel.
406 2663 497 2694 rec.
518 2644 764 2695 Clemente
784 2643 910 2692 VII.
928 2641 976 2692 ὅ(
994 2646 1139 2692 Paulo
1161 2646 1265 2692 111.
1287 2645 1328 2691 ei

166 2745 171 2751 -
271 2712 472 2764 concessa
491 2709 733 2764 confirmat
752 2744 768 2771 ‚
798 2711 847 2764 δε
867 2730 921 2762 ne
944 2711 1066 2762 ullus
1085 2746 1101 2771 ,
1127 2715 1327 2781 Capuci-

267 2800 435 2836 norum
459 2785 687 2838 Habitum
707 2817 723 2842 ,
750 2785 827 2833 vel
849 2782 915 2833 illi
932 2782 1127 2834 similem
1143 2800 1327 2852 portare

268 2853 510 2926 praesumat
526 2893 538 2914 ,
564 2851 644 2905 sub
660 2849 860 2904 censuris
879 2886 896 2914 ,
930 2852 1118 2922 aliisque
1126 2857 1244 2920 Juris
1262 2871 1326 2905 re-

266 2927 432 2978 mediis
462 2924 721 2995 prohibet»
1238 2923 1320 2991 25'.

332 2996 518 3067 Julium
543 2996 599 3047 de
634 2994 842 3048 Ruverio
859 3034 874 3058 ,
904 2994 1206 3048 Cardinalem
1236 2997 1324 3048 de,

266 3065 460 3124 Urbino
489 3081 806 3136 nuncupatum
828 3104 843 3126 ‚
858 3066 1045 3119 vivente
1065 3068 1213 3120 adhuc
1232 3074 1326 3120 Ru·

267 3139 444 3207 dolpho
467 3139 550 3190 Pio
567 3176 581 3198 ‚
614 3139 862 3190 Cardinale
881 3138 937 3189 de
959 3145 1118 3209 Carpo
1137 3173 1152 3198 ,
1180 3142 1328 3192 totius

265 3212 527 3281 Religionis
546 3212 840 3260 Minoritanae
857 3211 1124 3261 Protectore
1142 3246 1158 3269 ,
1188 3213 1331 3263 Ordi-

267 3283 334 3330 nis
353 3281 495 3333 nostri
518 3280 975 3333 vice-Protectorem
990 3317 1006 3340 ,
1034 3282 1183 3333 &illo
1205 3300 1331 3335 rnor-

271 3361 355 3400 tuo
393 3352 632 3422 specialem
673 3350 802 3416 hujus
839 3353 1159 3404 Protefiorem
1198 3353 1331 3404 desti-

280 3432 394 3470 nat.
1239 3429 1325 3477 28.

499 3498 530 3545 S
569 3496 619 3551 U
659 3494 698 3546 B
768 3492 804 3546 P
841 3493 868 3544 I
906 3493 955 3545 O
1007 3495 1096 3546 ·V.

341 3634 416 3691 Ut
432 3628 741 3693 Fratribus,ad
758 3630 965 3688 Insulam
986 3637 1138 3688 Cretae
1160 3633 1204 3688 se
1219 3653 1322 3706 pro·

272 3715 436 3775 pagare
457 3705 716 3755 volentibus
731 3740 747 3765 ,
775 3712 1048 3759 Conventus
1077 3708 1187 3759 inibi
1217 3710 1321 3760 aedi-

272 3772 449 3835 ficetur,
466 3770 692 3843 Episcopo
708 3782 749 3827 A
756 3778 896 3847 giensi
912 3779 1168 3832 committit
1180 3813 1192 3830 .
1235 3795 1316 3844 3ο.

1388 599 1709 649 Generalibus
1729 612 1994 665 competere
2011 631 2026 653 ,
2056 596 2263 645 decernit
2282 631 2293 643 .

1372 994 1374 996 ,
1402 949 1725 1021 indignationis
1744 968 1878 1018 poena
1895 952 2107 1019 prohibet
2126 985 2138 999 .

1408 263 1920 357 CHvS.

1476 389 1609 435 Vivae
1630 391 1771 435 V'ocis
1792 383 2001 435 Oraculo
2019 417 2034 441 ‚
2052 382 2289 434 Statutum
2307 382 2445 454 Capi-

1402 455 1489 506 tuli
1508 458 1745 506 Generalis
1765 454 2007 505 confirmat
2021 489 2036 512 ,
2051 452 2098 504 ὅ(
2117 457 2164 503 Ρ.
2183 457 2452 505 Procurato-

1403 531 1441 575 ri
1461 530 1616 577 Curiae
1635 563 1651 586 ,
1683 543 1926 594 utramque
1960 522 2122 574 vocem
2151 526 2198 573 in
2220 527 2450 593 Capitulis

2371 615 2450 657 31·

1472 672 1545 716 Ne
1583 672 1678 718 ullo
1707 684 1910 736 ,unquam
1942 682 2150 735 tempore
2169 703 2184 725 ,
2215 680 2294 715 aut
2323 667 2455 715 ulla„

1403 755 1668 805 quacunque
1685 740 1817 789 causa
1834 743 1925 788 FF.
1942 737 2171 806 Capucini
2189 737 2245 787 ad
2264 739 2349 787 PP.
2364 738 2456 785 Mi-

1402 826 1550 858 nimos
1571 814 1619 859 S.
1642 809 1866 859 francisci
1883 811 1938 859 de
1958 810 2094 875 Paula
2111 845 2126 866 ,
2154 827 2237 857 nec
2263 809 2307 856 hi
2327 806 2383 855 ad
2402 809 2455 857 il-

1402 878 1470 927 los
1499 879 1542 929 se
1575 877 1819 942 transferre
1847 879 2014 949 poffint
2038 913 2053 938 ,
2093 878 2173 929 sub
2201 876 2452 930 Pontificiae

1475 1022 1605 1071 Vivae
1626 1019 1768 1070 Vocis
1799 1022 2009 1070 Oraculo
2038 1021 2248 1070 concedit
2268 1057 2282 1078 ,
2325 969 2451 1087 qtiold

1369 1116 1371 1118 v
1399 1108 1490 1140 non
1515 1090 1797 1141 obstantibus
1821 1091 2218 1141 constitutionibus
2243 1092 2269 1139 ὲ
2298 1089 2338 1139 se
2358 1091 2453 1139 edi-

1398 1164 1456 1208 tis
1488 1194 1503 1217 ,
1547 1163 1729 1210 Fratres
1763 1158 1888 1227 aeque
1923 1158 2095 1211 Officia
2131 1165 2314 1230 propria
2342 1196 2358 1219 ,
2397 1180 2450 1210 ac

1398 1226 1554 1279 Missas
1580 1230 1635 1279 de
1658 1231 1825 1280 Sanfto
1853 1235 1902 1280 P.
1932 1227 2169 1281 Franciseo
2188 1265 2203 1289 ,
2230 1230 2451 1298 aliisque,

1400 1300 1593 1350 Ordinis
1611 1302 1784 1351 sanetis
1802 1301 1954 1350 dicere
1972 1301 2167 1369 poflint,
2186 1304 2245 1351 ita
2265 1316 2418 1351 tamen
2433 1337 2451 1361 ,

1402 1385 1452 1420 ut
1467 1373 1573 1420 talia
1598 1366 1772 1421 Officia
1789 1405 1804 1430 ,
1829 1370 1876 1422 ὅ(
1895 1371 2038 1421 Missae
2066 1373 2260 1440 propriae
2284 1407 2300 1430 ,
2337 1370 2450 1432 Mis-

1401 1439 1478 1491 sali
1510 1445 1722 1492 Romano
1752 1460 1841 1492 non
1871 1459 2196 1512 apponantur,
2228 1440 2302 1491 sed
2326 1441 2451 1493 seot-

1398 1510 1482 1561 fim
1500 1513 1749 1564 habeantur
1766 1548 1777 1563 .
2080 1537 2084 1541 ’
2306 1532 2309 1534 ’
2363 1530 2446 1578 33.

1468 1588 1647 1634 Fratres
1665 1588 1853 1654 triginta
1871 1581 1926 1634 ad
1944 1583 2142 1636 Claffem
2158 1580 2448 1635 Pontificiam

1394 1666 1554 1704 contra
1571 1658 1750 1705 Turcas
1779 1673 1860 1722 pro
1883 1659 2119 1721 Spirituali
2152 1657 2320 1705 Militis
2352 1655 2448 1706 sub-

1393 1722 1507 1773 sidio
1537 1724 1779 1774 destinatos
1808 1758 1825 1783 ,
1867 1724 2153 1793 ampliffimis
2183 1726 2445 1795 Privilegiis

1392 1797 1652 1846 communit
1671 1829 1683 1845 .
2355 1810 2379 1859 3
2390 1812 2440 1860 3.

1472 1937 1628 1993 SUB
1681 1910 2150 1989 GRiaoomo
2203 1937 2360 1988 xm.

1463 2081 1677 2132 Revocat
1701 2077 2092 2133 Constitutionem
2119 2077 2204 2128 fec.
2225 2096 2316 2128 rec.
2334 2079 2446 2130 Pau—

1393 2153 1425 2202 li
1461 2155 1562 2202 111.
1592 2170 1679 2220 qua
1709 2151 1906 2202 nostram
1944 2153 2236 2221 Religionem
2281 2153 2444 2200 ultra..

1391 2239 1573 2273 montes
1605 2224 1848 2292 propagari
1885 2222 2080 2272 inhibuit
2103 2255 2119 2279 ‚
2159 2224 2444 2288 tribuitque-2

1393 2291 1660 2344 facultatem
1688 2312 1767 2362 per
1795 2293 1973 2345 Gallias
1993 2328 2008 2350 ‚
2037 2311 2089 2343 ac
2113 2310 2272 2340 omnes
2298 2293 2443 2342 Orbis

1390 2377 1541 2432 partes
1561 2365 1717 2422 ,Loca
1733 2398 1749 2423 ,
1765 2364 2008 2416 Custodias
2020 2397 2035 2422 ,
2062 2366 2324 2413 Provincias
2349 2362 2442 2413 ἃς.

1389 2434 1621 2505 erigendi.
2355 2449 2436 2496 34.

1451 2507 1638 2574 Julium
1676 2507 1939 2556 Antonium
1966 2504 2260 2557 Cardinalem
2291 2507 2339 2555 S.
2366 2508 2441 2554 Se-

1388 2580 1555 2626 verinae
1573 2611 1589 2634 ,
1617 2577 1811 2627 Ordinis
1836 2577 2286 2626 Vice-Proteetorem
2306 2575 2443 2642 Capi-

1389 2649 1475 2696 tuli
1496 2649 1737 2696 Generalis
1758 2645 1995 2698 Praesidem
2018 2648 2208 2711 deputat
2225 2680 2236 2694 .
2355 2662 2380 2705 3
2390 2661 2438 2707 5.

1459 2714 1676 2766 Prohibet
1696 2749 1711 2772 ,
1727 2734 1779 2763 ne
1799 2718 1997 2766 Tertiari
2034 2719 2125 2765 FF.
2160 2719 2442 2769 Minorum⁴

1388 2786 1782 2837 conventualium
1798 2820 1813 2843 ,
1831 2784 2082 2853 praesertim
2118 2787 2165 2834 in
2184 2788 2347 2851 Regno
2375 2787 2442 2835 Si·

1385 2851 1500 2908 ciliae
1522 2855 1809 2925 degentium,
1826 2857 2073 2914 Habitum,
2090 2858 2441 2925 Capucinorum

1384 2928 1585 2981 Habitui
1602 2925 1884 2977 consimilem
1902 2925 2106 2976 deferant
2124 2961 2136 2976 .
2354 2936 2438 2989 36.

1430 3003 1632 3050 Decreto
1653 2998 1832 3048 Fratres
1848 2999 1918 3066 S.J
1927 3001 2081 3048 oannis
2099 2998 2156 3047 de
2173 2998 2440 3055 De0,Habi-
2503 3009 2505 3011 ’

1386 3085 1493 3122 turn
1509 3069 1701 3120 similem
1717 3069 1916 3121 Habitui
1933 3070 2195 3138 Capucinor
2204 3087 2280 3118 um
2296 3067 2441 3138 gesta-

1389 3158 1435 3192 re
1451 3142 1750 3212 prohibentur
1762 3174 1776 3190 .
2351 3156 2375 3201 3
2386 3158 2432 3200 7.

1529 3284 1728 3339 SUB
1803 3284 2154 3335 SIXTO
2234 3283 2295 3333 V.

1456 3427 1547 3479 Pro
1566 3425 1703 3477 Festis
1722 3429 1804 3490 SS.
1822 3420 2123 3483 P.Francisci,
2138 3426 2332 3476 Antonii
2349 3425 2438 3475 cle-³

1385 3497 1540 3549 Padua
1569 3533 1586 3556 ,
1617 3501 1962 3565 ‘Bonaventurae
1995 3534 2010 3556 ,
2063 3497 2294 3547 Ludovici
2330 3501 2438 3563 Epi—

1383 3567 1536 3639 scopi,
1554 3568 1604 3620 <St
1621 3566 1898 3619 Confessoris
1913 3605 1927 3627 ,
1944 3568 2212 3624 Bernardini
2233 3604 2246 3625 ,
2262 3565 2309 3617 ὅ(
2330 3571 2438 3619 Cla-

1382 3658 1472 3701 rae,
1504 3643 1548 3691 in
1571 3638 1781 3691 Ecclefiis
1804 3640 1997 3691 Ordinis
2028 3640 2164 3690 nostri
2184 3638 2275 3690 ἃς.
2302 3653 2436 3689 tama

1380 3728 1466 3780 pro
1502 3709 1771 3770 Fratribus,
1803 3711 2118 3768 Monialibus,
2145 3711 2281 3779 quam
2312 3723 2438 3759 caete-

1380 3786 1441 3834 ris
1467 3781 1702 3852 utriusque
1731 3787 1874 3835 Sexus
1897 3781 2284 3835 Christifidelibus
2301 3815 2315 3837 ‚
2346 3783 2439 3846 ple-

2189 3852 2361 3901 nariam
