2658 4244
96 1090 206 1119 bit-21.

119 1130 166 1164 (b)
192 1131 295 1166 Lib-3.

96 1172 226 1200 Annalift
255 1174 294 1201 ad

93 1254 139 1286 (c)
154 1250 293 1286 Lib-His).

90 1293 191 1330 patria
220 1294 292 1325 Dec.

97 1337 128 1363 ς·
139 1332 161 1360 l·
174 1337 203 1363 ς·
216 1343 245 1362 c·
259 1342 291 1371 ⁴,

98 1372 147 1407 (d)
173 1373 236 1402 Lib.
256 1377 293 1404 de

383 235 478 297 60

371 338 525 378 Datum
541 325 689 372 Roma·
701 316 807 384 apud
822 329 862 374 S.
878 331 1048 375 Mariam
1066 333 1267 391 Majorem
1283 337 1360 377 &c.

312 396 382 438 die
402 403 535 437 xvtt.
565 387 808 433 Novembris
836 406 1065 437 M.nc·xv·
1096 391 1358 438 Pontificatus

315 450 454 498 Nostri
471 461 575 491 anno
588 460 660 491 xi.

1032 609 1304 697 No

1069 214 1232 307 Sub
1298 217 1544 311 Paulo
1611 221 1712 310 V.

1478 337 1780 393 Autographum
1799 336 1842 377 in
1868 337 2090 380 secretaria
2103 339 2287 382 Brevium
2302 339 2460 397 Aposto-

1535 399 1611 439 lica
1632 401 1725 453 Reg.
1750 396 1868 453 mensi
1891 399 1989 439 Nov.
2010 399 2105 438 anni
2131 399 2250 445 1615.
2263 400 2344 455 fol.
2362 412 2460 454 347.

1530 455 1576 497 de
1597 467 1671 513 quo
1698 459 1896 510 exemplar
1919 460 1964 498 in
1985 456 2155 503 Arcbivo
2166 458 2346 511 generali
2369 459 2463 501 Ord.

1531 522 1627 556 tom.
1649 519 1692 561 S.
1714 527 1820 556 num.
1843 531 1882 568 9.

1437 630 1501 692 T
1632 636 1743 698 A.

417 759 559 795 LIenum
573 757 704 796 nemini
712 758 870 798 videatur
880 781 894 801 ,
906 757 930 794 fi
944 757 1002 805 (*)
1016 758 1146 799 Patrem
1158 758 1413 807 Hieronymum
1427 759 1620 798 Provinciae
1629 761 1762 799 Picenae
1774 763 1964 800 Alumnum
1974 785 1988 806 ,
2002 760 2044 798 ad
2056 755 2259 795 visitandum
2268 749 2436 790 Ordinem
2446 772 2462 793 ,

431 809 450 844 ἃ
464 807 524 842 suo
538 806 731 844 distinctum
743 832 757 853 ,
782 807 997 855 Apostolica·
1010 807 1237 843 commistione
1255 807 1347 842 mitti
1359 807 1515 845 advertat
1531 821 1541 844 ι
1566 822 1606 845 ea
1619 810 1708 846 enirn
1725 823 1857 847 morum
1868 811 2020 857 gravitas
2033 834 2047 853 ,
2073 805 2202 852 ingenii
2228 812 2371 840 acumen
2391 798 2463 858 2⁰&

313 857 453 894 virtutis
465 856 623 903 splendor
635 857 669 892 in
683 856 746 893 illo
756 855 920 899 emicuit,
937 865 1057 891 utnon
1070 854 1182 891 soiiim
1199 855 1342 899 Religio
1355 855 1469 892 nostra
1482 882 1495 901 ,
1507 858 1586 897 bina
1602 859 1674 894 vice
1689 882 1702 902 ‚
1715 860 1945 896 Generalatt‘is
1959 855 2178 895 ministerium
2193 853 2228 892 ei
2243 852 2436 907 decre-verit
2451 868 2465 886 ι

315 908 445 952 Reges,
459 906 495 942 &
507 904 682 953 Principes
697 905 833 942 suorum
846 903 1017 949 gestorum
1033 903 1189 939 habuerit
1207 914 1394 950 praecones,
1404 906 1528 941 verum
1540 907 1642 942 etiam
1656 907 1763 944 Curia
1777 907 1945 944 Vaticana
1958 908 2048 944 inter
2063 904 2191 953 primos
2201 901 2366 946 regularis
2381 906 2461 954 vit-ze

138 967 184 1005 (a)
199 973 235 1001 tn
249 971 294 1000 Bi.
314 955 510 992 &asceseos
522 955 673 991 cultores
692 954 794 990 illum
809 951 1025 989 aestimaverit
1042 977 1052 986 .
1085 953 1166 989 inde
1177 951 1212 987 8(
1225 951 1341 988 evenit
1351 977 1365 996 ,
1386 961 1422 988 ut
1437 954 1457 989 ἃ
1472 954 1582 989 Paulo
1598 955 1645 990 V.
1663 956 1808 991 visitatio
1833 956 1947 991 Eremi
1969 951 2228 991 Camaldulens.
2245 950 2280 985 in
2293 949 2463 985 Hetruria.

97 1008 295 1048 hlioth.Script.
311 1004 346 1040 ei
357 1001 528 1040 commissa
538 1026 550 1045 ‚
564 1002 599 1039 8t
612 1002 728 1049 postea
742 1003 784 1038 ab
800 1001 956 1040 Urbano
982 999 1084 1035 Vlll.
1095 999 1164 1047 (uti
1176 999 1288 1036 noster
1307 1003 1402 1037 Pater
1420 1001 1606 1049 Dionysius
1618 1001 1749 1048 &janua
1759 1003 1815 1061 (a)
1830 1002 1950 1048 refert)
1966 1002 2153 1045 visitator,
2168 997 2461 1050 Reformatorque

99 1050 231 1088 omfot.
244 1051 294 1081 mi·
314 1051 542 1099 Apostolicus
553 1050 707 1085 omnium
722 1049 900 1095 utriusque
918 1048 1019 1084 sextis
1030 1048 1263 1091 Regularium
1276 1071 1289 1091 ‚
1300 1048 1334 1082 8<
1348 1049 1620 1095 Comprotestor
1636 1050 1820 1086 Generalis
1830 1060 1948 1088 earum
1964 1049 2191 1095 Religionum
2205 1058 2304 1095 ,quae
2321 1043 2461 1091 specialt

314 1099 528 1147 protefflone
541 1097 670 1134 orbata
683 1098 851 1132 extabant
863 1119 876 1139 ,
906 1095 1007 1131 suerit
1019 1093 1196 1129 institutus
1212 1120 1222 1130 .
1248 1096 1371 1131 Romae
1385 1107 1466 1132 cum
1478 1108 1568 1133 anno
1587 1098 1686 1135 1626.
1699 1098 1852 1134 somnum
1866 1099 1984 1135 mortis
1996 1107 2155 1146 caperet,
2173 1097 2229 1132 hic
2255 1095 2345 1130 idern
2361 1092 2460 1130 Sum-

312 1159 390 1184 mus
404 1145 565 1183 Pontifex
579 1145 747 1181 solemnes
758 1144 922 1189 exequias
934 1153 1012 1178 cum
1028 1142 1137 1178 totius
1153 1142 1320 1179 Civitatis
1332 1144 1470 1179 accursu
1481 1168 1494 1188 ,
1510 1145 1550 1182 Ei
1563 1146 1776 1192 Apostolicis
1787 1146 1939 1193 expensis
1952 1144 2114 1184 celebrari
2127 1141 2303 1182 mandavit
2316 1166 2326 1178 .
2339 1141 2463 1185 Agunt

95 1221 168 1240 ann.
205 1217 293 1240 1⁶26,
313 1196 356 1232 de
374 1194 453 1232 viro
465 1194 533 1230 hoc
550 1191 839 1231 Mantisconensis
856 1191 916 1238 (b)
931 1190 1177 1237 Ripamontius
1196 1215 1209 1235 ,
1237 1191 1291 1238 (c)
1307 1190 1547 1236 sigismundus
1559 1194 1579 1229 ἐι
1593 1194 1754 1231 Bononia
1769 1194 1873 1242 (d)&
1887 1195 1968 1234 alii.

2318 1318 2434 1331 fl

94 1413 291 1483 ffissc‘f‘pss'
313 1421 563 1489 Capucinis
593 1454 610 1478 ,
660 1434 712 1469 ut
742 1418 908 1486 ubique
933 1419 979 1467 in
1006 1416 1363 1487 proceffionibus
1421 1422 1574 1472 nostri,
1594 1436 1681 1478 quae
1713 1422 1882 1478 incipit,
1905 1418 2085 1476 Expofiit
2114 1415 2319 1475 pastoralis
2347 1409 2461 1469 officii

346 1489 427 1542 sub
447 1490 635 1560 propria
662 1493 818 1541 Cruce
839 1487 1049 1539 incedant
1065 1524 1080 1547 ,
1114 1487 1325 1538 concedit
1345 1525 1358 1539 .

468 1651 1068 1704 PAULUSPAPA
1126 1651 1189 1714 m

487 1736 554 1778 Ad
572 1744 813 1791 perpetuam
837 1737 899 1775 ree·
927 1737 1182 1775 memoriam.

410 1798 615 1843 Astoralis
638 1798 795 1851 officii,
822 1813 904 1855 quo
927 1797 1070 1840 divina
1098 1795 1360 1852 dispensatio-

426 1874 454 1902 n
466 1874 491 1902 e
506 1887 519 1911 ,
547 1858 663 1901 nullo
682 1858 824 1900 nostro
840 1858 988 1899 merito
1003 1854 1210 1912 fungimur
1225 1857 1364 1906 ,ratio

305 1917 481 1974 postulat
502 1947 517 1968 ,
544 1929 588 1959 ut
619 1917 959 1972 Religiosorum,
987 1916 1160 1957 maxime
1189 1916 1358 1958 Sric‘iio-

305 1977 362 2018 ris
377 1975 656 2018 Observantiae
676 1977 795 2030 paci,
813 1978 854 2017 &
868 1975 1023 2030 quieti,
1049 1974 1247 2029 quantum
1268 1977 1356 2017 No-

305 2035 366 2077 bis
382 2050 435 2078 ex
447 2034 536 2077 alto
551 2035 813 2085 conceditur,
833 2033 1066 2089 opportune
1079 2030 1351 2076 consulamus.

305 2091 564 2148 Cumitaque
586 2122 599 2144 ,
633 2092 731 2135 ficut
746 2094 933 2136 Dilectus
958 2090 1062 2134 filius
1095 2094 1348 2134 Procurator

305 2153 524 2195 Generalis
542 2151 710 2193 Ordinis
734 2155 923 2196 Fratrum
942 2153 1145 2193 Minorum
1168 2152 1347 2206 Capuci-

305 2224 453 2254 norum
466 2222 817 2266 nuncupatorum,
837 2211 966 2254 Nobis
984 2224 1115 2266 nuper
1128 2211 1275 2265 exponi
1292 2207 1353 2252 fe-

305 2271 364 2313 cit
378 2301 392 2321 ,
413 2269 622 2313 nonnulla:
649 2272 740 2312 rixae
753 2301 767 2322 ,
789 2274 828 2312 &
843 2268 1101 2312 distentiones
1121 2270 1231 2310 inter
1250 2271 1350 2311 Fra—

305 2338 394 2372 tres
409 2329 503 2371 dieti
519 2329 685 2370 Ordinis
698 2359 713 2379 ,
730 2332 770 2372 δι
786 2329 969 2372 Βίἰεᾶοε
985 2329 1109 2370 etiam
1123 2326 1229 2369 filios
1251 2329 1348 2370 Fra-

305 2397 395 2429 tres
422 2386 590 2430 Ordinis
624 2389 811 2429 Fratrum
837 2388 1044 2430 Minorum
1070 2389 1346 2428 Conventua-

306 2445 404 2488 lium
420 2446 552 2490 Sancti
570 2445 791 2497 Francisci,
805 2445 902 2487 dum
918 2446 1052 2500 primo
1067 2439 1161 2486 dieu
1181 2447 1344 2486 Fratres

304 2505 346 2547 in
364 2502 687 2547 Proceffionibus
708 2504 882 2560 publicis
905 2505 974 2544 sub
995 2502 1225 2545 eorundem
1248 2504 1350 2544 Fra·

306 2575 416 2606 trum
445 2565 650 2606 Minorum
675 2562 1033 2607 Conventualium
1063 2564 1204 2604 Cruce
1233 2562 1350 2603 ince-

304 2621 437 2671 dunt,
458 2621 668 2664 interdum
697 2624 912 2675 oriantur3
936 2625 1023 2665 Nos
1045 2635 1212 2664 omnem
1239 2622 1349 2663 rixa-

308 2692 398 2723 rum
419 2709 434 2730 ,
466 2682 505 2722 &
519 2677 801 2723 diffenfionum
815 2681 1099 2738 praedit‘tarum
1128 2681 1348 2723 materiam

304 2738 551 2781 submovere
568 2738 756 2782 volentes
769 2770 784 2792 ,
799 2739 1006 2796 distosque
1022 2743 1190 2782 Fratres
1209 2740 1347 2782 Mino·

305 2812 374 2840 res
390 2798 620 2853 Capucinos
642 2811 898 2854 nuncupatos
925 2799 1165 2854 specialibus
1195 2796 1350 2841 favori-

306 2858 381 2900 bus
397 2886 412 2907 ,
445 2858 484 2898 δε
506 2858 648 2912 gratiis
672 2858 863 2914 prosequi
895 2859 1086 2901 volentes
1103 2888 1118 2908 ,
1149 2859 1189 2899 &
1204 2871 1346 2901 eorum

306 2915 529 2971 fingulares
553 2914 743 2970 personas
759 2918 780 2958 a
794 2917 995 2974 quibusvis
1019 2917 1347 2960 excommunica—

305 2976 429 3017 tionis
446 3005 460 3025 ,
478 2971 738 3030 suspensionis
753 3006 768 3026 ‚
795 2978 833 3017 &
847 2975 1058 3020 interdicti
1074 3007 1089 3027 ‚
1118 2974 1246 3033 aliisq3
1264 2978 1346 3018 Ec-

305 3034 536 3077 clefiasticis
552 3034 764 3077 sententiis
779 3065 793 3085 ,
816 3035 933 3078 censu
941 3036 993 3076 ris
1009 3067 1024 3087 ,
1045 3037 1083 3077 &
1098 3037 1233 3092 poenis
1249 3034 1271 3078 a
1282 3034 1347 3093 ju·

305 3108 372 3145 re,
387 3093 455 3135 vel
470 3093 520 3134 ab
537 3093 699 3136 homine
714 3123 729 3143 ,
745 3096 889 3149 quavis
903 3094 1117 3137 occasione
1131 3125 1146 3146 ,
1165 3095 1229 3138 vel
1244 3108 1346 3137 cau-

305 3151 345 3194 sa
360 3153 456 3195 latis
475 3181 488 3203 ,
505 3150 528 3207 fi
545 3153 687 3207 quibus
706 3150 1018 3208 quomodolibet
1034 3153 1237 3196 innodatae
1252 3153 1342 3196 exi-

305 3212 412 3253 stunt
427 3241 442 3262 ,
465 3213 516 3253 ad
538 3210 723 3254 effeetum
742 3211 999 3267 praesentium
1023 3212 1222 3255 duntaxat
1243 3227 1345 3255 con-

306 3270 559 3327 sequendum
573 3299 588 3320 ,
604 3271 743 3313 harum
755 3268 861 3312 serie
876 3272 1135 3314 absolventes
1150 3302 1165 3322 ,
1181 3273 1221 3313 &
1235 3270 1349 3314 abso·-

306 3329 410 3372 tutas
429 3327 515 3371 fore
529 3327 745 3372 censentes
764 3358 778 3381 ,
790 3328 1167 3385 supplicationibuS,
1180 3330 1347 3371 illorum

307 3389 474 3430 nomine
491 3389 619 3431 Nobis
634 3387 751 3445 super
767 3385 843 3431 hoc
861 3389 1068 3432 humiliter
1080 3389 1273 3444 porree'tis
1285 3390 1348 3430 in-

309 3445 451 3488 clinati
466 3460 480 3498 3
496 3450 562 3489 De
577 3448 889 3490 Venerabilium
904 3451 1096 3491 Fratrum
1117 3448 1344 3490 nostrorum

310 3507 355 3545 S.
370 3506 422 3545 R.
443 3506 489 3544 E.
506 3507 811 3560 cardinalium,
832 3508 1008 3563 negotiis
1033 3506 1345 3561 Regulariurru

308 3561 607 3618 praepofitorum
635 3566 804 3609 consilio
820 3596 835 3617 ,
861 3565 1014 3609 eisdem
1039 3566 1245 3608 Fratribus
1261 3567 1342 3607 Mi-

308 3621 474 3663 noribus
486 3624 700 3676 Capucinis
713 3626 974 3681 nuncupatis,
989 3624 1098 3681 quod
1115 3626 1262 3680 ubique
1281 3625 1344 3666 lo-

306 3693 451 3722 corum
475 3679 516 3720 in
547 3681 718 3733 publicis
739 3684 1062 3727 Proceffionibus
1093 3682 1342 3739 hujusmodi,

308 3742 489 3780 Crucem
520 3742 717 3793 propriam
738 3769 752 3791 ‚
784 3744 832 3784 ad
852 3741 1017 3786 formam
1033 3744 1345 3786 Constitutionis

311 3794 381 3838 fel.
413 3810 503 3838 rec.
534 3799 726 3851 Gregorii
752 3802 867 3856 Papae
894 3803 1017 3846 xm.
1046 3801 1347 3848 Praedecefforis

1420 1480 1670 1524 &c.deferre
1689 1479 1834 1536 poffint
1849 1509 1864 1531 ,
1885 1480 1924 1520 &
1941 1478 2125 1529 valeant,
2143 1474 2374 1533 Apostolica
2387 1485 2461 1513 au·

1421 1539 1614 1581 &oritate
1636 1550 1786 1581 tenore
1807 1534 2069 1597 praesentium
2096 1534 2358 1580 concedimus
2380 1558 2394 1581 ,
2420 1530 2461 1570 &

1421 1597 1680 1653 indulgemus
1698 1627 1709 1638 .
1737 1601 2020 1641 Decernentes
2056 1599 2272 1651 praesentes
2300 1591 2461 1635 Literas

1422 1655 1579 1696 validas
1596 1685 1611 1707 ,
1632 1654 1764 1697 firmas
1777 1685 1793 1708 ,
1815 1657 1853 1697 &
1866 1657 2051 1697 efficaces
2065 1654 2236 1695 existere
2253 1683 2268 1705 ,
2287 1653 2327 1693 δι
2339 1646 2428 1713 fores
2442 1680 2459 1703 ,

1422 1711 1587 1767 suosque
1601 1713 1806 1766 plenarios
1819 1743 1835 1765 ,
1857 1714 1896 1753 &
1919 1714 2102 1766 integros
2118 1710 2281 1753 effectus
2296 1711 2428 1752 sortiri
2442 1739 2458 1760 ,

1422 1773 1462 1812 δε
1476 1771 1663 1812 obtinere
1680 1771 1906 1822 debere-,ac
1920 1770 2144 1821 irritum,&
2155 1770 2292 1822 inane,
2306 1765 2331 1808 si
2346 1762 2461 1811 secus

1424 1829 1540 1886 super
1555 1830 1613 1871 his
1629 1828 1649 1869 :i
1664 1843 1866 1886 quoquam
1879 1858 1895 1880 ,
1909 1829 2047 1885 quavis
2063 1829 2320 1879 aufioritate,
2331 1822 2462 1865 scien-

1423 1900 1488 1931 ter
1501 1917 1515 1939 ,
1538 1887 1602 1930 vel
1617 1888 1863 1943 ignoranter
1875 1887 2101 1945 contigerit
2116 1886 2315 1931 attentari
2331 1915 2342 1927 .
2360 1883 2461 1930 Non

1421 1948 1671 1990 obstantibus
1686 1946 2118 1997 Constitutionibus,&
2132 1945 2460 1989 ordinationibus

1418 2005 1661 2062 Apostolicis
1676 2035 1692 2057 ,
1712 2020 1880 2049 necnon
1895 2002 2102 2061 utriusque
2117 2003 2283 2046 Ordinis
2297 2033 2312 2056 ,
2326 2005 2454 2047 etiam

1413 2065 1452 2124 ju
1460 2074 1662 2117 ramento,
1677 2064 1991 2108 confirmatione
2005 2060 2256 2118 Apostolica,
2269 2063 2338 2104 vel
2355 2077 2460 2118 qua-

1411 2124 1471 2166 vis
1488 2124 1535 2167 fir
1545 2124 1691 2165 mitate
1704 2123 1780 2166 alia
1797 2124 1997 2167 roboratis
2011 2122 2170 2165 statutis
2193 2151 2209 2175 ,
2233 2125 2273 2164 &
2285 2120 2392 2167 cons
2385 2135 2459 2164 ue-

1413 2184 1638 2233 tudinibus,
1658 2182 1879 2239 privilegiis
1895 2195 2076 2238 quoque,
2093 2179 2262 2223 indultis
2274 2211 2290 2236 ,
2306 2182 2347 2225 &
2362 2181 2461 2223 lite-

1412 2244 1465 2284 ris
1501 2241 1743 2298 Apostolicis
1779 2243 1821 2284 in
1855 2241 2099 2284 contrarium
2130 2238 2452 2296 praemissorum-³

1410 2300 1724 2358 quomodolibet
1744 2299 1939 2344 conceffis
1950 2330 1966 2351 ,
1986 2296 2234 2342 confirmatis
2247 2329 2261 2353 ‚
2280 2299 2456 2343 &inno-

1409 2361 1514 2402 vatis
1532 2390 1542 2400 .
1559 2360 1717 2419 Qibus
1732 2360 1918 2402 omnibus
1933 2389 1949 2411 ,
1972 2360 2011 2400 δι
2032 2357 2216 2411 singulis,
2230 2372 2375 2401 eorum
2391 2367 2458 2400 te·

1408 2433 1530 2461 nores
1564 2417 1827 2474 praesentibus
1856 2434 1934 2474 pro
1956 2417 2080 2475 plen‘e
2095 2446 2110 2467 ,
2138 2419 2179 2459 δε
2205 2416 2456 2460 sufficienter

1408 2477 1598 2533 expreffis
1615 2478 1813 2522 habentes
1825 2508 1840 2528 ,
1854 2477 1937 2521 illis
1951 2477 2049 2519 alias
2062 2476 2103 2518 in
2117 2473 2186 2517 suo
2199 2477 2350 2519 robore
2361 2489 2457 2532 per-

1411 2534 1601 2578 mansuris
1626 2567 1641 2587 ,
1679 2538 1751 2580 hac
1781 2538 1874 2578 vice
1899 2537 2098 2579 duntaxat
2127 2535 2360 2589 specialiter
2376 2561 2389 2584 ,
2416 2534 2458 2576 δε

1410 2590 1601 2651 expresse
1634 2594 1880 2651 derogamus
1914 2626 1929 2647 ,
1964 2590 2200 2648 caeterisque
2233 2592 2456 2636 contrariis

1409 2651 1715 2709 quibuscunque
1731 2685 1742 2697 .
1775 2656 1878 2696 Dat.
1906 2652 2070 2697 Tusculi
2095 2650 2166 2694 sub
2195 2650 2366 2694 Annulo
2378 2651 2458 2691 ‘Pi-

1407 2713 1574 2757 scatoris
1590 2714 1658 2754 die
1674 2728 1766 2757 xtr-
1783 2714 1971 2756 octobris
1987 2727 2036 2754 M.
2052 2725 2126 2752 nc.
2141 2724 2262 2760 xvir·
2276 2707 2456 2752 Pontifi-

1408 2783 1522 2816 catus
1540 2771 1675 2815 Nostri
1691 2777 1812 2816 Anno
1827 2769 2134 2816 Decimotertio
2148 2797 2160 2810 .

1868 2890 1908 2929 5.
1928 2886 2047 2930 Card.
2064 2888 2104 2927 S.
2123 2884 2334 2943 susannae.

1461 3038 1631 3090 Autogr.
1648 3036 1690 3076 in
1717 3034 1939 3076 secretaria
1966 3034 2150 3076 Brevium
2172 3031 2344 3090 Apostol.
2373 3033 2448 3073 Rc·

1514 3093 1620 3151 gesto
1645 3093 1765 3150 menſs
1788 3090 1870 3134 Οέἶ.
1894 3093 2001 3132 Anni
2024 3097 2142 3140 1617.
2163 3089 2243 3149 fol.
2281 3093 2370 3132 181.
2404 3089 2450 3130 de

1526 3166 1601 3208 quo
1633 3157 1755 3194 Breve
1769 3149 1998 3209 formatum
2022 3153 2065 3191 in
2091 3149 2213 3192 Arch.
2227 3162 2318 3205 gen.
2350 3149 2446 3191 ord.

1528 3214 1634 3254 Tom.
1658 3213 1709 3253 D.
1730 3223 1770 3252 n.
1794 3221 1882 3263 142.

1891 3347 2413 3364 —*——

1402 3511 1479 3558 Ne
1497 3507 1722 3577 Capucini
1737 3507 1944 3572 deinceps
1962 3504 2240 3555 Monialium
2256 3521 2413 3552 curam
2429 3537 2446 3560 ,

1439 3582 1510 3630 vel
1538 3577 1818 3647 spiritualem
1839 3612 1856 3634 ,
1893 3576 1965 3624 vel
1989 3576 2286 3645 temporalem
2313 3572 2448 3623 susci-

1437 3652 1562 3720 piant
1576 3684 1591 3707 ,
1607 3662 1833 3717 praecavet
1846 3683 1863 3705 ,
1886 3644 1934 3696 ὃς
1954 3645 2076 3712 quod
2092 3645 2148 3695 ad
2162 3647 2297 3695 talem
2317 3641 2446 3693 susci-

1441 3717 1651 3790 piendam
1667 3755 1684 3777 ,
1711 3716 1835 3768 nullz'l
1854 3717 2123 3768 aufioritate
2137 3714 2304 3787 poffint
2321 3749 2338 3772 ,
2367 3714 2443 3763 vet

1441 3789 1634 3843 debeant
1651 3791 1875 3858 conpelli,
1906 3786 2045 3838 sancit
2063 3823 2074 3837 .
2159 3867 2162 3870 Δ
2225 3856 2255 3896 P
2272 3854 2308 3895 Α
2324 3856 2363 3898 U
