2658 4244
971 185 1134 275 Sub
1198 181 1448 274 Paulo
1508 183 1638 272 III.

219 315 368 366 (ωας
395 313 631 370 exterisque
671 304 891 355 contrariis
920 301 1238 359 quibuscumque
1251 330 1263 341 .
1327 312 1392 343 tur
1407 328 1422 350 ,
1455 297 1481 340 si
1509 301 1645 344 forent
1659 299 1875 353 exhibitae3
1905 306 1971 347 vel
1998 305 2155 350 ostensae
2170 337 2182 350 .

227 369 423 420 Volumus
435 383 593 425 autem,
606 369 712 428 qubd
731 361 985 422 praesentium
1003 358 1263 414 transumptis
1323 363 1477 403 Datum
1497 362 1637 405 Romae
1651 360 1757 415 apud
1774 364 1818 404 S.
1838 362 2012 404 Petrum
2036 366 2104 409 sub
2119 367 2285 411 Annulo
2299 367 2371 411 Pi.-⁴

228 432 373 477 sinino
398 431 563 486 alicujus
590 427 763 485 persona:
791 425 830 466 in
847 421 1047 475 dignitate
1064 415 1266 461 Ecclefia-
1326 417 1494 460 scatoris
1508 418 1578 461 die
1602 434 1615 461 1
1633 419 2136 474 11.JanuariiMDxxxv1
2150 444 2185 471 1.
2200 426 2370 475 Pontifiq-

220 468 321 534 ‘stiga
347 490 568 532 constitutae
584 486 745 542 {ignatis
765 510 780 534 ‚
807 483 847 523 δι
861 493 977 522 manu
994 477 1162 532 alicujus
1178 479 1267 519 No-
1323 485 1439 522 catus
1455 477 1594 528 Nostri
1607 478 1732 520 Anno
1750 478 1897 520 Tertio
1911 507 1923 518 .

229 550 322 593 tarii
338 549 487 605 publici
514 545 774 599 subscriptis,
805 538 946 604 eadem
977 534 1139 603 prorsus
1166 533 1266 579 fides

228 609 495 655 adhibeatur,
525 615 610 659 quae
626 598 905 659 originalibus
931 596 1019 655 ipsis
1046 594 1267 638 adhibere„

1008 712 1566 779 NOTA.

308 855 452 896 Uithaee
467 854 511 894 sd
523 858 656 900 tempus
664 852 827 901 Capituli
842 849 1025 890 Generalis
1037 846 1180 883 limitata
1192 847 1359 884 inhibitio
1371 870 1384 892 ‚
1405 846 1524 896 postea
1536 858 1697 887 revocata
1710 850 1730 886 a
1747 850 1839 898 Papa
1854 850 2038 896 Gregorio
2054 855 2159 892 Xlll.
2184 867 2244 904 per
2257 855 2356 893 Con-

223 857 294 947 Ρ
316 905 534 941 stitutionem
547 901 650 949 incip.
666 901 720 939 Ex
734 911 776 938 no
804 903 836 937 ri
849 925 863 946 ‚
888 898 974 937 infra
987 896 1175 935 videndam
1191 923 1202 933 .
2396 919 2397 924 ,
2580 917 2590 926 ,

320 953 420 990 Οὶῑιῑ
433 950 742 992 Reverendiffimus
784 976 797 986 .
813 950 936 986 Petrus
950 948 994 984 de
1007 947 1101 983 Alva
1116 946 1217 982 Proc.
1231 946 1414 986 GeneraIIS
1430 947 1498 984 ἃς.
1510 946 1573 994 (a)
1600 947 1721 987 Consti
1727 948 1890 986 tutionem
1913 950 1974 986 sub
1989 951 2059 988 PP.
2069 951 2162 1000 Iulio
2180 954 2211 990 ll
2222 955 2247 989 l.
2273 965 2363 989 ema·
2377 957 2460 991 (otu
2467 956 2515 995 sua
2527 955 2569 986 in-

219 1013 358 1047 natam»,
369 1000 475 1048 incip.
489 998 585 1041 ‘Boni
601 999 751 1049 Pastoris
764 1022 776 1042 ‚
788 1000 856 1046 qua
865 995 1054 1045 CapucInis
1065 995 1107 1030 ad
1123 1004 1234 1042 partes
1246 996 1483 1039 ultramarinas
1494 1008 1634 1044 quoque
1646 1022 1659 1042 ‚
1671 996 1840 1042 transitus,
1855 1000 1913 1036 seu
1919 1001 2136 1054 propagatio
2149 1001 2363 1048 prohibetur,
2378 998 2469 1026 dicut,
2495 999 2574 1027 Bau,

222 1053 259 1088 8<
275 1049 332 1098 cuj
339 1062 378 1086 us
389 1049 525 1096 copiam
539 1049 576 1083 in
597 1049 734 1093 regestis
746 1049 957 1087 Ultramontss.
970 1069 982 1088 ,
993 1046 1029 1082 8<
1042 1042 1210 1080 Cismont.
1224 1043 1384 1080 asservari
1395 1054 1558 1081 memorat
1570 1070 1579 1080 .
1608 1046 1698 1082 Mihi
1710 1056 1820 1083 autem
1843 1048 2028 1093 vestigium
2043 1050 2123 1087 talis
2138 1049 2365 1087 Constitutio—
2381 1038 2530 1083 senff-p·
2544 1048 2575 1065 2·

219 1100 272 1137 nis
289 1101 325 1134 in
342 1098 502 1134 Archivo
519 1096 693 1134 Vaticano
708 1108 777 1132 non
790 1094 978 1132 invenienti
992 1119 1006 1138 ‚
1027 1094 1062 1129 8<
1075 1090 1154 1129 ideo
1167 1092 1205 1129 in
1219 1093 1408 1129 Conventu
1422 1093 1689 1137 Ara-Coelitano
1701 1096 1803 1143 hujus
1814 1099 2014 1145 exemplum
2029 1098 2110 1134 mihi
2123 1079 2575 1135 communicarifi‘ffl'ffl‘W·

221 1147 390 1193 roganti,
404 1157 480 1184 eam
495 1157 562 1181 non
574 1147 664 1192 ampl
673 1142 903 1190 iusinveniri,
913 1142 979 1179 fuit
993 1139 1192 1190 sepontum,
1221 1142 1334 1191 Quod
1347 1142 1428 1183 ideo
1443 1142 1595 1183 additum
1607 1145 1694 1186 volo
1705 1156 1771 1189 ,ne
1782 1145 1818 1184 in
1831 1157 1920 1195 gypo
1935 1145 2056 1183 talium
2068 1147 2367 1188 constitutionum

221 1196 335 1235 studio
349 1206 487 1235 mancus
502 1206 625 1241 arguar
637 1218 650 1234 ρ

1561 599 1621 667 Εος
1641 597 1682 639 Ρ.
1696 596 1892 652 Wadingo
1912 599 2016 642 Tam.
2037 599 2098 642 16.
2106 602 2187 660 fol.
2204 616 2257 658 42
2263 617 2303 664 3.

2231 1331 2350 1347 μ’..-

223 1427 299 1473 Ne
320 1423 546 1490 Capucini
559 1457 577 1480 ‚
593 1426 769 1471 Fratres
785 1418 843 1469 de
861 1415 1168 1471 observantia
1181 1413 1273 1469 fine
1332 1426 1418 1460 tres
1432 1416 1484 1461 de
1496 1417 1764 1461 Observantia
1778 1421 1995 1474 nuncupati
2014 1449 2028 1472 ‚
2054 1422 2209 1464 nullum
2231 1438 2280 1466 ex
2306 1422 2371 1465 di.-

252 1492 433 1559 speciali
455 1490 640 1541 suorum
660 1492 959 1557 superiorum
991 1487 1203 1545 licentia,
1220 1487 1267 1535 in
1332 1478 1485 1545 &torum
1509 1477 1807 1543 Capucinorutn
1836 1477 2126 1522 professoribus
2157 1480 2207 1523 ad
2235 1481 2275 1524 se
2297 1495 2373 1524 ven-

1328 1546 1504 1579 mentem
1531 1549 1675 1591 quovis
1703 1547 1899 1591 praetextu
1926 1538 2069 1595 absque
2107 1539 2372 1584 Praelatorum

1326 1594 1486 1637 suorum
1503 1594 1661 1649 speciali
1678 1593 1844 1638 licentia
1859 1597 1897 1639 in
1913 1596 2073 1653 scriptis
2096 1599 2231 1642 habita
2262 1600 2371 1642 recu

1324 1668 1423 1710 pere
1439 1681 1454 1704 ,
1469 1651 1536 1694 seu
1556 1653 1594 1695 in
1619 1668 1760 1698 eorum
1777 1643 1974 1702 Domi'bus
1997 1658 2180 1700 retinere
2197 1658 2369 1713 poffint‚

1324 1727 1401 1755 nec
1418 1712 1485 1767 ipsi
1505 1711 1557 1754 de
1573 1711 1842 1755 Observantia
1867 1717 2088 1770 nuncupati
2116 1715 2262 1771 absque
2292 1719 2369 1758 hu-

1322 1770 1495 1829 jusmodi
1510 1771 1776 1813 Generalium
1793 1801 1810 1823 ‚
1833 1771 1897 1815 seu
1917 1774 2234 1819 Provincialium
2264 1778 2372 1818 Prae-

1325 1831 1500 1874 latorum
1517 1828 1674 1872 suorum
1695 1829 1863 1873 licentia
1879 1830 2060 1888 speciali,
2076 1834 2200 1877 etiam
2217 1835 2254 1876 in
2273 1833 2370 1876 scri-

1325 1890 1403 1945 ptis
1431 1888 1594 1940 habita,
1624 1888 1675 1930 ad
1703 1888 1864 1932 eosdem
1892 1893 2127 1946 Capucinos
2153 1892 2322 1934 tranfire
2354 1921 2369 1944 ,

1325 1959 1395 1993 aut
1421 1960 1563 1991 eorum
1592 1948 1773 1993 habitum
1798 1947 2014 2000 assumere,
2040 1951 2105 1992 seu
2133 1951 2286 2006 gestare
2301 1964 2371 1993 va-

1324 2010 1434 2051 leant
1450 2036 1464 2058 ,
1490 2005 1622 2049 donec
1652 2020 1724 2061 per
1749 2020 1821 2048 nos
1837 2036 1850 2058 ‚
1880 2008 1919 2049 in
1943 2008 2216 2052 distiOrdinis
2229 2012 2370 2052 Gene-

1322 2066 1397 2110 rali
1416 2064 1639 2121 Capitulo‚
1667 2065 1706 2107 in
1733 2067 1804 2107 hac
1829 2067 1949 2110 Alma
1978 2069 2091 2110 Urbe
2116 2069 2249 2112 nostro
2276 2068 2370 2123 spe-

1324 2125 1416 2169 ciali
1439 2125 1631 2167 mandato
1656 2123 1904 2171 celebrando
1930 2154 1945 2178 ,
1976 2126 2087 2169 aliud
2111 2126 2370 2171 determina-

1323 2196 1408 2229 tum
1437 2183 1582 2226 fuerit.

1381 2243 1423 2287 Si
1446 2241 1514 2298 qui
1538 2241 1637 2285 verb
1661 2256 1709 2285 ex
1736 2240 1822 2296 ipsis
1839 2243 2046 2288 Fratribus
2066 2244 2120 2288 de
2136 2244 2366 2288 Observan-

1322 2305 1380 2347 tia
1403 2301 1644 2356 nuncupatis
1672 2301 1885 2344 arctiorem
1912 2303 2123 2348 voluerint
2141 2305 2267 2348 vitam
2293 2304 2369 2346 du-

1320 2377 1418 2406 cere
1434 2390 1449 2412 2
1480 2359 1530 2403 ad
1558 2360 1650 2404 loca
1666 2387 1681 2410 2
1706 2360 1754 2403 ad
1782 2362 1888 2403 hunc
1914 2362 2099 2406 effectum
2130 2363 2334 2419 defignata
2353 2391 2367 2415 ,

1323 2421 1376 2465 de
1392 2419 1655 2462 Praelatorum
1670 2419 1827 2461 suarum
1841 2421 2008 2463 licentia
2026 2420 2066 2464 se
2086 2422 2276 2464 conferre
2292 2420 2370 2462 de-

1323 2481 1447 2520 beant
1461 2505 1475 2527 a
1487 2476 1638 2519 ibidem
1654 2475 1722 2518 sub
1738 2491 1879 2518 eorum
1897 2478 2144 2522 obedientia
2161 2508 2176 2530 ‚
2208 2478 2368 2526 servata

1323 2537 1453 2578 forma
1465 2531 1641 2581 Habitus
1657 2535 1696 2575 &
1712 2535 1912 2590 Capucii,
1936 2551 2058 2592 quem
2083 2547 2254 2580 eatenus
2277 2536 2368 2592 ges-

1323 2594 1479 2644 serint,
1508 2606 1559 2634 ne
1577 2606 1721 2634 novam
1737 2592 1999 2648 Religionem
2030 2595 2227 2639 inchoare
2256 2596 2369 2638 vide.

1325 2661 1470 2701 antur,
1496 2652 1534 2692 in
1564 2649 1635 2692 suae
1657 2650 1914 2696 Profeffionis
1943 2652 2070 2706 priori
2096 2651 2367 2699 Observantia

1327 2710 1507 2754 Domino
1523 2710 1725 2752 vacaturi.
1761 2709 1842 2752 Ubi
1862 2711 1961 2752 vero
1987 2711 2092 2754 dicta
2118 2713 2208 2755 loca
2223 2714 2272 2757 ad
2293 2715 2368 2756 hu-

1328 2768 1496 2829 jusmodi
1511 2768 1691 2812 effectum
1703 2767 1833 2811 adhuc
1850 2768 2059 2825 defignata
2074 2786 2152 2814 non
2180 2772 2337 2815 fuerint
2350 2801 2366 2827 ,

1328 2829 1514 2875 volumus
1530 2857 1543 2879 ‚
1565 2827 1677 2883 quod
1693 2827 1730 2870 in
1745 2841 1886 2870 eorum
1902 2830 2224 2873 Provincialibus
2240 2832 2365 2886 Capi-

1330 2888 1427 2931 tulis
1445 2886 1626 2943 proxime
1651 2886 1935 2939 celebrandis,
1958 2888 2070 2946 juxta
2094 2891 2364 2946 capacitatem

1325 2951 1363 2991 &
1380 2959 1589 2989 numerum
1616 2944 1813 2988 dictorum
1841 2949 2026 2991 Fratrum
2052 2948 2278 3005 hujusmodi
2305 2948 2366 2992 vi-

1324 3018 1405 3050 tam
1428 3005 1565 3048 sectari
1594 3004 1847 3057 volentium,
1882 3020 1953 3061 per
1977 3009 2208 3051 Generales
2239 3008 2364 3051 Mini-

1323 3066 1421 3108 stros
1437 3092 1451 3114 ‚
1479 3066 1516 3105 &
1531 3062 1826 3107 Commiffarios
1843 3063 1936 3107 dieti
1948 3067 2142 3119 Ordinis,
2168 3068 2229 3110 seu
2246 3066 2363 3122 super

1324 3123 1528 3168 Ministros
1552 3122 1829 3166 Provinciales
1860 3123 2080 3181 respective
2106 3127 2144 3168 in
2169 3124 2243 3168 suis
2261 3129 2364 3168 Pro-

1324 3183 1465 3226 vinciis
1481 3180 1591 3235 juxt->t
1616 3181 1790 3236 ipsorum
1820 3185 2038 3227 Generalis
2068 3184 2250 3239 Capituli
2266 3197 2360 3238 pro-,

1321 3241 1425 3285 xime
1439 3240 1639 3283 celebrati
1651 3240 2038 3286 determinationem
2052 3272 2066 3294 ,
2077 3242 2241 3286 omnino
2256 3242 2362 3285 defi-

1320 3302 1430 3359 gnari
1448 3329 1461 3351 ‚
1490 3300 1528 3341 &
1545 3313 1635 3341 cum
1651 3299 1794 3344 effectu
1808 3301 1993 3353 deputari
2010 3302 2190 3345 debeant
2205 3331 2216 3341 .

1377 3359 1503 3418 Qod
1520 3357 1545 3400 fi
1562 3357 1674 3416 secus
1692 3358 1838 3402 factum
1856 3359 1980 3403 fuerit
1996 3390 2008 3412 ,
2022 3365 2106 3404 Nos
2120 3372 2214 3402 tunc
2231 3387 2244 3410 ‚
2259 3362 2360 3402 Fra-

1318 3427 1401 3463 tres
1417 3417 1641 3475 hujusmodi
1655 3417 1723 3459 sub
1734 3419 1911 3461 arctioris
1927 3419 2166 3475 paenitentiae
2180 3418 2272 3476 jugo
2283 3418 2359 3461 Al-

1318 3477 1461 3521 tiflimo
1484 3476 1668 3519 famulari
1695 3477 1909 3532 cupientes
1928 3507 1942 3529 ‚
1969 3478 2006 3518 in
2038 3491 2180 3520 eorum
2209 3474 2356 3519 salubri

1315 3538 1523 3592 proposito
1545 3545 1714 3589 paterno
1737 3535 1874 3579 affeetu
1895 3535 2116 3579 confovere
2141 3535 2351 3584 volentes,

1315 3596 1375 3639 eis.
1393 3594 1506 3650 super
1521 3594 1582 3635 his
1600 3623 1615 3645 ,
1639 3594 1832 3650 quantum
1855 3608 1946 3636 cum
1974 3597 2065 3638 Deo
2098 3595 2322 3651 poterimus
2338 3623 2352 3645 ,

1313 3652 1540 3709 opportune
1554 3652 1773 3708 providere
1787 3653 2012 3695 curabimus
2024 3683 2035 3694 .
2069 3657 2235 3697 Fratres
2251 3655 2350 3695 verb

1311 3711 1513 3767 Capucini
1536 3711 1754 3766 nuncupati
1778 3740 1791 3762 ‚
1820 3711 1933 3754 nullo
1955 3711 2076 3756 modo
2097 3713 2227 3755 dictos
2255 3715 2352 3754 Fra-

1309 3779 1392 3814 tres
1416 3771 1471 3819 de
1502 3768 1767 3820 Observantia
1793 3781 2044 3830 nuncupatos
2076 3772 2221 3829 absque
2259 3773 2351 3813 suo-

2203 3844 2291 3879 Sum

251 1563 439 1630 Scriptis
456 1561 607 1612 habita
626 1597 642 1620 ,
672 1561 890 1629 recipiant
915 1594 933 1618 ,
967 1557 1149 1608 ordinat
1167 1592 1179 1610 ,

358 1691 689 1746 PAULUS
743 1691 964 1740 PAPA
1022 1689 1121 1738 ΙΙΙ,

409 1801 479 1843 Ad
505 1797 701 1859 futuram
730 1805 792 1844 rei
821 1805 1072 1847 memoriam.

354 1891 530 1945 Egimini
547 1891 798 1936 Universalis
817 1890 1005 1934 Ecclefiae
1019 1919 1032 1942 ,
1046 1889 1260 1945 disponen-

369 1959 412 1993 te
442 1951 620 1993 Donn'no
646 1950 929 2005 praefidentes‚
957 1950 1066 1992 inter
1095 1959 1264 1998 caetera³

220 2021 305 2062 quae
326 2006 531 2050 commisso
549 2011 683 2053 Nobis
712 2009 948 2065 Apostolicae
964 2008 1183 2054 S-ervitutis
1201 2009 1280 2057 i,n-'

220 2066 415 2110 cumbunt
431 2066 567 2112 officio
581 2095 594 2118 ‚
616 2069 694 2111 hoc
727 2069 971 2124 praecipuum
993 2067 1262 2119 arbitramur,

221 2135 267 2170 nt
285 2139 431 2180 opem,
461 2128 502 2168 ὃς
518 2140 683 2182 operam
699 2154 713 2178 ,
740 2137 932 2183 quantum
965 2127 1079 2169 nobis
1103 2140 1152 2169 ex
1177 2128 1263 2170 alto

218 2181 492 2235 conceditur,
518 2185 711 2228 exhibere
724 2199 937 2236 curemus,
964 2185 1073 2242 quod
1101 2187 1166 2237 hi,
1192 2184 1262 2242 qui

220 2242 414 2286 abdicato
427 2243 581 2286 Saeculo
599 2272 613 2294 ‚
640 2247 766 2287 Sacrae
781 2245 1015 2300 Religioni,
1040 2259 1088 2286 ac
1115 2246 1185 2301 piae
1202 2245 1261 2287 vi-

221 2311 272 2344 tae
295 2300 424 2344 studio
450 2301 490 2344 se
512 2301 716 2346 dederunt
737 2333 752 2356 ‚
794 2302 953 2347 semotis
985 2305 1261 2358 perturbatio-r

219 2374 314 2402 num
333 2360 519 2404 molestiis
534 2361 910 2412 ‚&disc0rdiarum
927 2361 1169 2419 dispendiis,
1191 2377 1263 2406 vo-

221 2418 313 2461 tiva:
339 2418 447 2472 pacis
473 2447 488 2470 ‚
513 2420 551 2460 ὃς
578 2420 726 2475 quietis
760 2424 983 2464 amaenitate
1009 2421 1162 2479 jugiter
1188 2423 1261 2466 in.»

223 2477 400 2538 Domino
413 2477 672 2531 gratulentur
686 2507 696 2518 .
727 2482 834 2522 Cum
851 2481 985 2536 itaque
1005 2510 1018 2532 ,
1033 2480 1130 2522 ficut
1146 2495 1263 2524 acce-

221 2546 354 2587 pimus
371 2561 385 2583 ‚
411 2534 518 2575 inter
548 2535 728 2578 Dilefios
757 2538 879 2579 Filios
906 2542 1075 2581 Fratres
1094 2538 1262 2580 Ordinis

221 2589 427 2632 Minorum
444 2590 498 2632 de
511 2591 779 2636 observantia
794 2607 1042 2652 nuncupatos
1059 2624 1072 2647 ,
1101 2599 1140 2637 &
1166 2598 1263 2639 Fra-

224 2659 310 2694 tres
325 2647 505 2702 ejusdem
521 2650 687 2693 Ordinis
713 2655 1057 2709 Congregationis
1083 2654 1264 2710 Capuci-

220 2719 366 2752 norum
398 2718 628 2764 nuncupat.
660 2723 804 2765 graves
827 2714 1111 2757 contentiones
1127 2743 1139 2765 ‚
1160 2716 1198 2756 &
1213 2714 1267 2757 li-

224 2775 315 2816 tes,
341 2765 483 2821 quibus
510 2780 649 2809 eorum
676 2770 793 2812 flatus
827 2770 1047 2825 plurimum
1073 2771 1264 2815 deturba·

220 2834 316 2890 tur,
347 2833 496 2867 exortae
521 2828 594 2868 sint
611 2854 626 2871 ,
651 2841 734 2883 quae
761 2856 775 2879 ‚
804 2827 830 2870 fi
858 2828 1010 2874 diutius
1037 2831 1230 2875 durarent
1253 2861 1268 2883 ‚

221 2897 261 2924 m
284 2895 425 2924 eorum
458 2884 683 2939 perniciem
707 2915 722 2936 2
758 2901 804 2929 ac
835 2890 1101 2943 perniciosum
1130 2905 1268 2933 exem-

218 2939 348 2996 plum,
361 2942 398 2986 Sc
413 2941 598 2985 scandala
615 2943 879 2998 plurimorum
900 2962 1075 3005 vergere
1092 2949 1265 3005 possent·

279 3002 366 3041 Nos
393 3028 407 3051 ,
446 3002 515 3056 qui
541 3002 740 3045 Ordinem
769 3004 893 3062 ipsum
923 3018 1093 3064 propter
1116 3009 1262 3052 uberes

219 3056 368 3100 fruetus
384 3086 397 3109 ‚
424 3072 522 3115 quos
541 3061 579 3105 in
602 3075 699 3117 agro
716 3064 934 3110 Dominico
951 3069 1139 3110 haetenus
1156 3077 1263 3111 attu-

216 3115 267 3159 lit
282 3143 297 3167 ‚
317 3118 510 3164 &indies
528 3120 674 3163 afferre
688 3134 767 3165 non
782 3121 903 3166 cessat
917 3152 932 3174 ,
959 3126 1069 3169 inter
1094 3136 1260 3169 caeteros

217 3173 395 3241 Ordines
411 3205 424 3227 ‚
456 3192 559 3233 quos
574 3179 738 3222 caelestis
756 3182 950 3238 Agricola
968 3184 1120 3228 summa
1148 3186 1262 3229 beni-

213 3242 373 3301 gnitate
398 3235 604 3291 plantavit
636 3265 651 3289 ,
686 3248 855 3293 paterna
886 3244 1091 3287 charitate
1128 3247 1262 3298 prose-

215 3305 401 3346 quimur,
428 3296 647 3351 cupientes
678 3297 907 3354 hujusmodi
937 3303 1226 3346 contentiones
1244 3331 1259 3353 ‚

216 3349 361 3394 &lites
389 3353 525 3396 nostra:
551 3354 782 3411 provisionis
808 3357 992 3412 auspiciis
1013 3361 1258 3411 terminari,

220 3409 371 3452 matur&
389 3436 402 3461 2
429 3425 475 3454 ac
490 3413 643 3470 digesta
660 3414 775 3470 super
792 3416 852 3458 his
869 3431 960 3459 cum
978 3418 1188 3462 nonnullis
1208 3433 1257 3462 ex

219 3465 527 3532 Venerabilibus
553 3474 765 3516 Fratribus
794 3474 949 3519 Nostris
966 3480 1005 3519 S.
1024 3479 1075 3520 R.
1096 3480 1143 3520 E.
1158 3481 1258 3521 Car-

217 3523 421 3568 dmahbus
445 3555 460 3577 a
497 3532 638 3586 quibus
675 3533 830 3575 causam
857 3534 1081 3589 hujusmodi
1106 3538 1259 3580 exami-

218 3582 388 3651 nandam
413 3589 675 3634 commisimus
695 3620 708 3641 ,
740 3592 1039 3636 deliberatione
1063 3595 1254 3651 praehabi-

218 3648 288 3691 ta,
307 3644 433 3708 ‚Motu
460 3649 647 3701 proprio,
673 3651 710 3692 &
730 3665 778 3693 ex
804 3663 919 3694 certa
947 3652 1141 3703 scientia,
1169 3656 1255 3695 Au-

216 3701 404 3743 tstoritate
419 3703 649 3757 Apostolica
665 3736 678 3759 a
700 3719 845 3752 tenore
859 3713 1102 3766 praesentium
1120 3712 1255 3755 statui-

220 3772 328 3814 mm,
351 3761 388 3805 δε
402 3761 660 3817 ordinamus,
688 3767 793 3830 quod
812 3770 864 3820 cle
882 3781 1032 3820 ,caetero
1049 3771 1143 3815 dieti
1160 3773 1250 3824 Fra-
