2658 4244
282 364 543 422 suspensionis
560 367 626 417 ,ἴδε
644 360 849 414 ι’ωίετᾶἰᾶὶ
867 399 884 420 ,
896 368 1063 424 aliisqfle
1081 372 1324 416 Eccleiiasti·

279 425 567 475 giesssententiis
584 453 598 477 ,
622 425 800 474 censuris
816 457 831 480 ,
854 431 893 471 sc
914 432 1048 485 poenis
1070 433 1092 476 ἢ
1115 427 1230 484 jure,
1258 433 1322 476 vel

286 490 338 534 ab
358 486 538 535 homine,
549 487 690 540 quavis
701 487 911 532 occasione
924 516 940 540 s
955 489 1019 531 vel
1038 490 1148 534 caula
1165 490 1255 532 latis
1269 518 1284 540 2
1298 491 1324 535 fi

287 546 433 605 quibus
447 544 752 600 quomodolibet
767 547 948 592 innodati
963 549 1154 600 existunt,
1167 549 1216 592 ad
1233 548 1327 593 effe-

287 610 395 650 c'tum
407 602 660 661 pre-sentium
672 603 868 651 duntaxat
884 608 1208 663 consequendum
1225 637 1239 660 ,
1255 611 1326 650 ha-

285 680 377 710 rum
403 663 505 708 serie
531 661 806 715 absolventes,
828 667 868 707 &
891 665 1097 709 absolutos
1109 665 1202 710 >fore:
1226 681 1327 709 cen-

281 723 452 774 sentes..
481 718 837 778 supplicationibus
849 725 1020 766 illorum
1033 725 1199 768 nomine
1212 753 1226 776 ,
1242 729 1327 768 No-

282 781 484 838 bissuper
500 782 575 824 hoc
588 781 801 824 humiliter
816 783 1009 837 poi-restis
1024 783 1225 833 inclinati,
1246 786 1327 825 De·

284 852 448 885 cretum
466 837 759 894 preciosarum,
771 841 1000 894 Apostolica
1016 841 1324 885 Auimusne-³

287 912 433 944 tenore
460 897 710 953 praesentium
735 900 1026 954 approbainuS‚
1049 902 1088 941 δι
1111 897 1326 942 confirma·-

287 973 375 1003 mus
390 986 404 1009 ,
427 957 568 1012 illique
590 956 829 1002 inviolabilis
855 958 1092 1012 Apostolicae
1122 956 1323 999 firmitatis

287 1018 412 1061 robur
428 1015 631 1058 adiicimus
647 1043 661 1066 ,
678 1029 721 1057 ac
740 1029 876 1057 omnes
894 1043 908 1065 ‚
930 1016 1150 1071 &fingulos
1167 1026 1246 1056 tam
1264 1014 1324 1068 ju-

287 1077 340 1119 ris
359 1104 371 1126 2
387 1074 505 1129 quein]
524 1073 611 1113 faeti
627 1072 825 1123 defectus,
843 1075 865 1114 si
881 1075 950 1128 qui
966 1073 1138 1128 desuper
1153 1086 1324 1127 quomo-

286 1133 444 1175 dolibet
462 1131 754 1172 intervenerint
769 1159 782 1180 ‚
807 1130 1038 1185 supplemus
1057 1160 1066 1171 .
1096 1132 1322 1172 Decernen.

287 1203 349 1233 tes
377 1189 478 1231 illud
503 1216 515 1239 ,
552 1201 707 1229 necnon
736 1187 955 1242 praesentes,
977 1189 1120 1231 literas
1146 1188 1295 1230 validas
1315 1213 1328 1240 2

287 1248 437 1298 firmas,
451 1247 489 1289 ,δι
504 1245 686 1293 efficaces
706 1246 937 1297 existere‚&
954 1244 1062 1298 sore,
1074 1259 1120 1287 ac
1137 1245 1185 1287 ab
1198 1247 1327 1288 omni·

287 1309 362 1350 bus
382 1335 395 1358 ,
410 1306 457 1348 ad
478 1319 576 1361 quos
592 1306 735 1359 spestat
751 1332 766 1354 ,
791 1306 1081 1348 inviolabiliter
1094 1302 1298 1347 observari
1312 1331 1326 1355 ,

285 1366 422 1422 sicque
442 1358 517 1420 ,per
546 1362 809 1420 quoscunque
819 1364 987 1421 Judices
1009 1363 1262 1414 ordinarios,
1288 1365 1328 1404 &

287 1424 501 1479 delegatos
518 1451 531 1473 .,
558 1424 680 1463 etiam
697 1420 919 1464 Causarum
936 1422 1080 1464 Palatii
1107 1421 1326 1477 Apostolici

289 1484 512 1527 Auditores
532 1480 727 1537 judicari,
742 1482 778 1521 &
796 1481 954 1522 diffiniri
971 1482 1124 1523 debere
1143 1507 1157 1530 ‚
1170 1495 1216 1523 ac
1234 1481 1324 1522 irri-

289 1540 436 1592 tum,&
454 1538 611 1590 inane‚si
628 1538 734 1582 secus
752 1539 866 1594 super
882 1539 938 1581 his
958 1538 977 1579 ὲ
995 1553 1212 1594 quoquam,
1228 1553 1324 1595 qua-

288 1601 348 1644 vis
366 1600 605 1642 austoritate
619 1626 632 1648 ‚
649 1596 821 1639 scienter
837 1626 849 1648 ,
865 1598 926 1640 vel
946 1598 1176 1650 ignoranter
1193 1598 1324 1639 conti·

289 1660 392 1715 gerit
409 1657 601 1700 attentari
618 1684 628 1694 .
662 1659 754 1696 Non
770 1655 1013 1697 obstantibus
1030 1655 1328 1697 constitutioni-

208 1726 220 1736 “
289 1718 359 1760 bus
377 1745 389 1767 ,
407 1717 446 1755 &
459 1712 779 1754 ordinationibus
797 1712 1059 1766 Apostolicis‚
1074 1726 1120 1754 ac
1139 1712 1230 1754 dieti
1247 1714 1340 1766 Or<

286 1776 389 1819 dinis
400 1802 415 1825 ,
428 1771 552 1815 etiam
567 1769 793 1826 juramento
809 1799 821 1821 ,
845 1769 1147 1817 confirmatione
1163 1770 1330 1826 Aposto-

286 1835 364 1881 lica
380 1862 394 1885 ,
422 1831 486 1872 vel
507 1830 648 1886 quavis
664 1827 855 1872 firmitate
882 1830 957 1871 alia
972 1830 1173 1881 roboratis
1192 1834 1328 1872 Statu-

286 1895 341 1942 tis
360 1920 374 1943 ‚
400 1892 437 1932 &
455 1887 810 1932 consuetudinibus
825 1917 840 1940 ,
861 1887 1092 1944 caeteristlue
1114 1890 1328 1932 contrariis

288 1948 591 2008 quibuscunque
612 1975 623 1988 .
641 1947 836 1990 Volumus
853 1959 1004 1999 autem,
1021 1958 1062 1987 ut
1079 1947 1328 2003 praesentium

295 2005 689 2061 transumptis0etiam
705 2004 914 2063 buprestis,
926 2021 1047 2050 manu
1062 2005 1230 2061 alicujus
1245 2011 1329 2049 Νο-

291 2069 384 2111 tarii
411 2065 562 2123 publici
587 2062 813 2118 subscriptis
829 2094 844 2116 ,
870 2066 910 2106 &
931 2064 1060 2121 sigillo
1076 2066 1274 2119 personae,
1292 2081 1328 2109 in

290 2127 493 2182 dignitate
524 2123 795 2166 Ecclefiastica
821 2124 1041 2166 constitutae
1072 2125 1235 2166 munitis
1260 2139 1321 2167 ea-

289 2185 386 2231 dem
402 2184 562 2240 prorsus
582 2181 681 2225 fides
706 2185 742 2224 in
761 2181 911 2236 judicio
926 2211 939 2235 ,
954 2185 993 2226 δι
1005 2192 1120 2228 extra
1136 2183 1329 2226 adhibea-

292 2255 386 2295 tur,
413 2256 497 2299 quae
525 2242 609 2295 ipsis
636 2240 889 2297 praesentibus
917 2242 1208 2294 adhiberetur,
1235 2241 1257 2284 fi
1275 2239 1331 2284 fo.

291 2315 384 2348 rent
401 2301 587 2343 exhibita:
602 2329 617 2350 ‚
637 2301 701 2342 vel
722 2299 881 2342 ostensae
895 2329 906 2340 .

351 2365 498 2404 Datum
530 2362 668 2401 Romae
696 2358 798 2414 apud
819 2361 997 2400 sanctam
1023 2359 1191 2403 Mariam
1209 2358 1338 2417 Majo-

291 2433 381 2463 rem
418 2419 486 2459 sub
512 2418 676 2460 Annulo
709 2414 918 2459 Piscatoris
947 2444 961 2466 2
999 2417 1068 2460 die
1101 2432 1151 2460 vi
1167 2431 1201 2458 r.
1238 2420 1337 2462 Maii

294 2492 507 2523 Mncxxxi.
539 2473 808 2519 Pontificatus
829 2475 967 2519 Nostri
986 2477 1107 2521 Anno
1119 2479 1279 2519 octavo
1293 2506 1306 2518 .

802 2594 866 2637 M.
901 2597 950 2638 A.
983 2595 1190 2638 Maraldus
1202 2624 1215 2637 .

362 2711 634 2768 Authograph.
648 2714 690 2752 in
705 2711 826 2755 Arch.
841 2715 1102 2755 Secrct.Brev.
1114 2710 1238 2771 Apost.
1247 2715 1339 2771 Reg-

415 2772 535 2830 mensl
556 2773 690 2822 Maii,
725 2773 833 2815 Anni
866 2769 1075 2830 1631.fol.
1101 2773 1172 2824 76,
1196 2773 1242 2813 dc
1264 2786 1340 2828 quo
1404 2767 1407 2769 ’

1012 2949 1284 3019 ΝΟ

936 244 1126 342 Sub
1161 253 1476 347 ‘Urbano
1509 335 1513 348 ,
1544 254 1755 344 VIII.

1497 375 1615 416 Breve
1621 370 1794 430 format·
1814 373 1857 414 In
1872 369 2090 427 Anii-gm-
2114 371 2208 435 Οζᾶ.
2236 375 2342 419 Tom-
2361 377 2418 420 H.

1498 446 1602 476 num.
1615 445 1685 485 41.

1557 525 2250 616 NOTA.

1491 683 1551 722 Ide
1574 684 1636 720 fol.
1651 683 1707 730 56.
1736 684 1866 720 Noram
1879 707 1893 727 ,
1915 682 1949 719 &
1963 694 2009 720 ex
2035 696 2076 720 ea
2103 684 2213 720 Breve
2239 683 2423 733 suprapon-

1502 744 1571 769 tum
1588 732 1773 780 respeetave
1787 733 1999 770 annullatum
2011 732 2075 770 ess‘e
2085 757 2101 777 ‚
2125 733 2270 769 adverte
2286 757 2298 768 .

1598 960 2220 1003 DECRETO

1525 1074 1659 1122 Sacrae
1691 1074 2028 1145 Congregationis
2059 1077 2240 1127 Concilii
2253 1114 2268 1127 .

1387 1204 1445 1251 In
1490 1201 1700 1252 Ecclefiis
1731 1201 1955 1266 Ordinis,
1990 1204 2212 1256 cadavera
2239 1204 2417 1257 saecula·

1459 1275 1582 1322 rium
1596 1271 1767 1342 sepeliri
1782 1270 1902 1342 posse
1917 1307 1934 1331 ,
1964 1275 2216 1329 declaratur
2229 1310 2242 1323 .

1389 1411 1706 1481 Eminentiffi'mi
1722 1451 1738 1474 ,
1765 1433 1812 1464 ac
1839 1412 2197 1482 Reverendzffimi
2211 1414 2386 1468 Domini
2402 1452 2416 1478 ,

1491 1533 1569 1574 Ro
1591 1543 1705 1587 parte
1723 1531 1951 1588 Religionis
1973 1535 2164 1577 Fratrum
2187 1535 2423 1590 Capucino-

1458 1599 1460 1601 ’
1504 1605 1592 1632 rum
1608 1592 1831 1634 humillime
1853 1595 1980 1633 Sacrae
1996 1595 2315 1649 congregationi
2334 1591 2426 1649 sup·

1388 1649 1564 1703 plicatur
1579 1679 1594 1698 ‚
1617 1662 1814 1704 quatenus
1833 1647 2048 1694 declarare
2063 1651 2255 1706 dignetur
2270 1681 2285 1702 ,
2312 1651 2424 1707 quod

1389 1707 1596 1747 Fratribus
1611 1709 1749 1758 distis,
1762 1719 1836 1747 ceu
1856 1707 1960 1747 veris
1976 1709 2179 1752 Fratribus
2198 1709 2428 1752 Minoribus

1392 1766 1431 1806 S.
1450 1764 1646 1806 francisci
1660 1792 1673 1813 ,
1687 1765 1745 1819 jus
1761 1775 1982 1817 competat,
1999 1765 2109 1819 juxta
2126 1762 2284 1810 suorum
2300 1771 2430 1823 Supe—

1389 1823 1543 1864 riorum
1557 1822 1856 1878 beneplacitum
1873 1820 2095 1878 sepeliendi
2127 1824 2164 1867 in
2188 1838 2331 1866 eorum
2347 1828 2429 1870 Ec.-

1388 1881 1517 1924 clefiis
1534 1880 1724 1926 Personas
1738 1880 1958 1928 Saeculares
1975 1911 1990 1936 ,
2019 1897 2104 1940 quae
2115 1881 2365 1940 sepulturam
2386 1884 2429 1932 in

1387 1940 1434 1982 iis
1451 1940 1665 1995 elegerunt
1679 1969 1691 1982 .

1449 2059 1532 2099 Die
1558 2071 1598 2098 x.
1629 2061 1735 2101 Maii
1762 2074 1810 2102 M.
1828 2072 1899 2101 nc.
1915 2072 2028 2100 xxxi.
2057 2061 2180 2102 Sacra
2207 2052 2431 2114 Congrega'-

1389 2119 1446 2159 tio
1475 2117 1714 2174 Eminentist.
1739 2121 1896 2160 Patrum
1925 2118 2089 2161 Concilii
2119 2119 2341 2161 Tridentini
2369 2121 2435 2158 in-

1390 2185 1610 2230 terpretum
1651 2178 1801 2233 censuit
1829 2180 2014 2219 Oratores
2039 2176 2085 2219 dc
2115 2177 2214 2236 jure
2239 2179 2430 2221 communi

1386 2234 1492 2292 ΡΨ·
1505 2263 1516 2275 ·

1601 2295 1665 2346 R.
1684 2294 1812 2346 Card.
1830 2293 2071 2349 Ubaldinus
2083 2331 2098 2345 .

1398 2425 1526 2467 Locus
1541 2422 1596 2479 »Β
1611 2422 1743 2479 Sigilli
1756 2452 1768 2464 .

1733 2543 1878 2585 Franc.
1895 2540 2097 2583 Paulatim
2111 2542 2151 2581 S.
2168 2542 2310 2596 Congr.
2325 2542 2371 2584 C.

1970 2601 2210 2642 secretarius
2223 2627 2236 2639 .

1456 2716 1627 2772 Exempl.
1668 2715 1791 2760 Aath.
1832 2718 1876 2759 in
1916 2715 2088 2760 Archivo
2120 2715 2304 2774 generali
2337 2712 2432 2769 0νῷ

1519 2778 1621 2817 Ίοηι.
1635 2777 1681 2819 L.
1697 2788 1803 2818 num.
1822 2775 1914 2824 158.
2370 2818 2372 2820 ,

1415 2953 1711 3019 TA.

309 3113 311 3115 .
391 3085 480 3122 Ario
495 3085 635 3133 quidem
655 3084 788 3123 Sanan:
805 3084 903 3125 Sedis
919 3087 1075 3124 oraculo
1093 3087 1279 3123 Decretum
1289 3086 1356 3121 hoc
1368 3086 1432 3123 fuit
1443 3089 1672 3136 approbatum
1685 3111 1697 3131 ‚
1712 3087 1750 3124 in
1762 3086 1860 3125 eausa
1876 3095 2003 3131 tamen,
2015 3086 2103 3126 inter
2113 3087 2159 3125 R.
2179 3089 2226 3124 D.
2252 3085 2442 3124 Parocbum

413 3135 451 3172 S.
467 3135 626 3173 Susannae
638 3158 653 3179 5
665 3135 697 3170 8<
716 3134 863 3170 nostrum
875 3134 1144 3171 Conventumin
1158 3137 1218 3172 hac
1234 3137 1332 3171 Alma
1346 3137 1442 3173 Urbe
1454 3137 1603 3182 agitata,
1617 3136 1741 3173 foi-xiiis
1755 3135 1996 3173 confirmatum
2009 3148 2065 3184 per
2081 3135 2289 3175 Sententiam
2302 3135 2339 3171 S.
2354 3135 2431 3170 Ro-

297 3194 339 3219 rae
351 3184 515 3222 Romanae
532 3207 546 3227 ‚
571 3196 670 3232 quam
683 3182 849 3226 integram
864 3181 918 3218 hic
931 3195 1069 3230 appono
1081 3208 1094 3227 ‚
1119 3194 1184 3220 tam
1198 3184 1292 3232 quod
1302 3196 1341 3221 ea
1353 3208 1366 3230 ‚
1379 3185 1530 3236 quaejuri
1542 3185 1659 3223 nostro
1671 3185 1805 3223 obstare
1818 3182 1895 3222 aliis
1908 3184 2111 3223 videbantur
2121 3208 2136 3232 ‚
2155 3186 2258 3231 mam
2268 3207 2282 3229 ,
2310 3194 2386 3230 quae
2400 3180 2438 3218 id

295 3230 468 3272 manifeste
493 3232 668 3277 solidant,
692 3230 858 3268 succincte
884 3231 1150 3279 compleEtatur.

684 3312 899 3392 R.P.o.'
946 3341 1363 3396 RovAULT
1416 3345 1517 3394 DE
1569 3346 2049 3398 GAMACHes

1025 3430 1241 3495 ‘Rpmana
1271 3432 1406 3500 ‘Juris
1451 3433 1681 3501 sepeliendi
1699 3471 1714 3485 .

1107 3549 1276 3593 Veneris
1309 3567 1344 3595 2.
1377 3551 1474 3594 Maii
1512 3565 1629 3608 1732.

306 3632 321 3647 ’Ἰ
381 3651 467 3689 vM
476 3653 568 3690 circa
575 3655 682 3704 finem
700 3656 804 3695 Anni
822 3657 920 3706 1728.
946 3654 1074 3707 obiuffet
1089 3655 1199 3705 Eques
1216 3656 1380 3696 Camillus
1394 3639 1572 3703 Rusbonus
1588 3655 1726 3697 celebris
1738 3655 1898 3706 Sculptor
1910 3679 1924 3700 ‚
1942 3639 2307 3706 eleffieifibisepulturae
2318 3655 2358 3692 in
2376 3643 2441 3694 Ve-

410 3701 557 3738 nerabili
573 3705 667 3742 Eccle
678 3720 709 3744 ια
722 3707 933 3756 Sanfflffimae
949 3707 1060 3744 Conce
1082 3706 1188 3743 tionis
1205 3705 1278 3744 PF.
1291 3702 1542 3756 Capacinbrum
1556 3707 1662 3743 vrbis
1673 3730 1686 3752 ,
1696 3707 1850 3744 tentavit
1865 3705 2039 3744 parochus
2054 3703 2276 3744 Venerabilis
2294 3703 2439 3753 Ecclesia

298 3746 429 3787 Sanfiiae
445 3750 608 3798 Susanna:
621 3707 768 3802 assitam
784 3753 1016 3792 parochialem
1060 3753 1203 3804 cclefiam
1215 3753 1344 3803 deferri
1360 3756 1518 3792 Cadaver
1531 3779 1545 3799 ‚

1573 3751 1644 3791 unzi
1664 3765 1739 3792 cum
1761 3755 1913 3791 omnibus
1929 3754 2158 3792 emolumentis
2179 3752 2411 3791 Funeralibm
2423 3775 2439 3794 ‚

291 3797 353 3842 fed
363 3793 545 3854 ‘'neaffum3
574 3811 650 3835 nam
670 3801 736 3850 post
742 3802 866 3849 faFIam
880 3802 901 3839 ὰ
914 3803 955 3842 Ρ.
973 3803 1177 3841 Guardiano
1191 3826 1206 3847 ‚
1231 3805 1270 3838 in
1283 3806 1354 3840 vim
1365 3802 1595 3854 provisionalis
1609 3803 1752 3840 Decreti
1762 3826 1775 3846 ,
1804 3803 1891 3840 editi
1905 3805 1925 3838 ά
1939 3803 1986 3840 R.
1997 3803 2050 3839 Ψ.
2067 3804 2126 3840 D.
2142 3799 2180 3839 V
2176 3803 2382 3850 icesgerente
2396 3796 2438 3835 de

301 3842 461 3881 habendas
476 3846 634 3894 informa
647 3849 779 3898 depositi
791 3851 974 3896 Cadaverek
983 3876 997 3898 ,
1013 3853 1055 3894 ἐπ’
1066 3852 1245 3889 medietate
1259 3852 1555 3890 emolumentorum
1558 3851 1627 3900 fieb
1639 3849 1702 3889 lite
1718 3851 1926 3897 cadentium,
1939 3852 2042 3889 iidem
2058 3851 2133 3891 PP.
2147 3849 2318 3899 capucini
2339 3849 2432 3885 Cau·

2237 3900 2272 3933 sei
2282 3895 2381 3945 plene?
