2658 4244
895 214 1078 306 <Sub
1140 214 1563 302 Innocentio
1624 215 1759 303 IX.

341 339 418 381 IV.
478 335 563 395 Qii
591 335 831 383 Coronam}
871 343 937 375 aut
969 331 1131 375 tertiam
1165 330 1321 373 Rosarii

282 409 440 454 partem
465 424 480 447 ,
510 397 565 437 uti
589 396 700 450 supra
719 422 734 446 ‚
758 392 954 434 contritus
971 418 985 441 ,
1012 388 1238 432 &devotus
1257 404 1322 432 re-

282 455 474 499 citaverit
496 483 510 506 ,
534 455 656 496 toties
674 483 687 506 ,
716 450 872 508 quoties
898 448 1006 490 illam
1038 448 1276 490 recitaverit
1303 477 1317 499 ,

282 514 484 558 obtinebit
500 511 773 565 Indulgentias
787 516 947 550 centum
964 520 1160 549 annorum
1174 538 1188 560 ,
1203 509 1316 549 &tot

284 583 547 630 quarantenas
559 590 575 622 5
591 568 654 610 seu
669 570 940 625 quadragenas
956 566 1288 620 poenitentiarum
1301 595 1315 617 ,

282 634 354 676 fibi
388 632 656 685 impositarum
683 653 698 677 ,
745 626 811 668 vel
839 639 912 682 pro
942 638 1177 681 quacunque
1203 623 1315 668 causa

282 690 509 734 debitarum
524 714 536 726 .

338 750 391 790 V.
450 745 532 804 Qi
546 755 664 785 unam
682 757 730 785 ex
749 744 981 785 memoratis
998 743 1171 786 Coronis
1188 742 1320 784 secum

281 807 431 849 habens
446 829 461 851 ,
491 817 531 856 3.
562 804 678 843 Pater
704 800 853 857 noster,
877 802 917 842 «Sc
945 816 985 857 3.
1009 806 1090 845 Ave
1103 805 1240 845 Maria
1260 817 1323 848 re-

281 861 496 910 citaverit,
520 860 718 915 supplebit
732 857 912 902 defectus
927 890 941 912 ,
958 861 996 903 in
1016 862 1291 904 celebratione
1307 890 1321 914 ,

279 921 348 965 vel
373 918 579 962 auditione
610 922 650 962 S.
674 915 794 961 Miffae
818 947 833 970 ,
863 921 930 962 vel
958 922 996 962 in
1028 921 1321 966 recitatione-.-

279 980 520 1022 Divinorum
549 977 786 1020 Officiorum
816 977 1038 1020 commissos
1066 1007 1079 1030 ,
1103 981 1320 1024 dummodo

279 1038 384 1081 tales
404 1031 583 1081 defectus
610 1051 688 1079 non
717 1035 868 1078 fuerint
891 1038 940 1080 ab
966 1050 1016 1079 eo
1038 1037 1224 1082 commiffi
1241 1039 1319 1082 stu-

275 1096 419 1140 diosc.

337 1156 412 1198 V1.
473 1156 526 1197 Et
545 1153 632 1197 casu
650 1182 664 1205 ,
687 1153 793 1210 quod
811 1167 930 1198 unum
947 1168 995 1197 ex
1011 1154 1124 1199 dietis
1141 1155 1286 1199 Granis
1300 1185 1315 1208 ,

278 1213 478 1257 Crucibus
493 1241 507 1263 ,
537 1212 848 1255 Numismatibus
873 1213 1143 1271 perderetur,
1165 1217 1204 1255 &
1221 1216 1316 1256 Fra-

278 1283 341 1313 ter
357 1271 465 1313 aliud
484 1272 735 1314 benedictum
753 1272 899 1316 habere
915 1273 1100 1326 nequiret
1120 1301 1134 1322 ,
1161 1276 1314 1327 poterit

276 1346 353 1385 pro
379 1344 453 1372 una
485 1331 574 1372 vice.
601 1329 680 1371 sola
697 1358 711 1379 ,
741 1330 849 1370 aliud
864 1345 941 1372 non
972 1330 1311 1373 benedicturum

275 1389 412 1431 locum
429 1388 576 1442 perditi
592 1386 852 1439 substituere,
865 1390 971 1444 quod
988 1387 1146 1431 easdem
1166 1389 1314 1432 habeat

277 1445 560 1500 Indulgentias
575 1474 586 1485 .

335 1505 430 1547 Vll.
491 1506 563 1545 Hae
580 1503 861 1558 Indulgentiae,
878 1506 1061 1558 &gratiae
1080 1506 1155 1546 FF.
1176 1507 1310 1560 Capu-

277 1562 377 1606 cinis
394 1559 518 1602 solum
535 1559 721 1603 conceffae
736 1559 821 1604 sunt
838 1592 854 1615 ,
887 1564 925 1605 in
941 1579 1176 1621 quacunque
1197 1578 1312 1606 mun-

277 1619 319 1663 di
334 1630 451 1677 parte
467 1630 676 1662 morantur
695 1649 707 1660 .

733 1740 796 1781 M.
820 1737 981 1796 vestrim
1007 1737 1229 1782 Barbianus
1241 1768 1254 1782 .

278 1908 607 1966 Autbograpbum
619 1911 733 1969 bajus
750 1916 966 1956 Summarii
977 1942 990 1964 ,
1004 1918 1047 1955 in
1062 1916 1202 1956 Secret.
1218 1920 1313 1956 Bre-

391 1973 498 2010 vium
518 1969 732 2024 Apostolica
750 1973 821 2014 lib.
851 1989 888 2028 3.
917 1974 1114 2027 Indulgen.
1135 2002 1148 2023 ,
1179 1973 1224 2014 de
1238 1988 1311 2029 quo

389 2029 601 2083 Exemplar
620 2031 748 2070 Romae
762 2031 792 2072 d
804 2034 918 2074 Paulo
931 2033 1051 2073 Blado
1069 2030 1311 2087 Upographo

394 2088 591 2128 Cameren
620 2089 838 2147 imprcffiam
862 2120 877 2143 ,
918 2094 961 2134 in
987 2089 1108 2136 Arch.
1133 2091 1311 2146 generali

394 2146 502 2189 Tom.
518 2147 560 2189 S.
574 2159 683 2189 num.
694 2146 738 2188 6.

512 2322 1075 2392 NOTA.

382 2471 585 2510 Uantumvis
596 2474 646 2511 hae
662 2475 884 2520 Indulgentiae
897 2475 1020 2512 fuerint
1036 2475 1121 2512 olim
1136 2472 1312 2520 singularis

423 2520 568 2555 Ordinis
581 2523 700 2558 Nostri
727 2524 943 2568 prerogativa
953 2548 966 2566 ,
990 2523 1207 2559 nihilominus
1221 2523 1307 2557 stan-

474 2567 564 2602 tibus
593 2567 663 2614 jam
694 2571 851 2604 Decreto
875 2570 1063 2606 Clementis
1091 2569 1157 2606 Vll
1168 2572 1197 2606 l.
1236 2571 1307 2605 lato

284 2614 354 2651 lx.
390 2615 517 2650 armarii
534 2615 769 2653 MDXCVn.
783 2616 817 2651 8<
827 2617 1076 2654 Constitutione
1090 2618 1184 2654 Pauli
1198 2618 1245 2653 V.
1261 2618 1310 2654 ln-

276 2663 345 2709 cip.
387 2673 524 2698 omanus
535 2662 762 2711 Pontifhxfim
770 2667 868 2701 anaia
881 2667 954 2703 XX
960 2669 969 2702 l
978 2669 988 2703 Ι
997 2666 1111 2703 LMaii
1126 2666 1308 2702 MDCVl.

275 2722 316 2745 ne
330 2713 482 2746 Decreto
503 2711 580 2746 Sac.
592 2712 879 2755 Congregationis
895 2715 1187 2758 indulgentiarum
1217 2715 1311 2750 edito

274 2756 362 2794 Vll.
380 2757 498 2793 Martii
513 2759 842 2797 MDCLXXVlll.
864 2774 918 2798 eas
939 2761 1139 2808 suspensas,
1163 2762 1222 2797 vel
1250 2774 1312 2809 po-

275 2805 348 2842 titis
359 2806 394 2841 in
410 2806 646 2850 indulgentias
659 2810 679 2841 a
696 2808 802 2843 Paulo
816 2808 864 2845 V.
882 2822 938 2856 per
954 2810 1102 2846 Constit.
1118 2810 1309 2858 praediftam

275 2853 513 2939 §egularibus
543 2852 712 2892 coneeffas
727 2879 742 2900 ,
763 2855 827 2893 effe
847 2868 1072 2895 commutatas
1092 2882 1107 2904 ,
1136 2858 1310 2902 teneam,

305 2913 392 2938 ume
431 2929 444 2945 ,

298 3030 1282 3053 ————-m—-———

373 3141 867 3201 INNOCENTIUS
902 3152 1075 3200 PAPA
1118 3153 1210 3201 IX.

273 3255 397 3299 leatus
413 3286 426 3309 ,
448 3272 494 3299 ex
528 3265 700 3305 civitate
724 3266 903 3307 Bonom'ae
916 3293 930 3317 ,
957 3270 1149 3310 Antonius
1168 3269 1311 3310 Gardt:

328 3317 429 3358 natis
460 3318 506 3359 de
538 3319 781 3363 Faehinettis
824 3335 941 3366 antea
970 3326 1092 3367 diffres
1125 3355 1139 3377 ,
1179 3330 1308 3369 Roma.-

331 3384 420 3415 xxx.
451 3378 624 3420 ombus
664 3394 712 3421 M.
731 3396 773 3423 o.
796 3396 890 3424 xci.
918 3386 1096 3426 summm
1127 3383 1307 3440 Pontisbe

330 3442 503 3475 creatur.
530 3437 643 3478 Obiit
659 3451 748 3480 xxx.
770 3441 991 3483 Decembris
1004 3442 1169 3500 cjufilem
1181 3437 1300 3498 anni,

322 3495 696 3555 postquamfidff’r
712 3498 851 3557 mensis
870 3500 959 3544 duos
973 3529 985 3544 .

2251 243 2357 320 47

1650 332 1776 382 Vivae
1821 330 1943 379 Vocis
1978 335 2158 384 oraculo

1381 452 1553 502 Omnia
1570 451 1760 501 Ordinis
1776 452 2016 519 privilegia
2029 488 2043 509 ,
2056 458 2101 503 S.
2116 452 2418 523 Regulae‘no'n

1413 519 1692 572 adversantia
1709 520 1951 570 confirmat
1968 557 1984 579 ,
2009 521 2057 573 &
2076 527 2294 574 Nomtios
2310 541 2415 574 ante

1411 588 1614 643 Habitus
1649 590 1978 658 susceptionem
2009 593 2034 640 ἃ
2067 589 2419 661 quibuscumque

1416 659 1590 711 cafibus
1642 660 1903 712 absolvendi
1945 659 2207 714 facultatem
2260 683 2421 718 conce-

1414 733 1482 783 dit
1514 731 1604 784 ἃς.
1967 740 1970 742 ’

1429 901 1432 904 -
1493 875 1573 918 GO
1598 877 1662 918 Fr.
1679 878 1963 918 Bonaventura
1992 874 2012 916 a
2039 874 2311 931 Monteregaii
2338 876 2419 916 Or-'

1508 933 1609 976 dinis
1626 935 1830 978 Minorum
1858 934 1988 977 Sanc‘ti
2017 933 2214 975 Francisci
2239 935 2417 986 Capuci-

1381 1007 1552 1044 norum,
1576 991 1808 1051 &ejusdem
1823 997 2073 1037 Procurator
2089 991 2252 1034 Ordinis
2280 993 2298 1048 (
2321 992 2419 1045 licet

1380 1053 1639 1111 immeritus)
1666 1050 1818 1097 assero:
1846 1052 2135 1095 Sanfflffimum
2161 1052 2417 1093 Dominum-2

1381 1111 1600 1163 Nostrum,
1630 1114 1670 1153 &
1698 1108 1936 1156 Pontificem
1965 1112 2184 1155 Maximum
2214 1110 2417 1151 Innocen-

1376 1173 1474 1212 tium
1492 1173 1672 1222 Nonum,
1686 1170 1795 1212 Vivae
1812 1170 1933 1214 Vocis
1951 1169 2134 1220 oraculo,
2151 1170 2218 1211 has
2231 1169 2332 1210 mihi
2347 1169 2417 1208 hu-

1376 1229 1527 1271 militer
1542 1226 2172 1286 praerogantigratias'prestitilse3
2190 1229 2415 1269 nostrorum

1376 1287 1528 1328 scilicet
1564 1285 1916 1331 confirmationem
1947 1284 2256 1342 privilegiorum
2286 1285 2415 1341 (qui-

1372 1344 1445 1386 bus
1476 1354 1611 1386 tamen
1637 1347 1804 1398 Regulae
1829 1347 1976 1401 puritas
2000 1346 2137 1386 nostrae
2156 1358 2234 1385 non
2262 1344 2420 1384 relaxa-

1358 1414 1438 1446 ⁴tur
1454 1403 1552 1457 δίς.)
1569 1412 1654 1443 tum
1671 1403 1884 1455 Profeffos,
1898 1415 1985 1445 tum
2002 1401 2191 1445 Novitios
2208 1401 2421 1442 absolven-

1372 1461 1414 1502 di
1428 1460 1665 1515 potestatem
1685 1458 1704 1501 ἃ
1720 1462 1936 1516 fingulis‚&
1950 1461 2173 1518 quibusque
2187 1459 2367 1508 Casibus,
2378 1459 2420 1498 in
2481 1458 2492 1519 J

1373 1523 1514 1562 Coenae
1529 1518 1693 1561 Domini
1709 1521 1823 1563 Bulla
1840 1519 2156 1574 conscriptiS,de
2169 1519 2313 1574 quibus
2331 1521 2419 1559 No-

1375 1578 1463 1620 vitii
1478 1577 1559 1634 post
1577 1578 1770 1620 Habitum
1789 1578 2011 1635 susceptum
2028 1579 2177 1619 fuerint
2194 1588 2421 1633 memores3

1374 1646 1674 1690 eaquepropter
1702 1635 1851 1679 eisdem
1869 1665 1883 1687 ,
1899 1635 2102 1692 praefatam
2122 1636 2280 1678 Bullam
2293 1665 2307 1686 ,
2326 1637 2422 1676 ante

1373 1693 1542 1738 Habitus
1558 1691 1847 1750 susceptionem
1865 1694 1942 1738 effe
1958 1694 2175 1751 legendam
2192 1722 2202 1733 .
2217 1695 2423 1750 biqueveo-

1372 1767 1460 1795 rum
1491 1751 1667 1796 Casuum
1695 1755 1920 1810 aliquorum
1947 1754 2308 1795 reminiscerentur
2324 1779 2338 1802 ,
2368 1748 2422 1792 ad.

1371 1825 1441 1854 eos
1456 1826 1528 1867 pro
1542 1812 1803 1854 absolutionis
1821 1810 2019 1856 beneficio
2038 1811 2301 1854 remittantur
2319 1838 2334 1860 ,
2349 1809 2421 1864 qui

1371 1870 1556 1912 solvendi
1583 1871 1834 1913 authoritate
1859 1871 2108 1926 fungentur,
2133 1870 2244 1910 &eis
2274 1870 2325 1910 fic
2344 1868 2421 1908 de⁴

1374 1942 1481 1970 mum
1508 1929 1677 1971 Habitus
1703 1930 1977 1973 concedatur.
2008 1927 2256 1982 Indulfitque
2278 1927 2418 1968 nostrae

1372 1987 1711 2043 Congregationis
1730 1987 1948 2045 Majoribus
1965 2015 1978 2038 ,
1996 1985 2192 2030 Generali
2208 2014 2222 2036 ,
2242 2000 2288 2027 ac
2316 1987 2418 2027 Pro-

1371 2045 1608 2088 vincialibus
1621 2046 1687 2104 (nt
1703 2047 1742 2088 in
1761 2045 2010 2088 conscientiae
2026 2044 2118 2087 foro
2132 2043 2304 2095 tantum,
2320 2057 2418 2100 una-

1371 2118 1450 2161 que
1466 2118 1540 2160 pro
1555 2105 1677 2163 vice)
1711 2104 1970 2161 plenissimam
1990 2101 2227 2147 *absolvendi
2244 2102 2419 2158 potesta-

1371 2174 1457 2206 tem
1474 2192 1487 2214 ,
1517 2163 1851 2220 dispensandique
1879 2161 2116 2206 facultatem
2142 2164 2259 2220 super
2274 2174 2417 2203 omnes

1374 2222 1621 2278 privationes
1636 2232 1759 2278 atque
1775 2222 2049 2265 inhabilitates
2066 2250 2079 2272 ,
2095 2222 2133 2262 in
2150 2235 2247 2276 quas
2266 2220 2414 2262 fratres

1374 2281 1454 2335 (ad
1469 2280 1726 2324 conceffionis
1743 2279 1863 2337 usque
1878 2281 2009 2339 diem)
2024 2289 2196 2337 propter
2214 2279 2412 2322 Maximo-

1371 2354 1462 2383 rum
1490 2340 1728 2383 Pontificum
1758 2343 2020 2383 Decretorum
2036 2369 2050 2391 ,
2078 2338 2142 2382 seu
2171 2338 2411 2380 Bullarum...

1371 2396 1689 2453 transgressiones
1705 2398 1840 2452 dilapsi
1860 2397 2018 2440 fuissent
2033 2427 2044 2437 .
2074 2400 2155 2440 Has
2177 2410 2276 2450 ergo
2292 2394 2410 2436 nobis

1372 2458 1517 2510 gratias
1536 2466 1785 2497 memoratus
1802 2456 1972 2498 summus
1989 2453 2174 2497 Pontifex
2193 2482 2207 2503 ,
2233 2455 2272 2494 δι
2291 2455 2412 2495 Pater

1372 2513 1634 2555 sanctissimus
1650 2513 1828 2564 addixit,
1846 2512 2108 2557 Pontificatus
2122 2511 2177 2555 sui
2191 2514 2310 2553 Anno
2326 2511 2413 2567 pri-7

1367 2586 1435 2614 mo
1447 2601 1459 2613 .

1445 2632 1491 2672 In
1527 2632 1636 2674 sacro
1667 2631 1824 2674 Palatio
1855 2631 1961 2686 apud
1990 2634 2175 2674 sanetum
2208 2630 2409 2672 Petrum

1371 2689 1449 2731 Die
1464 2702 1529 2730 xt.
1546 2690 1786 2732 Decembris
1816 2704 1865 2732 M.
1885 2706 1928 2731 n.
1946 2704 2041 2732 xci.

1514 2803 1823 2890 Prfsfntt'hmssd
1850 2805 1916 2842 haec
1944 2803 1998 2861 R..
2007 2804 2048 2842 P.
2064 2830 2077 2849 ,
2104 2816 2142 2842 ac
2154 2804 2280 2842 Fratre
2290 2802 2407 2840 ‘Petro

1512 2854 2188 2951 Ρναιζέξὲῗιῖἶὲξῇιΐῐῗφιῖιῗῗέἔὲἶέοῗε
2199 2919 2216 2948 ,·
2226 2901 2269 2943 &⁸
2281 2899 2407 2948 Fratre

1560 2949 1690 2987 vbaldo
1710 2949 1901 2988 Tudertino
1913 2952 2016 2989 Laico
2029 2976 2039 2987 .
2293 2962 2298 2969 ’

1496 3060 1702 3114 ‚OrIginale
1739 3064 1782 3102 in
1818 3057 1988 3103 Archivo
2019 3061 2204 3105 Generali
2247 3059 2405 3103 Ordinis

1547 3121 1648 3162 Tom-
1669 3121 1717 3161 E.
1731 3132 1837 3162 num.
1851 3132 1922 3176 94.

1537 3235 1806 3343 Ndo
1941 3235 2006 3299 T
2131 3237 2230 3323 A.

1469 3369 1496 3405 F.
1509 3369 1610 3417 hujus
1624 3369 1754 3407 oraculi
1766 3368 2007 3418 valorejiidica
2020 3381 2065 3406 ex
2081 3369 2223 3406 oraculo
2240 3369 2402 3407 PP.Gre-'

1482 3419 1572 3463 gorii
1587 3419 1674 3456 XV.
1695 3419 1783 3456 infra.
1805 3419 1895 3454 inter
1918 3418 1990 3466 ejus
2004 3418 2258 3455 constitutiones
2275 3431 2407 3465 ponent

1363 3465 1565 3564 ffbfhlgltici.
1575 3467 1610 3504 Sc
1622 3466 1659 3504 in
1678 3468 1791 3507 lndice
1803 3467 1960 3518 generali
1973 3466 2090 3504 Verba
2103 3465 2311 3518 Privilegia
2318 3491 2333 3514 ,
2354 3467 2405 3520 εἰ»

2154 3887 2329 3936 CLE-
