2658 4244
331 362 376 391 ae
395 346 547 403 quubus
541 347 596 389 vis
612 345 999 398 Constitutionibus,
1024 348 1061 389 8:
1086 349 1360 393 Ordinationi-

330 409 404 449 bus
431 406 670 461 Apostolicis
696 434 710 457 ,
746 406 1020 458 necnonfldicti
1044 409 1206 451 Ordinis
1233 412 1362 450 Beatae

330 465 471 508 Mariae
487 465 538 506 de
557 464 752 507 Mercede
774 495 788 516 ,
812 464 1069 521 juramentO,
1091 466 1368 509 confirmatio-

330 537 381 566 ne
404 522 636 578 Apostolica
658 553 674 574 ,
701 524 764 565 vel
784 525 921 578 quavis
946 522 1138 568 firmitate
1155 525 1230 567 alia
1248 526 1368 567 robo-

327 581 431 624 ratis
466 581 614 623 statutis
637 611 652 632 ,
681 583 719 622 &
736 582 1121 634 consuetudinibus,
1150 582 1368 638 privilegiis

328 653 493 696 quoque
506 667 522 690 ,
539 639 700 681 indultis
716 670 732 691 ,
753 642 790 681 &
805 640 953 683 Literis
970 642 1210 695 Apostolicis
1227 641 1285 683 illi
1302 639 1369 681 sub

327 694 645 754 quibuscumque
670 699 878 740 tenoribus
895 727 910 750 ,
933 701 969 740 δε
985 699 1150 751 formis,
1178 715 1223 742 ac
1244 712 1364 741 cum..

326 754 531 813 quibusvis
549 755 733 797 clausulis
748 787 763 806 ,
791 758 828 797 &
844 752 1022 798 decretis
1038 759 1077 799 in
1094 770 1243 812 genere
1257 787 1272 807 ,
1300 755 1365 797 vel

326 816 366 858 in
382 813 513 869 specie
530 844 546 865 ,
571 828 615 855 ac
630 814 717 856 aliis
733 814 770 856 in
785 814 1029 856 contrarium
1055 813 1365 870 quomodolibet

325 872 517 915 concessis
540 899 554 923 2
590 874 816 928 approbatis
837 903 852 923 ,
885 875 924 913 &
948 874 1145 916 innovatis
1163 902 1174 913 .
1202 872 1364 931 Qibus

326 931 541 980 omnibus,
557 931 597 971 ὃς
612 929 771 985 fingulis
785 961 800 981 ,
821 931 973 972 etiamsi
989 930 1041 972 de
1058 930 1138 973 illis
1154 961 1168 981 ,
1184 931 1366 972 illorum-

324 1005 404 1046 que
437 991 531 1031 totis
559 989 765 1030 tenoribus
794 1018 809 1038 ,
850 987 1032 1044 specialis
1057 986 1265 1043 specifica,
1293 999 1365 1025 ex-

323 1045 448 1103 pressa
470 1078 486 1098 ,
520 1045 757 1096 individua,
787 1059 867 1087 non
899 1056 1038 1086 autem
1070 1059 1142 1098 per
1174 1041 1365 1085 clausulas

324 1105 537 1161 generales
552 1134 566 1156 ,
588 1103 697 1144 idern
712 1103 983 1156 importantes
996 1103 1166 1150 mentio,
1183 1100 1247 1141 seu
1263 1112 1366 1153 quae-

323 1164 385 1203 vis
406 1163 483 1205 alia
498 1158 693 1217 expressio
708 1159 892 1200 habenda
906 1158 1014 1200 foret
1028 1187 1043 1208 ,
1071 1157 1233 1199 illorum
1249 1166 1366 1197 teno-

321 1234 390 1263 res
418 1218 672 1275 praesentibus
697 1230 773 1271 pro
797 1216 984 1271 expreffis
1012 1217 1211 1259 habentes
1236 1244 1251 1266 ,
1283 1212 1365 1255 illis

323 1278 422 1321 alias
440 1279 478 1319 in
496 1275 562 1317 suo
578 1276 721 1317 robore
741 1274 1005 1330 permansuris
1022 1304 1036 1324 ,
1062 1276 1133 1316 hac
1163 1274 1253 1314 vice
1266 1271 1369 1314 dun-

323 1347 437 1379 taxat
456 1334 688 1391 specialiter
700 1364 716 1385 ,
741 1334 782 1373 &
799 1328 986 1388 expresse
1002 1332 1244 1388 derogamus
1258 1360 1273 1381 ,
1301 1344 1368 1387 ες-

323 1395 503 1449 terisque
538 1391 753 1434 contrariis
786 1391 1100 1447 quibuscumque
1127 1419 1137 1431 .
1171 1388 1368 1432 Volumus

323 1464 462 1495 autem
480 1481 496 1503 ,
519 1459 563 1492 ut
580 1450 831 1505 praesentiuin
846 1448 1101 1503 transumptis
1117 1477 1130 1498 ,
1157 1449 1283 1490 etiam
1299 1448 1370 1488 iin-

323 1509 489 1568 pressis,
519 1522 638 1550 manu
660 1508 829 1563 alicujus
848 1508 1008 1551 Notat-ii
1027 1506 1181 1561 publici
1205 1503 1369 1547 subscri-

321 1569 403 1625 ptis
425 1598 438 1619 ,
462 1572 500 1609 &
518 1567 661 1621 Sigillo
676 1567 843 1622 alicujus
859 1567 1033 1621 personae
1051 1567 1089 1607 in
1110 1565 1368 1619 dignitate-„-

320 1626 600 1669 Ecclesiastica
614 1625 837 1665 constitutae
854 1622 1020 1665 munitis
1039 1653 1053 1672 ,
1079 1621 1223 1663 eadem
1251 1635 1368 1674 pror-

320 1682 384 1726 sus
403 1684 502 1725 fides
519 1682 755 1723 adhibeatur
769 1711 784 1731 ,
810 1695 894 1734 quae
917 1678 1175 1733 praesentibus
1199 1678 1368 1720 adhibe-

326 1753 446 1784 retur
459 1770 475 1791 ,
503 1739 526 1780 si
543 1739 677 1781 forent
694 1739 883 1780 exhibitae
895 1767 905 1778 .

387 1803 538 1842 Datum
568 1800 707 1840 Romae
723 1795 828 1852 apud
846 1799 1030 1840 Sanctum
1048 1797 1233 1837 Marcum
1253 1823 1268 1844 ,
1300 1793 1369 1834 sub

319 1858 493 1903 Annulo
513 1856 722 1899 Piscatoris
747 1854 814 1896 die
845 1868 934 1898 vti.
958 1852 1054 1910 Julii
1081 1868 1128 1896 M.
1145 1867 1218 1898 nc.
1235 1866 1284 1895 vt
1301 1865 1360 1894 ri.

324 1914 595 1971 Boutificatus
614 1912 734 1957 nostri
749 1916 868 1956 Anno
882 1915 1042 1971 Qarto
1056 1942 1067 1953 .

1065 231 1242 322 Sub
1306 229 1550 318 Paulo
1594 227 1721 319 V.

1503 346 1746 389 Anc‘tiffimus
1775 346 1816 387 i'n
1842 344 2003 390 Christo
2027 346 2181 395 Pater,
2208 347 2458 390 &Dominus
2521 349 2523 351 ’

1525 406 1671 448 Noster
1685 405 1832 447 Paulus
1847 433 1861 456 ,
1891 406 2038 447 Divina
2055 403 2306 462 providentia
2324 408 2465 462 Papa,

1428 465 1610 521 Qiintus
1624 476 1638 516 3
1654 467 1759 506 Cum
1775 464 2003 519 Religionis
2019 460 2360 518 cujusque'statum
2391 466 2468 512 du-

1430 524 1523 580 plici
1571 523 1774 564 hominum
1806 536 1960 576 genere
1992 535 2068 577 per
2099 523 2244 562 Sacros
2276 524 2469 571 canones

1431 581 1692 623 constitutum
1705 578 1781 624 effe
1801 581 1963 623 noverit
1976 610 1992 631 ,
2026 579 2285 623 clericorum
2302 591 2468 632 nempe,

1429 642 1469 681 δε
1498 640 1711 682 Laicorum
1730 670 1744 690 ,
1776 639 1824 681 eii
1850 638 2006 694 semper
2036 638 2142 679 inter
2171 637 2261 678 illos
2287 635 2467 679 adhibita

1425 698 1703 748 distinetione,
1735 697 1939 740 utClerici
1957 726 1971 749 ,
1992 697 2116 738 etiam
2133 696 2169 736 in
2196 695 2326 737 Sacris
2357 707 2469 737 nou.»

1427 755 1629 800 constituti
1646 786 1661 806 ,
1692 756 1841 811 quippe
1866 757 1933 812 qui
1963 754 2134 810 majores
2160 754 2304 795 ordine
2345 751 2436 801 sunt
2453 780 2469 803 ,

1427 813 1512 869 ipsis
1531 814 1658 855 Laicis
1674 843 1688 864 ,
1719 814 1900 869 quamvis
1916 813 1964 855 ad
1981 812 2242 867 Religionem
2261 810 2435 866 posterio
2453 831 2474 840 -

1426 885 1490 914 res
1519 870 1594 912 sint
1618 873 1808 926 recepti,
1843 873 1948 913 inter
1978 870 2225 920 sedendum,
2257 869 2465 917 eundum,

1424 940 1545 983 atque
1573 928 1610 968 in
1641 928 1763 978 locis,
1798 932 1836 968 δε
1862 930 2079 970 actionibus
2094 927 2469 983 quibuscumque-³

1425 986 1602 1041 potiores
1620 1015 1634 1034 ,
1665 987 1704 1025 &
1731 985 1901 1041 majores
1931 988 2154 1028 habeantur
2180 999 2194 1037 3
2224 999 2356 1040 neque
2372 997 2474 1024 con-

1426 1040 1676 1084 suetudinem
1706 1043 1742 1083 in
1772 1043 2075 1096 Capucinorum
2105 1044 2334 1092 Ordinem,
2369 1054 2471 1082 non-

1427 1098 1607 1142 nullasve
1622 1099 1707 1154 ejus
1734 1100 1995 1149 Provincias,
2030 1101 2294 1155 Super-iorum
2321 1098 2471 1142 forsam

1429 1156 1698 1211 Regularium
1713 1155 1863 1198 incuria
1881 1186 1896 1206 ,
1929 1158 2199 1202 introduffi'tam
2216 1189 2233 1209 ,
2262 1171 2347 1213 quae
2370 1157 2469 1199 vere

1427 1215 1662 1270 corruptela
1691 1214 1773 1256 dici
1806 1214 1959 1265 debet,
1988 1216 2074 1256 ullo
2105 1216 2242 1259 rhodo
2263 1213 2470 1269 suffragari

1429 1271 1565 1330 poffe,
1597 1271 1660 1315 sed
1695 1271 1828 1328 potius
1850 1272 2075 1315 tollendam
2097 1273 2205 1324 effe,
2238 1271 2468 1328 Religionis

1429 1331 1548 1386 ipsius
1564 1330 1721 1386 quieti,
1752 1331 1791 1370 &
1805 1330 2019 1372 Clericalis
2037 1330 2153 1375 statfis
2167 1331 2360 1385 dignitati
2376 1343 2472 1387 pro-

1430 1390 1587 1445 spicere
1604 1390 1742 1431 volens
1757 1418 1772 1439 ,
1803 1391 2096 1445 Canonumque
2113 1389 2355 1444 dispositioni
2383 1420 2398 1440 ,
2429 1389 2470 1430 δε

1429 1448 1633 1491 communi
1658 1446 1839 1502 Capituli
1864 1449 2074 1491 Generalis
2102 1448 2265 1491 Ordinis
2297 1459 2392 1490 voto
2405 1447 2469 1490 in»-

1431 1509 1584 1549 haerens
1599 1535 1614 1556 ,
1646 1507 1721 1547 hoc
1738 1507 1941 1560 perpetuo
1955 1505 2132 1548 valituro
2148 1509 2355 1558 Decreto,
2394 1506 2470 1548 sta-

1429 1565 1550 1615 stuit,
1579 1577 1623 1605 ac
1655 1564 1691 1605 in
1717 1564 1870 1605 virtute
1887 1567 2034 1607 sanstae
2059 1565 2310 1608 Obedientiae
2327 1565 2469 1619 praeci-

1429 1625 1489 1678 pit
1505 1652 1520 1672 ,
1553 1636 1599 1662 ac
1615 1621 1778 1663 mandat
1794 1622 1978 1664 omnibus
1994 1652 2009 1672 ,
2042 1625 2081 1664 ὃ(
2111 1621 2269 1678 singulis
2297 1623 2468 1665 Ordinis

1427 1679 1727 1734 Capucinorum
1747 1679 1875 1720 Laicis
1890 1709 1906 1728 ,
1938 1680 2153 1734 praesertim
2170 1683 2265 1723 vero
2290 1678 2464 1729 Provin-

1428 1739 1580 1779 ciarum
1606 1735 1743 1788 Regni
1774 1735 1947 1786 Siciliae,
1978 1747 2024 1778 ut
2054 1737 2231 1779 Clericis
2249 1730 2468 1794 quibusque

1429 1791 1607 1850 ejusdem
1626 1793 1789 1836 Ordinis
1806 1792 1940 1835 locum
1955 1795 2140 1850 semper,
2171 1796 2208 1836 &
2234 1796 2383 1851 ubique
2397 1798 2470 1842 ce-

1428 1853 1555 1905 dant3
1584 1850 1748 1893 Ordinis
1784 1861 1921 1894 autem
1953 1853 2235 1908 Superioribus
2269 1843 2468 1908 generan-

1428 1914 1528 1962 buS,
1559 1909 1835 1961 &localibus,
1866 1923 1910 1953 ut
1929 1910 2091 1955 abusum
2124 1911 2351 1964 hujusmodi
2388 1911 2472 1955 tol-

1425 1970 1557 2014 lentes
1584 1999 1599 2020 ,
1632 1968 1807 2011 efficiant
1833 1970 1998 2011 omnino
2020 1999 2035 2022 ,
2066 1981 2111 2012 ut
2137 1969 2289 2012 Clerici
2321 1971 2468 2014 Laicos

330 2032 579 2089 Autograph.
597 2034 639 2073 in
664 2032 885 2074 secretaria
906 2035 1023 2077 Brev.
1045 2029 1176 2086 Apost.
1208 2026 1360 2084 Regesto
1420 2030 1522 2086 ipsos
1548 2027 1585 2068 in
1608 2026 1790 2069 omnibus
1817 2027 2006 2084 deinceps
2033 2028 2259 2085 praecedant
2285 2055 2300 2077 ,
2342 2027 2459 2072 nulld

355 2090 357 2094 ’
383 2091 513 2148 Mens.⁸
532 2091 641 2144 ‘Julii
660 2094 767 2133 Anm'
784 2086 994 2148 1608.fol.
1018 2090 1107 2136 185.
1122 2089 1166 2129 dc
1185 2101 1262 2141 quo
1278 2090 1372 2128 Bre-
1431 2085 1590 2144 prorsus
1609 2085 1743 2127 habita
1761 2087 1919 2129 ratione
1938 2090 2133 2144 temporis
2150 2087 2310 2130 illorum
2330 2088 2378 2129 ad
2398 2088 2469 2130 ha-

338 2157 343 2160 '
381 2163 427 2191 ve
444 2149 668 2206 sarmatum
680 2152 723 2190 in
743 2149 910 2189 Archivo
928 2159 1064 2203 gener.
1083 2147 1242 2189 Ordinis
1258 2150 1370 2189 Arm.

385 2209 590 2252 Authent.
616 2210 658 2249 in
671 2204 777 2266 fast.
793 2207 920 2262 collig.
952 2218 1055 2248 num.
1073 2206 1117 2247 6.

471 2432 1228 2483 DECR'ETUM.

326 2562 440 2626 Qo
475 2559 648 2620 Laicis,
681 2555 925 2624 praesertim
950 2554 1072 2606 ord.
1113 2556 1372 2623 Capucino-

361 2646 466 2679 rum
483 2664 499 2686 ,
537 2628 586 2679 ὅ(
606 2631 649 2675 in
670 2629 920 2677 Provinciis
939 2628 1087 2697 Regni
1102 2628 1267 2676 Siciliae
1286 2661 1302 2683 ,
1322 2628 1366 2673 in

361 2699 540 2747 virtute
560 2698 730 2747 Sandiae
750 2697 1033 2746 Obedientiae
1049 2697 1249 2765 praecipit
1265 2732 1281 2754 ,
1318 2709 1369 2745 ut

362 2768 557 2819 clericis
609 2765 857 2834 quibusque
894 2769 1048 2819 locum
1079 2766 1281 2837 semper,
1313 2764 1367 2818 ὅ(

339 2871 341 2873 -
365 2837 531 2905 ubique
550 2836 710 2887 cedant
729 2875 741 2887 .

1056 2946 1124 3011 N
1258 2948 1324 3012 O

1431 2146 1558 2188 bitum
1589 2145 1832 2198 receptionis
1860 2174 1874 2197 ,
1909 2145 1971 2186 vel
2000 2144 2143 2189 emiffae
2174 2144 2421 2200 professionis
2451 2175 2468 2198 ,

1426 2215 1492 2247 aut
1510 2204 1812 2245 Provinciarum
1828 2203 2124 2247 consuetudinis
2141 2237 2156 2258 ,
2172 2203 2240 2247 seu
2253 2216 2468 2262 corrupte-

1427 2265 1472 2306 lae
1499 2261 1777 2314 huiuscemodi
1799 2291 1814 2312 ,
1846 2278 1963 2319 quain
1995 2265 2154 2316 poenis,
2186 2275 2307 2320 atque
2338 2265 2467 2306 etiam

1421 2323 1591 2365 censuris
1608 2319 1891 2363 Ecclefiasticis
1903 2333 2044 2364 contra
2062 2322 2339 2365 inobedientes
2351 2352 2367 2373 ,
2397 2337 2464 2365 ar-

1422 2383 1573 2423 bitratu
1587 2380 1681 2429 suo,
1715 2379 1966 2435 infligendis,
1991 2381 2253 2436 omnibusque
2271 2381 2357 2423 aliis
2387 2395 2464 2436 op-

1425 2441 1608 2496 portunis
1632 2437 1823 2479 remediis
1854 2439 1998 2494 ubique
2026 2440 2149 2482 evelli
2179 2450 2343 2481 curent.
2377 2441 2462 2482 Da-

1428 2509 1514 2540 tum
1542 2499 1681 2539 Romae
1707 2497 1786 2539 Die
1810 2512 1937 2542 xxvi.
1957 2499 2206 2554 Septembris
2231 2510 2464 2541 mnevitt.

1541 2617 1738 2657 Antonius
1754 2619 1892 2658 Seneca
1911 2618 2109 2672 Episcopus
2129 2621 2305 2668 Angnen.
2332 2614 2467 2670 Vist'ta-

1658 2679 1775 2716 tionis
1791 2675 2014 2732 Apostolicae
2030 2678 2289 2718 Sacri-tarius.

1599 2763 1730 2803 Locus
1765 2761 1814 2811 ›1‹
1839 2760 1992 2816 sigilli.

1426 2849 1586 2903 Exemp.
1602 2847 1791 2891 Autbent.
1810 2850 1852 2891 in
1869 2848 2086 2892 Arch.0rd.
2093 2851 2134 2892 T
2127 2862 2202 2891 om.
2214 2850 2266 2891 D.
2280 2859 2461 2903 num-40·

1456 2948 1750 3012 TA.

424 3048 571 3086 Xcitato
588 3047 704 3094 postea
717 3048 824 3084 dubio
835 3074 848 3094 ,
862 3061 903 3086 an
917 3049 951 3085 8<
962 3050 1051 3086 Laici
1061 3050 1132 3098 jam
1146 3049 1284 3087 Profeffi
1299 3074 1312 3093 ,
1330 3049 1475 3086 Clericis
1486 3072 1498 3092 ,
1518 3050 1619 3085 etiaim
1633 3049 1775 3086 necdum
1789 3048 1942 3085 Profeffis
1956 3071 1970 3092 ,
1992 3048 2105 3083 iocum
2119 3045 2237 3082 cedere
2259 3045 2426 3080 deberent
2442 3047 2459 3079 Ρ

432 3097 496 3133 fuit
509 3096 645 3144 quidem
662 3108 721 3142 per
735 3097 844 3133 Breve
857 3099 987 3134 Urbani
1002 3099 1105 3135 vill.
1123 3098 1320 3134 ordinatum
1334 3122 1349 3142 ,
1373 3098 1407 3134 &
1423 3097 1614 3134 concess'um
1627 3123 1642 3142 ,
1665 3107 1703 3133 ut
1717 3097 1808 3134 Laici
1823 3095 1956 3133 Professi
1969 3120 1982 3139 ,
2007 3095 2164 3131 Clericos
2187 3105 2257 3128 non
2287 3092 2459 3128 Profefl'os

332 3147 560 3192 praecederent
576 3169 589 3188 ,
609 3143 705 3193 Juffii
729 3154 840 3182 tamen
864 3146 1054 3184 Alexandri
1079 3147 1160 3183 Vll.
1187 3147 1250 3184 fuit
1272 3147 1381 3183 Breve
1406 3146 1474 3182 hoc
1487 3170 1499 3190 ,
1522 3147 1766 3189 reformatum,
1793 3146 1828 3181 &
1841 3143 2029 3192 respeEtive
2040 3143 2246 3186 abrogatum
2262 3152 2324 3187 per
2343 3141 2457 3177 Sacroe

331 3193 622 3240 congregationis
652 3191 859 3230 Eminentiff.
883 3195 920 3231 S.
935 3197 981 3232 R.
995 3196 1035 3231 E.
1050 3195 1288 3232 Cardinalium
1299 3194 1447 3241 negotiis
1460 3195 1495 3233 δι
1506 3194 1826 3234 Consultationibus
1847 3192 2005 3242 Episcop.
2019 3191 2054 3228 &
2069 3191 2232 3236 Regular.
2265 3188 2455 3237 praepofitae

330 3245 520 3281 Decretum
548 3241 691 3289 sequens
704 3253 714 3276 ε

430 3291 543 3328 Sacra
572 3290 803 3337 Congregatio
829 3290 984 3327 Eminen.
1022 3293 1061 3330 S.
1088 3292 1135 3329 R.
1164 3292 1203 3328 E.
1231 3292 1474 3331 Cardinalium
1495 3306 1538 3331 ne
1562 3293 1642 3331 otiis
1666 3292 1709 3335 ὠ·
1737 3291 1888 3341 Consult.
1914 3290 1945 3328 Ε
1965 3287 2024 3339 'isc-
2052 3289 2095 3330 ὠ·
2115 3284 2240 3336 Regul.
2254 3285 2426 3335 praepofita
2443 3311 2458 3331 ο

330 3340 478 3378 attentis
497 3340 653 3375 narraris
663 3338 728 3388 ‚bde
740 3340 860 3376 ordine
872 3340 912 3376 S.
926 3340 973 3377 D.
985 3339 1039 3379 Ν.
1051 3341 1098 3378 D.
1111 3340 1324 3378 eAlexandri
1338 3366 1351 3387 ,
1362 3342 1511 3380 ‘Divina
1555 3341 1751 3379 rovidentia
1764 3340 1876 3389 Papae
1898 3338 1937 3379 V
1951 3339 1977 3376 Ι.
1990 3336 2171 3375 mandavit
2183 3337 2277 3371 oirca
2295 3331 2460 3386 praemiffa

335 3398 403 3425 tam
424 3389 461 3423 t'n
476 3388 667 3424 memoratis
677 3385 887 3424 Provinciis
900 3386 955 3427 N.
975 3386 1146 3437 Nequcim
1161 3390 1263 3425 etiam
1278 3391 1317 3426 in
1331 3388 1411 3428 aliis
1423 3389 1747 3441 respeffivbservart‘
1759 3388 1900 3438 solitum
1910 3413 1923 3433 2
1946 3385 2087 3429 &nihil
2098 3385 2263 3420 innovari
2278 3408 2292 3428 >
2312 3384 2455 3432 praefato

335 3435 445 3473 Brevi
459 3460 472 3479 ‚
488 3436 550 3484 seu
567 3436 712 3473 Decreta
731 3438 773 3475 S.
789 3448 883 3474 mem.
905 3438 1041 3474 vrham·
1070 3435 1166 3475 VIII.
1184 3439 1378 3488 caetertsque
1401 3441 1587 3481 contrariis
1599 3451 1666 3477 non
1681 3439 1884 3492 obstantibus
1892 3435 2152 3487 quibuscumque
2164 3457 2174 3469 .
2191 3431 2384 3470 .Romae.i6.
2402 3431 2459 3470 Fe-

338 3482 474 3520 hruaris·
502 3483 602 3521 1661.

723 3533 810 3575 2914.
837 3534 945 3573 Cara.
975 3535 1163 3582 Ginettus,

625 3627 737 3666 Locus
766 3630 800 3666 ›1‹
825 3627 962 3673 sigini.
1006 3665 1009 3668 ,

1571 3702 1573 3705 .
1601 3671 1643 3710 Ε.
1666 3669 1845 3720 Epffiopus
1873 3668 2007 3706 Camer.
2033 3634 2168 3704 Secreti

436 3746 544 3782 Breve
556 3746 688 3785 Urbani
703 3750 753 3787 Vi
763 3752 805 3787 ii.
818 3753 905 3787 inter
915 3750 989 3798 ejus
1005 3749 1275 3787 constitutiones
1288 3751 1441 3789 invenies
1450 3774 1464 3795 ,
1488 3747 1664 3795 exemplar
1677 3753 1790 3782 autem
1800 3742 2045 3784 Aufflenticum
2057 3742 2099 3779 de
2117 3745 2271 3779 Decreto
2295 3740 2448 3777 Alexan-

340 3791 391 3827 dri
408 3791 492 3831 Vll.
508 3793 692 3836 affervatur
708 3796 742 3832 in
753 3801 859 3835 Arch.
873 3799 1023 3844 generali
1038 3799 1125 3836 Ord.
1141 3800 1247 3836 Tom.
1266 3803 1312 3836 D.
1326 3813 1419 3838 num.
1433 3810 1491 3845 41.

2262 3841 2398 3893 Capu-
