2658 4244
374 219 477 281 24

1075 179 1238 271 Sub
1296 182 1512 302 Julio
1568 182 1708 271 -ΙΙΙ,

315 314 406 345 rum
437 294 814 347 Generalium‚seu
835 296 1361 345 ProvincialiumPraelato·
1420 308 1498 355 Ne
1536 307 1690 355 Patres
1727 301 1784 352 de
1822 297 2127 351 observantia
2162 299 2457 370 Capucinoss

315 373 407 425 rum
430 356 596 398 licentia
612 367 633 407 5
651 355 690 398 in
719 354 877 414 scriptis
892 359 1024 403 habita
1045 361 1229 415 recipere
1244 390 1258 412 ³
1290 372 1359 403 aut

319 432 359 458 in
378 415 539 457 illorum
570 414 764 459 Domibus
791 420 974 461 retinere
990 446 1003 470 ,
1027 419 1095 462 seu
1123 419 1174 461 ad
1192 419 1356 461 eosdem

322 479 490 519 Fratres
521 472 574 515 de
596 473 861 520 observantia
891 488 1143 532 nuncupatos
1170 478 1210 519 se
1224 489 1358 521 trans—

322 534 433 575 ferre
465 561 478 583 ,
506 532 572 574 vel
601 543 743 577 contra
766 535 1016 591 praesentium
1044 546 1226 582 tenorem
1251 536 1364 593 quic÷

329 605 450 648 quam
469 601 674 635 attentare
692 595 947 650 praesumant.

284 718 287 722 .
353 707 361 715 ⁸
388 649 631 719 Mandantes
658 654 842 697 omnibus
871 656 911 695 ἃ.
935 652 1096 709 lingulis
1125 653 1220 696 dicti
1238 652 1362 696 Ordi-

321 721 382 751 mS
408 735 424 758 s
464 718 547 776 1³11}
575 708 627 776 de
654 711 920 777 Qbservantia
948 739 962 762 2
999 713 1120 768 quam
1149 712 1365 767 Capucinis

321 778 561 822 nuncupatis
577 782 615 836 m
632 781 784 814 virtute
796 771 931 813 lanc'tae
944 771 1195 814 Obedientiae
1208 799 1221 822 ‚
1241 772 1281 810 &
1293 768 1361 812 sub

322 829 765 890 excommunicationis
791 844 836 871 ac
856 827 1087 884 privationis
1105 828 1330 872 officiorum
1346 857 1360 879 ‚

320 898 412 942 qua:
431 885 616 954 obtinent
634 915 648 938 ‚
673 889 712 928 &
738 888 1001 931 inhabilitatis
1021 887 1071 930 ad
1088 886 1362 942 quoscumque

322 947 431 1012 aetus
448 943 654 1012 legitimos
681 947 931 990 exercendos
949 975 963 998 ‚
989 947 1119 1000 poenis
1148 944 1232 1000 ipso
1261 943 1364 986 fac'to

319 1004 611 1069 mcufrendls,
637 1014 682 1048 ut
715 1003 902 1059 praemiffa
927 1005 1087 1054 omnia,
1110 1005 1149 1044 &
1177 1003 1359 1056 singula...

321 1059 499 1107 firmiter
515 1089 529 1112 ‚
550 1062 892 1105 &inviolabiliter
907 1061 1067 1103 servent
1082 1088 1094 1099 .

380 1122 462 1170 Et,
479 1130 522 1161 ut
537 1118 691 1161 eisdem
706 1122 911 1164 Fratribus
926 1121 1008 1159 tam
1022 1118 1075 1160 de
1088 1117 1360 1169 observantia,

322 1192 445 1234 quam
475 1178 693 1243 (Japucinis
722 1179 960 1234 nuncupatis
987 1175 1250 1231 delinquendi
1278 1206 1292 1228 ,
1323 1178 1364 1217 &

323 1235 497 1302 vagandi
526 1236 697 1278 tollatur
722 1239 905 1287 occasio,
935 1235 1123 1278 volumus
1150 1263 1165 1285 ‚
1196 1235 1306 1290 quod
1333 1237 1359 1276 fi

326 1308 609 1361 quis-eorum,
634 1297 703 1351 qui
732 1295 785 1338 de
814 1294 1064 1337 observantia
1080 1304 1363 1349 nuncupatur,

322 1368 375 1396 ex
391 1353 545 1395 eisdem
563 1355 785 1410 Capucinis
799 1367 1043 1411 quemquam
1059 1353 1130 1402 2&
1152 1352 1176 1393 ὲ
1193 1367 1364 1394 conver-

321 1411 392 1463 so,
426 1413 556 1478 siquis
572 1427 621 1455 ex
635 1413 858 1471 Capucinis
887 1412 1119 1469 quempiam
1142 1409 1195 1452 de
1223 1410 1362 1453 obser-

323 1480 461 1513 vantia
487 1484 735 1528 nuncupatos
750 1501 764 1523 ‚
789 1471 1060 1516 professorem
1084 1469 1133 1511 ad
1149 1470 1184 1512 st:
1201 1471 1362 1513 venien-

324 1540 411 1572 tem
427 1539 567 1573 contra
585 1533 837 1586 praesentium
854 1542 1041 1573 tenorem
1055 1558 1069 1581 ‚
1097 1528 1280 1583 recipere
1295 1558 1308 1578 ,
1323 1530 1363 1569 &

324 1602 452 1646 penes
478 1588 518 1632 se
531 1591 710 1633 retinere
737 1589 1023 1647 praesumpserit
1044 1617 1058 1638 ,
1087 1586 1254 1628 arbitrio
1281 1587 1368 1628 suo-

324 1661 419 1693 rum
447 1650 712 1703 Superiorum
745 1649 937 1704 puniatur
965 1661 976 1689 ε
1009 1644 1185 1699 Recepti
1226 1645 1322 1686 vero
1344 1645 1366 1685 εὶ

325 1705 511 1770 Praelatis
526 1706 601 1749 suis
616 1707 864 1761 ubicumque
879 1703 1040 1758 repeti,
1067 1705 1106 1744 δε
1133 1702 1244 1759 juxta
1272 1702 1369 1745 dieti

327 1762 494 1809 Ordinis
527 1765 669 1808 statuta
702 1764 881 1819 corrigi,
908 1765 948 1805 δι
974 1762 1107 1819 puniri
1134 1760 1272 1817 poffint
1289 1789 1303 1813 ‚
1330 1763 1370 1802 &

326 1821 523 1878 ¹valeant.

318 1911 319 1914 =
389 1883 600 1949 roirca
618 1886 787 1928 Dileffis
816 1883 928 1927 Filiis
943 1880 1223 1926 Gubernatori
1239 1879 1367 1921 Almae

327 1939 456 2010 Ierls
472 1970 486 1993 ‚
517 1957 563 1984 ac
583 1945 719 1986 Curiae
734 1942 958 1987 Causarmn
989 1945 1170 1984 Camerae
1194 1939 1367 1994 Aposto-

327 2001 639 2068 licaepenerali
673 2002 863 2045 Auditori
882 2031 896 2052 ‚
929 2001 1128 2055 dictaequae
1145 1998 1264 2042 Urbis
1293 1999 1364 2040 im

320 2060 618 2115 Spiritualibus
634 2061 1044 2112 GeneraliVicario,
1072 2071 1145 2099 nec
1174 2071 1252 2098 non
1281 2056 1369 2097 uni-

327 2121 454 2161 versis
484 2120 695 2176 &singulis
722 2119 1032 2164 venerabilibus
1058 2116 1266 2158 Fratribus
1284 2114 1370 2157 No-

329 2180 764 2246 stris-Archiepiscopis
781 2208 795 2229 ‚
820 2178 1104 2232 &Epistopis,
1132 2177 1171 2216 &
1204 2174 1371 2217 Dilectis

330 2237 445 2283 Filns
461 2251 605 2279 eorum
623 2240 660 2280 in
678 2237 963 2295 Spiritualibus
981 2234 1152 2279 Vicariis
1187 2237 1372 2276 Genera-

330 2297 438 2341 ]ibus
453 2297 636 2340 similiter
662 2297 897 2340 mandamus
913 2325 928 2347 ,
954 2306 1152 2351 quatenus
1179 2292 1273 2347 ipsi,
1304 2291 1370 2334 vel

330 2357 440 2400 alter
467 2370 611 2397 eorum
638 2356 856 2407 statutum,
878 2358 918 2396 &
938 2352 1245 2398 Ordinationem
1274 2365 1371 2406 prae-

332 2414 482 2457 dietam
514 2415 807 2458 inviolabiliter
830 2414 1039 2457 observari
1073 2409 1374 2454 facianunon„

330 2474 621 2531 permittentes
650 2473 802 2529 aliquid
830 2487 903 2527 per
923 2471 1198 2526 quoscumque
1223 2497 1237 2520 ,
1277 2482 1375 2523 qua-

333 2546 496 2588 cunque
515 2532 722 2588 Dignitate
738 2563 751 2585 ‚
782 2531 1082 2587 praeeminentia
1099 2557 1111 2580 ,
1135 2529 1175 2568 &
1205 2527 1379 2570 auetori-

334 2603 424 2634 tate
452 2591 692 2645 fungentes,
722 2601 862 2634 contra
878 2589 1129 2645 praesentium
1159 2598 1378 2630 tenorem-.-

334 2648 650 2707 quomodolibet
679 2649 905 2692 attentari:
937 2648 1270 2692 Contradictores
1301 2646 1379 2686 &c-

332 2720 383 2764 ut
412 2710 449 2751 in
476 2709 596 2749 Brevi
612 2709 782 2763 praeced.
797 2706 869 2749 fol.
887 2721 952 2749 22.

401 2771 554 2832 Datum
583 2768 723 2809 Romae
748 2765 852 2822 apud
873 2769 913 2808 S.
931 2769 1101 2810 Petrum
1129 2766 1197 2810 sub
1213 2760 1381 2806 Annulo

335 2827 555 2873 Piscatoris
594 2825 662 2867 die
700 2841 763 2869 lv.
793 2825 974 2882 Januarii
1016 2842 1064 2869 Μ.
1099 2843 1142 2870 n.
1172 2833 1380 2869 xxxvu.

337 2883 606 2934 Pontificatus
623 2884 761 2928 Nostri
775 2887 895 2933 Anno
910 2885 1056 2928 Tertio
1067 2915 1079 2927 .

1153 2959 1298 3016 Blosius
1312 2989 1324 2999 .

406 3050 620 3105 ,Exemplar
631 3026 917 3106 inperg'amma
929 3051 973 3090 in
1000 3047 1171 3091 Archivo
1199 3044 1385 3088 Gener-ali

452 3110 618 3210 3521‘711':
631 3113 810 3209 1Armar.
839 3109 1043 3151 Authent.
1068 3111 1112 3149 in
1122 3104 1231 3165 fi'st'·
1253 3104 1384 3158 collig.

541 3365 973 3436 JtJttth
1039 3362 1174 3411 ms.

949 3447 993 3472 m

348 3482 472 3522 Italus
484 3510 498 3532 ,
529 3498 573 3523 ex
588 3484 726 3539 oppido
743 3487 783 3526 S.
805 3483 947 3526 savini
965 3483 1160 3524 Hetruria
1176 3506 1190 3528 ‚
1217 3480 1389 3531 ‘joannes

405 3543 546 3582 Maria
561 3543 747 3586 deMonte
772 3551 888 3585 antea
916 3539 1065 3591 difien,
1092 3543 1132 3581 S.
1151 3541 1200 3580 R.
1217 3541 1260 3579 E.
1289 3541 1390 3579 Car-

404 3598 550 3639 amalis
577 3626 592 3648 ,
633 3602 692 3641 dt‘e
726 3615 855 3645 vttt.
895 3599 1010 3645 Febr.
1054 3615 1102 3642 Μ.
1134 3613 1177 3640 n.
1202 3613 1239 3639 1..
1275 3599 1390 3637 Sum-

405 3669 488 3698 mus
519 3656 698 3713 Pontifex
726 3669 877 3703 creatus
901 3686 916 3709 ‚
939 3659 1036 3701 obiit
1064 3668 1231 3700 xxxii.
1259 3658 1389 3698 Mart.

407 3729 458 3756 M.
478 3729 598 3756 nav.
618 3715 818 3770 postquam
833 3717 995 3781 fidzffit
1018 3728 1135 3761 annos
1161 3728 1199 3757 v.
1225 3742 1239 3769 ,
1279 3727 1382 3757 men-

391 3772 479 3830 fim
499 3785 563 3824 1.‚
588 3773 664 3815 dies
685 3788 791 3818 xvr.

1183 3293 1357 3307 ,κῇ

1453 375 1544 426 fine
1590 373 1754 443 scripta
1795 373 1963 440 pariter
1997 369 2176 419 licentia
2208 374 2454 440 recipiant,

1453 444 1650 496 vicisfim
1667 443 1854 495 mandat
1869 480 1880 492 .

1556 576 1876 645 jutius
1943 574 2149 622 PAPA
2218 572 2323 620 HL

1623 676 1691 719 Ad
1703 673 1895 732 futuram
1926 671 1986 713 rei
2014 667 2262 710 memoriam.

1497 787 1537 826 N
1553 782 1746 825 eminenti
1762 781 1878 825 Sedis
1893 775 2129 835 Apostolicae
2142 766 2467 828 Speculo,meri-'

1513 842 1564 883 tis
1588 843 1686 883 licet
1716 840 1931 895 imparibus
1957 861 1969 882 ,
1998 835 2240 890 disponente
2281 827 2462 872 Domino

1423 898 1632 942 constituti
1647 926 1661 948 ,
1678 898 1725 941 ad
1740 911 1787 940 ea
1801 898 1978 938 libenter
1993 892 2238 936 intendimus
2257 918 2270 941 ,
2293 901 2366 943 per
2382 898 2465 941 quae

1423 957 1680 1013 personarum
1697 954 1998 1010 quarumlibet,
2031 949 2248 1005 praesertim
2280 945 2468 999 Religio-

1422 1014 1552 1058 sarum
1581 1012 1804 1070 tranquillo
1831 1011 1948 1052 statui
1977 1007 2291 1051 consulitur-:Et
2323 1016 2415 1044 cum
2445 1002 2468 1042 a.

1424 1075 1537 1116 nobis
1553 1075 1705 1127 petitur
1720 1099 1733 1121 ,
1758 1069 1930 1124 desuper
1942 1066 2183 1122 disponimus
2199 1093 2211 1116 ,
2240 1072 2360 1118 prout
2392 1060 2465 1102 itu,

1426 1132 1603 1174 Domino
1620 1129 1885 1183 conspicimus
1905 1125 2121 1168 salubriter
2135 1121 2330 1177 expedire
2346 1149 2356 1160 .
2393 1122 2467 1161 Sa-

1425 1190 1475 1234 ne
1493 1205 1567 1245 pro
1582 1199 1693 1244 parte
1705 1186 1948 1229 dilectorum
1965 1183 2156 1225 Filiorum
2173 1184 2358 1223 Fratrum
2385 1178 2468 1218 Or-

1423 1250 1530 1292 dinis
1563 1249 1765 1292 Minorum
1791 1243 2093 1299 Capucinorum
2114 1248 2435 1292 nuncupatorum
2451 1261 2467 1285 ,

1425 1307 1554 1352 Nobis
1573 1321 1697 1360 nuper
1713 1301 1892 1346 exhibita
1914 1301 2058 1356 petitio
2073 1296 2325 1346 continebat3
2341 1292 2469 1349 quod,

1423 1381 1516 1425 ‘cum
1547 1365 1644 1407 alias
1669 1362 1738 1406 fel.
1773 1360 1932 1403 recordv
1961 1356 2108 1402 Paulus
2148 1359 2253 1409 Papa
2301 1351 2468 1395 Tertius

1426 1422 1693 1470 Praedecess‘or
1709 1419 1880 1471 Noster,
1908 1418 1990 1461 tam
2009 1415 2200 1471 praedictis
2215 1441 2228 1463 ‚
2253 1411 2371 1467 quam
2391 1411 2472 1452 Or-

1427 1485 1532 1527 dinis
1552 1484 1649 1525 Min.
1670 1478 1892 1537 hujusmodi
1911 1478 1962 1520 de
1977 1473 2242 1517 Observantia
2261 1481 2468 1524 nuncupa·

1427 1546 1479 1586 tis
1495 1542 1698 1585 Fratribus
1714 1569 1727 1590 ,
1740 1552 1813 1595 per
1826 1536 1928 1592 ejus,
1943 1537 1981 1577 in
1998 1533 2126 1576 forma
2147 1529 2309 1579 Brevis,
2327 1529 2468 1570 literas

1429 1599 1689 1656 prohibuisset
1704 1626 1717 1647 ‚
1740 1611 1790 1638 ne
1806 1597 1872 1637 alii
1889 1595 2062 1637 aliorum
2078 1586 2326 1632 Profeffores
2349 1615 2362 1637 ,
2391 1584 2470 1627 sine

1432 1660 1598 1702 licentia
1623 1659 1780 1700 suorum
1809 1653 2070 1696 Praelatorum
2099 1649 2137 1689 in
2166 1646 2323 1701 scriptis
2358 1643 2471 1685 habi-

1432 1730 1499 1768 ta,
1527 1717 1577 1759 ad
1604 1725 1761 1759 certum
1786 1723 1882 1754 tunc
1906 1707 2128 1765 expressum
2160 1705 2281 1748 breve
2312 1713 2471 1757 tempus

1432 1776 1665 1831 reciperent
1700 1801 1714 1824 ,
1742 1770 1954 1813 intendens
1987 1769 2024 1809 in
2051 1763 2246 1821 praemiffis
2278 1760 2471 1803 maturius

1435 1833 1662 1891 procedere
1677 1860 1690 1882 2
1713 1833 1753 1874 &
1768 1829 1910 1871 melius
1926 1825 2171 1883 providere:
2206 1825 2359 1863 Etcum
2374 1817 2468 1860 dicti

1434 1897 1596 1937 Fratres
1612 1888 1809 1946 Capucini
1827 1884 2062 1942 nuncupati,
2077 1883 2097 1923 a
2113 1880 2296 1936 pluribus
2314 1877 2475 1920 Catho-

1429 1954 1517 1996 licis
1535 1949 1713 1994 Praelatis
1729 1944 1954 1990 didiciffent
1969 1974 1983 1995 .,
1999 1943 2157 1986 Literas
2176 1937 2274 1995 ipsas
2289 1950 2379 1978 cum
2400 1949 2474 1977 eo-

1431 2011 1525 2054 dem
1554 2009 1675 2052 Paulo
1689 2003 1978 2050 Praedeceffore
1991 1996 2211 2056 expiraffe3
2227 1999 2266 2038 &
2280 2004 2448 2050 propter
2461 2024 2472 2033 .

1431 2071 1474 2114 es
1508 2072 1666 2112 Fratres
1694 2066 1747 2107 de
1772 2061 2024 2106 observantia
2050 2067 2296 2112 nuncupatos
2337 2050 2475 2109 hujus-

1435 2128 1544 2171 modi
1561 2126 1609 2172 ad
1624 2141 1692 2169 eos
1706 2122 1957 2166 transeuntes
1978 2148 1990 2170 ‚
2011 2132 2083 2173 per
2097 2114 2200 2173 ipsos
2217 2117 2380 2157 Fratres
2397 2114 2472 2152 Ca.

1435 2188 1600 2244 pucinos
1633 2182 1764 2226 libere
1794 2181 1917 2235 recipi
1936 2176 2041 2234 poffe
2072 2173 2400 2231 praetenderent,
2424 2168 2475 2211 ad

1435 2260 1576 2289 eorum
1594 2244 1778 2286 notitiam
1795 2239 2009 2296 pervenit,
2035 2234 2141 2292 quod
2164 2236 2247 2274 Nos
2274 2243 2345 2286 per
2362 2227 2476 2284 quas-

1433 2306 1526 2348 dam
1545 2302 1696 2346 nostras
1712 2330 1726 2352 ,
1751 2300 1788 2342 in
1817 2297 1941 2339 forma
1957 2291 2250 2338 Brevisliteras
2267 2319 2280 2341 ‚
2308 2300 2475 2336 omnes,

1437 2367 1477 2406 &
1493 2361 1660 2417 singulas
1676 2360 1932 2413 receptiones
1950 2358 2133 2398 Fratrum
2147 2351 2200 2392 de
2213 2345 2474 2390 observantia

1438 2431 1758 2474 nuncupatorum
1777 2416 2076 2473 praedistorm,
2103 2423 2176 2462 per
2191 2403 2352 2450 eosdem
2382 2406 2478 2445 Fra-

1440 2491 1524 2524 tres
1550 2480 1780 2531 Capucinos
1808 2483 2055 2528 nuncupatos
2081 2498 2094 2519 a
2125 2466 2273 2522 absque
2309 2461 2477 2505 licentia

1441 2538 1704 2583 Generalium
1721 2565 1733 2588 ,
1759 2533 1825 2576 seu
1851 2528 2162 2575 Provincialium
2191 2520 2415 2580 hujusmodi
2438 2518 2478 2560 in

1439 2597 1597 2651 scriptis
1615 2625 1628 2647 ,
1655 2606 1699 2637 ut
1734 2587 1944 2647 praefe'rtur
1969 2618 1983 2641 ‚
2011 2586 2145 2631 habita
2169 2610 2183 2633 a
2209 2580 2352 2638 quovis
2379 2590 2479 2634 prae-

1440 2666 1556 2700 textu
1587 2683 1601 2705 ‚
1622 2657 1662 2695 ἃ
1690 2653 1833 2695 colore
1856 2650 2056 2692 faciendas
2074 2675 2088 2697 ,
2116 2641 2245 2684 nullas
2274 2641 2314 2679 &
2341 2636 2478 2679 irritas

1441 2718 1528 2758 sore
1545 2743 1558 2764 ‚
1583 2716 1622 2754 δε
1645 2711 1694 2754 fic
1721 2709 1888 2767 judicari
1919 2707 2072 2748 debere
2088 2701 2136 2743 ad
2152 2698 2323 2742 nostrum
2354 2696 2482 2737 bene-

1442 2773 1634 2830 placitum
1649 2770 1959 2812 decreveramus
1974 2777 1987 2816 3
2002 2765 2043 2804 ὃ(
2059 2759 2144 2817 ipfis
2162 2756 2368 2800 Fratribus
2399 2755 2482 2795 Ca-

1441 2831 1596 2889 pucinis
1613 2831 1649 2871 in
1668 2828 1821 2870 virtute
1837 2826 1971 2867 sanuae
1995 2817 2236 2866 obedientia:
2251 2816 2289 2855 &
2306 2813 2374 2855 sub
2390 2825 2482 2854 cer-

1441 2891 1495 2934 tis
1521 2887 1693 2932 censuris
1712 2915 1724 2936 ,
1745 2887 1784 2927 &
1809 2884 1938 2940 poenis
1963 2911 1977 2933 ,
2009 2894 2060 2922 ne
2087 2878 2140 2920 de
2172 2885 2315 2917 caetero
2339 2884 2483 2927 quem·

1442 2951 1548 3007 piam
1563 2963 1612 2990 ex
1634 2946 1748 2990 distis
1766 2942 1973 2987 Fratribus
1990 2939 2042 2982 de
2058 2932 2309 2979 observantia
2334 2928 2483 2985 absque

1441 3009 1546 3052 dista
1562 3006 1726 3050 licentia
1747 3002 1784 3044 in
1801 3000 1956 3056 scriptis
1975 2997 2110 3039 habita
2125 2994 2308 3047 recipere
2337 2987 2480 3043 praesu-

1446 3076 1632 3116 merent,
1657 3059 1832 3106 districte
1859 3057 2338 3115 praeceperamus3prout
2368 3046 2404 3088 in
2433 3045 2486 3087 li—

1445 3127 1546 3169 teris
1577 3120 1770 3180 praedietis
1799 3119 1955 3174 plenius
1984 3114 2135 3157 dicitur
2166 3105 2393 3152 contineri.
2429 3106 2485 3146 Et

1446 3185 1544 3229 ficut
1559 3181 1702 3224 eadem
1719 3178 1867 3234 petitio
1881 3174 2171 3231 subjungebat,
2200 3165 2320 3210 valde
2348 3162 2486 3206 absur-

1447 3244 1542 3287 dum
1560 3240 1695 3291 foret,
1715 3241 1879 3281 Fratres
1891 3234 1945 3276 de
1958 3227 2213 3275 observantia
2234 3232 2485 3277 nuncupatos

1445 3298 1630 3359 praefatos
1643 3327 1657 3350 ‚
1687 3311 1738 3339 ne
1761 3296 1808 3338 ad
1823 3289 2193 3349 Congregationem
2207 3281 2485 3348 praeditftoru‘m

1447 3364 1633 3405 Fratrum
1647 3354 1948 3411 Capucinorum
1964 3355 2284 3401 nuncupatorum
2299 3369 2313 3392 2
2341 3343 2487 3381 arctio-

1448 3433 1536 3462 rem
1552 3419 1672 3460 vitam
1702 3411 1965 3460 ducentium,
1987 3405 2201 3450 transirent
2218 3431 2231 3453 ,
2254 3398 2485 3456 prohiberi,

1449 3480 1490 3520 &
1506 3475 1611 3532 quod
1629 3473 1696 3530 ipfi
1715 3475 1877 3515 Fratres
1894 3466 2095 3522 Capucini
2110 3459 2326 3515 nuncupati
2342 3457 2389 3499 ad
2416 3469 2486 3498 eo-

1452 3535 1637 3580 rumdem
1655 3535 1836 3575 Fratrum
1851 3527 1902 3569 de
1914 3521 2179 3568 Observantia
2189 3517 2487 3573 Congregatio-

1453 3608 1546 3650 nem
1561 3589 1751 3641 transire,
1774 3589 1813 3628 &
1829 3586 1879 3628 ab
1899 3583 1986 3640 ipfis
2001 3576 2306 3637 recipi‘poffent
2324 3605 2334 3616 .
2371 3577 2489 3632 Qa-

1451 3667 1497 3696 re
1514 3666 1585 3708 pro
1612 3659 1727 3703 parte
1747 3643 1947 3688 dierorum
1973 3645 2162 3684 Fratrum
2187 3635 2486 3692 Capucinorum

1442 3711 1572 3754 Nobis
1601 3708 1677 3750 fuit
1699 3701 1910 3747 humiliter
1941 3699 2204 3756 supplicatum
2228 3723 2242 3746 ,
2263 3704 2305 3735 ut
2335 3689 2486 3733 eisdem

1441 3767 1646 3816 Fratribus
1674 3761 1893 3821 Capucinis
1920 3758 2185 3815 nuncupatis,
2216 3752 2266 3794 ad
2291 3753 2487 3817 ‘Congre-

2219 3820 2424 3869 gationem
