<?xml version="1.0" encoding="UTF-8"?>
<!DOCTYPE html PUBLIC "-//W3C//DTD XHTML 1.0 Transitional//EN"
    "http://www.w3.org/TR/xhtml1/DTD/xhtml1-transitional.dtd">
<html xmlns="http://www.w3.org/1999/xhtml" xml:lang="en" lang="en">
 <head>
  <title>
</title>
<meta http-equiv="Content-Type" content="text/html;charset=utf-8" />
  <meta name='ocr-system' content='tesseract 3.04.00' />
  <meta name='ocr-capabilities' content='ocr_page ocr_carea ocr_par ocr_line ocrx_word'/>
</head>
<body>
  <div class='ocr_page' id='page_1' title='image "./bullariumordinis01cath_0256.png"; bbox 0 0 2658 4244; ppageno 0'>
   <div class='ocr_carea' id='block_1_1' title="bbox 357 231 514 275">
    <p class='ocr_par' dir='ltr' id='par_1_1' title="bbox 357 231 514 275">
     <span class='ocr_line' id='line_1_1' title="bbox 357 231 514 275; baseline -0.006 0"><span class='ocrx_word' id='word_1_1' title='bbox 357 231 514 275; x_wconf 88' lang='lat'>200</span> 
     </span>
    </p>
   </div>
   <div class='ocr_carea' id='block_1_2' title="bbox 282 312 1326 667">
    <p class='ocr_par' dir='ltr' id='par_1_2' title="bbox 282 312 1326 667">
     <span class='ocr_line' id='line_1_2' title="bbox 282 312 1238 376; baseline 0.002 -12"><span class='ocrx_word' id='word_1_2' title='bbox 282 314 517 364; x_wconf 86' lang='lat' dir='ltr'>Fratribus</span> <span class='ocrx_word' id='word_1_3' title='bbox 534 348 550 371; x_wconf 91' lang='lat'>,</span> <span class='ocrx_word' id='word_1_4' title='bbox 587 312 613 362; x_wconf 66' lang='grc' dir='ltr'><em>ἃ</em></span> <span class='ocrx_word' id='word_1_5' title='bbox 653 317 704 366; x_wconf 89' lang='lat' dir='ltr'>P.</span> <span class='ocrx_word' id='word_1_6' title='bbox 738 313 950 366; x_wconf 85' lang='lat' dir='ltr'>Ministro</span> <span class='ocrx_word' id='word_1_7' title='bbox 989 319 1206 367; x_wconf 86' lang='lat' dir='ltr'>Generali</span> <span class='ocrx_word' id='word_1_8' title='bbox 1224 355 1238 376; x_wconf 93' lang='lat'>,</span> 
     </span>
     <span class='ocr_line' id='line_1_3' title="bbox 314 384 1324 446; baseline 0.002 -10"><span class='ocrx_word' id='word_1_9' title='bbox 314 384 604 436; x_wconf 84' lang='lat' dir='ltr'>Diffinitorio</span> <span class='ocrx_word' id='word_1_10' title='bbox 633 388 881 446; x_wconf 84' lang='lat' dir='ltr'>Generali‚</span> <span class='ocrx_word' id='word_1_11' title='bbox 918 390 964 437; x_wconf 89' lang='lat' dir='ltr'>in</span> <span class='ocrx_word' id='word_1_12' title='bbox 995 390 1134 437; x_wconf 88' lang='lat' dir='ltr'>Alma</span> <span class='ocrx_word' id='word_1_13' title='bbox 1162 390 1324 442; x_wconf 55' lang='lat' dir='ltr'>Urbe,</span> 
     </span>
     <span class='ocr_line' id='line_1_4' title="bbox 305 455 1326 520; baseline 0.004 -15"><span class='ocrx_word' id='word_1_14' title='bbox 305 462 402 520; x_wconf 87' lang='lat' dir='ltr'>jam</span> <span class='ocrx_word' id='word_1_15' title='bbox 420 455 641 506; x_wconf 77' lang='lat' dir='ltr'>residente</span> <span class='ocrx_word' id='word_1_16' title='bbox 655 493 672 515; x_wconf 87' lang='lat'>,</span> <span class='ocrx_word' id='word_1_17' title='bbox 701 475 870 508; x_wconf 89' lang='lat' dir='ltr'>munus</span> <span class='ocrx_word' id='word_1_18' title='bbox 888 460 1185 509; x_wconf 86' lang='lat' dir='ltr'>Saecularium</span> <span class='ocrx_word' id='word_1_19' title='bbox 1203 465 1326 510; x_wconf 87' lang='lat' dir='ltr'>Con-</span> 
     </span>
     <span class='ocr_line' id='line_1_5' title="bbox 311 526 1324 600; baseline 0.003 -23"><span class='ocrx_word' id='word_1_20' title='bbox 311 526 521 577; x_wconf 80' lang='lat' dir='ltr'>feffiones</span> <span class='ocrx_word' id='word_1_21' title='bbox 539 528 814 594; x_wconf 88' lang='lat' dir='ltr'>excipiendi,</span> <span class='ocrx_word' id='word_1_22' title='bbox 830 547 1102 597; x_wconf 87' lang='lat' dir='ltr'>quocunque</span> <span class='ocrx_word' id='word_1_23' title='bbox 1119 545 1324 600; x_wconf 87' lang='lat' dir='ltr'>tempore</span> 
     </span>
     <span class='ocr_line' id='line_1_6' title="bbox 309 597 993 667; baseline 0.007 -21"><span class='ocrx_word' id='word_1_24' title='bbox 309 599 541 649; x_wconf 83' lang='lat' dir='ltr'>committi</span> <span class='ocrx_word' id='word_1_25' title='bbox 556 597 677 667; x_wconf 85' lang='lat' dir='ltr'>poffe</span> <span class='ocrx_word' id='word_1_26' title='bbox 695 635 712 658; x_wconf 93' lang='lat'>,</span> <span class='ocrx_word' id='word_1_27' title='bbox 750 600 964 651; x_wconf 89' lang='lat' dir='ltr'>concedit</span> <span class='ocrx_word' id='word_1_28' title='bbox 981 637 993 650; x_wconf 89' lang='lat'>.</span> 
     </span>
    </p>
   </div>
   <div class='ocr_carea' id='block_1_3' title="bbox 345 731 1249 781">
    <p class='ocr_par' dir='ltr' id='par_1_3' title="bbox 345 731 1249 781">
     <span class='ocr_line' id='line_1_7' title="bbox 345 731 1249 781; baseline 0.001 -2"><span class='ocrx_word' id='word_1_29' title='bbox 345 731 741 780; x_wconf 89' lang='lat' dir='ltr'>CLEMENS</span> <span class='ocrx_word' id='word_1_30' title='bbox 810 732 1026 781; x_wconf 88' lang='lat' dir='ltr'>PAPA</span> <span class='ocrx_word' id='word_1_31' title='bbox 1079 733 1249 780; x_wconf 86' lang='lat' dir='ltr'><strong>XII.</strong></span> 
     </span>
    </p>
   </div>
   <div class='ocr_carea' id='block_1_4' title="bbox 453 856 1155 914">
    <p class='ocr_par' dir='ltr' id='par_1_4' title="bbox 453 856 1155 914">
     <span class='ocr_line' id='line_1_8' title="bbox 453 856 1155 914; baseline 0.001 -13"><span class='ocrx_word' id='word_1_32' title='bbox 453 856 522 901; x_wconf 85' lang='lat' dir='ltr'>Ad</span> <span class='ocrx_word' id='word_1_33' title='bbox 542 866 782 914; x_wconf 79' lang='lat' dir='ltr'>perpetuam</span> <span class='ocrx_word' id='word_1_34' title='bbox 811 861 873 902; x_wconf 67' lang='lat' dir='ltr'>rel</span> <span class='ocrx_word' id='word_1_35' title='bbox 904 861 1155 902; x_wconf 78' lang='lat' dir='ltr'>memoriam.</span> 
     </span>
    </p>
   </div>
   <div class='ocr_carea' id='block_1_5' title="bbox 267 973 1324 1205">
    <p class='ocr_par' dir='ltr' id='par_1_5' title="bbox 413 973 1324 1020">
     <span class='ocr_line' id='line_1_9' title="bbox 413 973 1324 1020; baseline 0.002 -4"><span class='ocrx_word' id='word_1_36' title='bbox 413 973 551 1019; x_wconf 82' lang='lat' dir='ltr'>Udum</span> <span class='ocrx_word' id='word_1_37' title='bbox 592 973 834 1018; x_wconf 64' lang='lat' dir='ltr'>emanarunt</span> <span class='ocrx_word' id='word_1_38' title='bbox 866 974 889 1017; x_wconf 72' lang='grc' dir='ltr'>ἂ</span> <span class='ocrx_word' id='word_1_39' title='bbox 921 976 1046 1018; x_wconf 86' lang='lat' dir='ltr'>recol.</span> <span class='ocrx_word' id='word_1_40' title='bbox 1071 991 1191 1020; x_wconf 87' lang='lat' dir='ltr'>mern.</span> <span class='ocrx_word' id='word_1_41' title='bbox 1221 975 1324 1019; x_wconf 91' lang='lat' dir='ltr'>Cle-</span> 
     </span>
    </p>

    <p class='ocr_par' dir='ltr' id='par_1_6' title="bbox 267 1033 1323 1205">
     <span class='ocr_line' id='line_1_10' title="bbox 428 1033 1323 1078; baseline 0.003 -4"><span class='ocrx_word' id='word_1_42' title='bbox 428 1045 564 1075; x_wconf 86' lang='lat' dir='ltr'>mente</span> <span class='ocrx_word' id='word_1_43' title='bbox 595 1036 672 1075; x_wconf 86' lang='lat' dir='ltr'>PP.</span> <span class='ocrx_word' id='word_1_44' title='bbox 707 1036 824 1076; x_wconf 84' lang='lat' dir='ltr'><strong>VIII.</strong></span> <span class='ocrx_word' id='word_1_45' title='bbox 857 1033 1152 1077; x_wconf 83' lang='lat' dir='ltr'>Praedeceffore</span> <span class='ocrx_word' id='word_1_46' title='bbox 1187 1035 1323 1078; x_wconf 85' lang='lat' dir='ltr'>nostro</span> 
     </span>
     <span class='ocr_line' id='line_1_11' title="bbox 270 1089 1321 1148; baseline 0.005 -18"><span class='ocrx_word' id='word_1_47' title='bbox 270 1089 401 1133; x_wconf 79' lang='lat' dir='ltr'>literae</span> <span class='ocrx_word' id='word_1_48' title='bbox 430 1096 467 1134; x_wconf 91' lang='lat' dir='ltr'>in</span> <span class='ocrx_word' id='word_1_49' title='bbox 492 1090 609 1133; x_wconf 78' lang='lat' dir='ltr'>simili</span> <span class='ocrx_word' id='word_1_50' title='bbox 639 1091 771 1135; x_wconf 86' lang='lat' dir='ltr'>forma</span> <span class='ocrx_word' id='word_1_51' title='bbox 800 1092 942 1135; x_wconf 89' lang='lat' dir='ltr'>Brevis</span> <span class='ocrx_word' id='word_1_52' title='bbox 960 1093 1147 1144; x_wconf 80' lang='lat' dir='ltr'>tenoris,</span> <span class='ocrx_word' id='word_1_53' title='bbox 1175 1093 1245 1148; x_wconf 92' lang='lat' dir='ltr'>qui</span> <span class='ocrx_word' id='word_1_54' title='bbox 1260 1092 1321 1135; x_wconf 87' lang='lat' dir='ltr'>se-</span> 
     </span>
     <span class='ocr_line' id='line_1_12' title="bbox 267 1148 713 1205; baseline 0 -13"><span class='ocrx_word' id='word_1_55' title='bbox 267 1149 418 1205; x_wconf 90' lang='lat' dir='ltr'>quitur</span> <span class='ocrx_word' id='word_1_56' title='bbox 436 1177 451 1202; x_wconf 85' lang='lat'>,</span> <span class='ocrx_word' id='word_1_57' title='bbox 482 1148 683 1192; x_wconf 89' lang='lat' dir='ltr'>videlicet</span> <span class='ocrx_word' id='word_1_58' title='bbox 699 1165 713 1192; x_wconf 87' lang='lat'><strong>:</strong></span> 
     </span>
    </p>
   </div>
   <div class='ocr_carea' id='block_1_6' title="bbox 498 1268 1106 1337">
    <p class='ocr_par' dir='ltr' id='par_1_7' title="bbox 498 1268 1106 1337">
     <span class='ocr_line' id='line_1_13' title="bbox 498 1268 1106 1337; baseline 0.003 -19"><span class='ocrx_word' id='word_1_59' title='bbox 498 1269 686 1319; x_wconf 84' lang='lat' dir='ltr'><em>Clemens</em></span> <span class='ocrx_word' id='word_1_60' title='bbox 736 1269 852 1337; x_wconf 86' lang='lat' dir='ltr'>Papa</span> <span class='ocrx_word' id='word_1_61' title='bbox 910 1268 1000 1320; x_wconf 91' lang='lat' dir='ltr'>VI</span> <span class='ocrx_word' id='word_1_62' title='bbox 1011 1268 1041 1320; x_wconf 92' lang='lat' dir='ltr'><strong><em>I</em></strong></span> <span class='ocrx_word' id='word_1_63' title='bbox 1054 1268 1106 1320; x_wconf 86' lang='lat' dir='ltr'>I.</span> 
     </span>
    </p>
   </div>
   <div class='ocr_carea' id='block_1_7' title="bbox 443 1397 1145 1455">
    <p class='ocr_par' dir='ltr' id='par_1_8' title="bbox 443 1397 1145 1455">
     <span class='ocr_line' id='line_1_14' title="bbox 443 1397 1145 1455; baseline -0.001 -14"><span class='ocrx_word' id='word_1_64' title='bbox 443 1397 513 1442; x_wconf 81' lang='lat' dir='ltr'>Ad</span> <span class='ocrx_word' id='word_1_65' title='bbox 532 1406 769 1455; x_wconf 83' lang='lat' dir='ltr'>perpetuam</span> <span class='ocrx_word' id='word_1_66' title='bbox 793 1400 855 1441; x_wconf 70' lang='lat' dir='ltr'>rei</span> <span class='ocrx_word' id='word_1_67' title='bbox 886 1402 1120 1442; x_wconf 73' lang='lat' dir='ltr'><em>Memoriam</em></span> <span class='ocrx_word' id='word_1_68' title='bbox 1133 1429 1145 1440; x_wconf 91' lang='lat'><em>.</em></span> 
     </span>
    </p>
   </div>
   <div class='ocr_carea' id='block_1_8' title="bbox 265 1489 1321 3835">
    <p class='ocr_par' dir='ltr' id='par_1_9' title="bbox 306 1489 1319 1603">
     <span class='ocr_line' id='line_1_15' title="bbox 306 1489 1319 1603; baseline 0.002 -72"><span class='ocrx_word' id='word_1_69' title='bbox 306 1489 348 1603; x_wconf 51' lang='lat' dir='ltr'><strong>q</strong></span> <span class='ocrx_word' id='word_1_70' title='bbox 407 1490 504 1532; x_wconf 72' lang='lat' dir='ltr'>Lias</span> <span class='ocrx_word' id='word_1_71' title='bbox 539 1489 610 1533; x_wconf 87' lang='lat' dir='ltr'>fel.</span> <span class='ocrx_word' id='word_1_72' title='bbox 640 1507 724 1536; x_wconf 90' lang='lat' dir='ltr'>rec.</span> <span class='ocrx_word' id='word_1_73' title='bbox 743 1493 966 1548; x_wconf 84' lang='lat' dir='ltr'>Gregorius</span> <span class='ocrx_word' id='word_1_74' title='bbox 981 1495 1062 1534; x_wconf 93' lang='grc' dir='ltr'>ΡΡ.</span> <span class='ocrx_word' id='word_1_75' title='bbox 1078 1495 1194 1535; x_wconf 85' lang='lat' dir='ltr'><strong>XIV.</strong></span> <span class='ocrx_word' id='word_1_76' title='bbox 1213 1496 1319 1535; x_wconf 86' lang='lat' dir='ltr'>Prae-</span> 
     </span>
    </p>

    <p class='ocr_par' dir='ltr' id='par_1_10' title="bbox 265 1547 1321 3835">
     <span class='ocr_line' id='line_1_16' title="bbox 423 1547 1314 1604; baseline 0.001 -15"><span class='ocrx_word' id='word_1_77' title='bbox 423 1547 607 1591; x_wconf 86' lang='lat' dir='ltr'>decessor</span> <span class='ocrx_word' id='word_1_78' title='bbox 628 1552 761 1595; x_wconf 87' lang='lat' dir='ltr'>noster</span> <span class='ocrx_word' id='word_1_79' title='bbox 774 1565 825 1593; x_wconf 89' lang='lat' dir='ltr'>ex</span> <span class='ocrx_word' id='word_1_80' title='bbox 838 1551 976 1601; x_wconf 86' lang='lat' dir='ltr'>causis,</span> <span class='ocrx_word' id='word_1_81' title='bbox 998 1562 1092 1592; x_wconf 90' lang='lat' dir='ltr'>tunc</span> <span class='ocrx_word' id='word_1_82' title='bbox 1109 1550 1314 1604; x_wconf 72' lang='lat' dir='ltr'>expressis,</span> 
     </span>
     <span class='ocr_line' id='line_1_17' title="bbox 266 1607 1317 1664; baseline 0.001 -17"><span class='ocrx_word' id='word_1_83' title='bbox 266 1617 383 1647; x_wconf 86' lang='lat' dir='ltr'>motu</span> <span class='ocrx_word' id='word_1_84' title='bbox 403 1607 489 1659; x_wconf 87' lang='lat' dir='ltr'>ejus</span> <span class='ocrx_word' id='word_1_85' title='bbox 506 1610 674 1662; x_wconf 90' lang='lat' dir='ltr'>proprio</span> <span class='ocrx_word' id='word_1_86' title='bbox 689 1636 703 1659; x_wconf 93' lang='lat'>,</span> <span class='ocrx_word' id='word_1_87' title='bbox 720 1609 785 1651; x_wconf 82' lang='lat' dir='ltr'>sua</span> <span class='ocrx_word' id='word_1_88' title='bbox 814 1610 1015 1664; x_wconf 76' lang='lat' dir='ltr'>perpetuo</span> <span class='ocrx_word' id='word_1_89' title='bbox 1028 1609 1203 1650; x_wconf 85' lang='lat' dir='ltr'>valitura</span> <span class='ocrx_word' id='word_1_90' title='bbox 1218 1621 1317 1648; x_wconf 89' lang='lat' dir='ltr'>con-</span> 
     </span>
     <span class='ocr_line' id='line_1_18' title="bbox 267 1663 1313 1724; baseline 0.001 -20"><span class='ocrx_word' id='word_1_91' title='bbox 267 1663 482 1706; x_wconf 87' lang='lat' dir='ltr'>stitutione</span> <span class='ocrx_word' id='word_1_92' title='bbox 506 1665 674 1724; x_wconf 80' lang='lat' dir='ltr'>statuit,</span> <span class='ocrx_word' id='word_1_93' title='bbox 706 1668 745 1707; x_wconf 75' lang='grc' dir='ltr'>δι</span> <span class='ocrx_word' id='word_1_94' title='bbox 770 1665 1008 1717; x_wconf 85' lang='lat' dir='ltr'>ordinavit,</span> <span class='ocrx_word' id='word_1_95' title='bbox 1041 1665 1149 1721; x_wconf 91' lang='lat' dir='ltr'>quod</span> <span class='ocrx_word' id='word_1_96' title='bbox 1175 1664 1313 1706; x_wconf 87' lang='lat' dir='ltr'>nullus</span> 
     </span>
     <span class='ocr_line' id='line_1_19' title="bbox 267 1722 1313 1779; baseline 0.002 -16"><span class='ocrx_word' id='word_1_97' title='bbox 267 1723 615 1778; x_wconf 86' lang='lat' dir='ltr'>Congregationis</span> <span class='ocrx_word' id='word_1_98' title='bbox 663 1725 970 1779; x_wconf 87' lang='lat' dir='ltr'>Capucinorum</span> <span class='ocrx_word' id='word_1_99' title='bbox 1013 1722 1179 1765; x_wconf 86' lang='lat' dir='ltr'>Ordinis</span> <span class='ocrx_word' id='word_1_100' title='bbox 1217 1726 1313 1765; x_wconf 83' lang='lat' dir='ltr'>Fra·</span> 
     </span>
     <span class='ocr_line' id='line_1_20' title="bbox 267 1782 1311 1838; baseline 0.001 -16"><span class='ocrx_word' id='word_1_101' title='bbox 267 1790 382 1823; x_wconf 88' lang='lat' dir='ltr'>trum</span> <span class='ocrx_word' id='word_1_102' title='bbox 417 1782 625 1823; x_wconf 88' lang='lat' dir='ltr'>Minorum</span> <span class='ocrx_word' id='word_1_103' title='bbox 656 1793 985 1838; x_wconf 86' lang='lat' dir='ltr'>nuncupatorum</span> <span class='ocrx_word' id='word_1_104' title='bbox 1011 1786 1053 1825; x_wconf 88' lang='lat' dir='ltr'>S.</span> <span class='ocrx_word' id='word_1_105' title='bbox 1080 1782 1311 1833; x_wconf 82' lang='lat' dir='ltr'>Francisci,</span> 
     </span>
     <span class='ocr_line' id='line_1_21' title="bbox 265 1838 1312 1898; baseline 0.003 -17"><span class='ocrx_word' id='word_1_106' title='bbox 265 1840 306 1881; x_wconf 85' lang='lat' dir='ltr'>in</span> <span class='ocrx_word' id='word_1_107' title='bbox 327 1838 544 1882; x_wconf 87' lang='lat' dir='ltr'>Laicorum</span> <span class='ocrx_word' id='word_1_108' title='bbox 561 1841 772 1898; x_wconf 89' lang='lat' dir='ltr'>utriusque</span> <span class='ocrx_word' id='word_1_109' title='bbox 790 1840 902 1884; x_wconf 75' lang='lat' dir='ltr'>sextis</span> <span class='ocrx_word' id='word_1_110' title='bbox 917 1870 930 1892; x_wconf 82' lang='lat'>,</span> <span class='ocrx_word' id='word_1_111' title='bbox 957 1844 997 1883; x_wconf 89' lang='lat'>&amp;</span> <span class='ocrx_word' id='word_1_112' title='bbox 1015 1840 1312 1884; x_wconf 83' lang='lat' dir='ltr'>clericorum..</span> 
     </span>
     <span class='ocr_line' id='line_1_22' title="bbox 267 1899 1315 1956; baseline -0.001 -15"><span class='ocrx_word' id='word_1_113' title='bbox 267 1899 525 1941; x_wconf 84' lang='lat' dir='ltr'>Saecularium</span> <span class='ocrx_word' id='word_1_114' title='bbox 542 1928 556 1951; x_wconf 92' lang='lat'>,</span> <span class='ocrx_word' id='word_1_115' title='bbox 584 1914 840 1956; x_wconf 89' lang='lat' dir='ltr'>quacumque</span> <span class='ocrx_word' id='word_1_116' title='bbox 862 1901 1062 1956; x_wconf 81' lang='lat' dir='ltr'>dignitate</span> <span class='ocrx_word' id='word_1_117' title='bbox 1081 1931 1096 1952; x_wconf 83' lang='lat'>,</span> <span class='ocrx_word' id='word_1_118' title='bbox 1131 1899 1315 1954; x_wconf 85' lang='lat' dir='ltr'>praeemi·</span> 
     </span>
     <span class='ocr_line' id='line_1_23' title="bbox 267 1956 1315 2011; baseline -0.001 -11"><span class='ocrx_word' id='word_1_119' title='bbox 267 1958 404 2000; x_wconf 88' lang='lat' dir='ltr'>nentia</span> <span class='ocrx_word' id='word_1_120' title='bbox 420 1986 433 2007; x_wconf 92' lang='lat'>,</span> <span class='ocrx_word' id='word_1_121' title='bbox 450 1958 692 2002; x_wconf 63' lang='lat' dir='ltr'>auetoritate</span> <span class='ocrx_word' id='word_1_122' title='bbox 707 1989 720 2011; x_wconf 87' lang='lat'>,</span> <span class='ocrx_word' id='word_1_123' title='bbox 735 1961 775 2000; x_wconf 91' lang='lat'>&amp;</span> <span class='ocrx_word' id='word_1_124' title='bbox 790 1956 985 2003; x_wconf 86' lang='lat' dir='ltr'>facultate</span> <span class='ocrx_word' id='word_1_125' title='bbox 1001 1958 1143 2002; x_wconf 75' lang='lat' dir='ltr'>suffulti</span> <span class='ocrx_word' id='word_1_126' title='bbox 1161 1957 1286 2002; x_wconf 80' lang='lat' dir='ltr'>essent</span> <span class='ocrx_word' id='word_1_127' title='bbox 1300 1986 1315 2010; x_wconf 95' lang='lat'>,</span> 
     </span>
     <span class='ocr_line' id='line_1_24' title="bbox 267 2014 1314 2074; baseline 0.003 -18"><span class='ocrx_word' id='word_1_128' title='bbox 267 2014 582 2059; x_wconf 80' lang='lat' dir='ltr'>confeffionibus</span> <span class='ocrx_word' id='word_1_129' title='bbox 598 2019 877 2074; x_wconf 88' lang='lat' dir='ltr'>occupari,vel</span> <span class='ocrx_word' id='word_1_130' title='bbox 894 2017 1157 2061; x_wconf 80' lang='lat' dir='ltr'>consessiones</span> <span class='ocrx_word' id='word_1_131' title='bbox 1170 2031 1314 2061; x_wconf 87' lang='lat' dir='ltr'>eorum</span> 
     </span>
     <span class='ocr_line' id='line_1_25' title="bbox 266 2074 1313 2127; baseline 0.003 -12"><span class='ocrx_word' id='word_1_132' title='bbox 266 2074 411 2118; x_wconf 88' lang='lat' dir='ltr'>audire</span> <span class='ocrx_word' id='word_1_133' title='bbox 425 2074 632 2127; x_wconf 87' lang='lat' dir='ltr'>deberet,</span> <span class='ocrx_word' id='word_1_134' title='bbox 648 2078 803 2119; x_wconf 78' lang='lat' dir='ltr'>etiamst</span> <span class='ocrx_word' id='word_1_135' title='bbox 818 2077 868 2119; x_wconf 89' lang='lat' dir='ltr'>ad</span> <span class='ocrx_word' id='word_1_136' title='bbox 882 2077 924 2119; x_wconf 91' lang='lat' dir='ltr'>id</span> <span class='ocrx_word' id='word_1_137' title='bbox 953 2077 1183 2119; x_wconf 84' lang='lat' dir='ltr'>faciendum</span> <span class='ocrx_word' id='word_1_138' title='bbox 1202 2079 1222 2119; x_wconf 77' lang='lat' dir='ltr'>a</span> <span class='ocrx_word' id='word_1_139' title='bbox 1240 2082 1313 2121; x_wconf 88' lang='lat' dir='ltr'>Su-</span> 
     </span>
     <span class='ocr_line' id='line_1_26' title="bbox 265 2134 1314 2192; baseline 0.003 -18"><span class='ocrx_word' id='word_1_140' title='bbox 265 2134 504 2192; x_wconf 86' lang='lat' dir='ltr'>perioribus</span> <span class='ocrx_word' id='word_1_141' title='bbox 529 2134 744 2178; x_wconf 86' lang='lat' dir='ltr'>ordinariis</span> <span class='ocrx_word' id='word_1_142' title='bbox 765 2164 779 2187; x_wconf 87' lang='lat'>,</span> <span class='ocrx_word' id='word_1_143' title='bbox 812 2149 859 2177; x_wconf 91' lang='lat' dir='ltr'>ac</span> <span class='ocrx_word' id='word_1_144' title='bbox 890 2136 911 2178; x_wconf 75' lang='lat' dir='ltr'>a</span> <span class='ocrx_word' id='word_1_145' title='bbox 946 2139 1212 2188; x_wconf 57' lang='lat' dir='ltr'>Protesiore,</span> <span class='ocrx_word' id='word_1_146' title='bbox 1243 2144 1314 2178; x_wconf 87' lang='lat' dir='ltr'>aut</span> 
     </span>
     <span class='ocr_line' id='line_1_27' title="bbox 266 2192 1314 2252; baseline 0.002 -17"><span class='ocrx_word' id='word_1_147' title='bbox 266 2193 390 2235; x_wconf 88' lang='lat' dir='ltr'>etiam</span> <span class='ocrx_word' id='word_1_148' title='bbox 417 2192 468 2234; x_wconf 86' lang='lat' dir='ltr'>ab</span> <span class='ocrx_word' id='word_1_149' title='bbox 490 2194 724 2250; x_wconf 85' lang='lat' dir='ltr'>Apostolica</span> <span class='ocrx_word' id='word_1_150' title='bbox 758 2194 866 2238; x_wconf 88' lang='lat' dir='ltr'>Sede</span> <span class='ocrx_word' id='word_1_151' title='bbox 890 2196 1203 2252; x_wconf 88' lang='lat' dir='ltr'>quomodolibet</span> <span class='ocrx_word' id='word_1_152' title='bbox 1228 2224 1242 2246; x_wconf 88' lang='lat'>,</span> <span class='ocrx_word' id='word_1_153' title='bbox 1275 2197 1314 2237; x_wconf 75' lang='grc' dir='ltr'>δε</span> 
     </span>
     <span class='ocr_line' id='line_1_28' title="bbox 265 2252 1313 2309; baseline 0.001 -16"><span class='ocrx_word' id='word_1_154' title='bbox 265 2252 338 2294; x_wconf 91' lang='lat' dir='ltr'>sub</span> <span class='ocrx_word' id='word_1_155' title='bbox 380 2265 634 2309; x_wconf 89' lang='lat' dir='ltr'>quacumque</span> <span class='ocrx_word' id='word_1_156' title='bbox 694 2254 910 2295; x_wconf 90' lang='lat' dir='ltr'>verborum</span> <span class='ocrx_word' id='word_1_157' title='bbox 953 2252 1081 2296; x_wconf 88' lang='lat' dir='ltr'>forma</span> <span class='ocrx_word' id='word_1_158' title='bbox 1124 2254 1313 2298; x_wconf 79' lang='lat' dir='ltr'>licentias</span> 
     </span>
     <span class='ocr_line' id='line_1_29' title="bbox 268 2309 1313 2369; baseline 0.003 -17"><span class='ocrx_word' id='word_1_159' title='bbox 268 2319 442 2352; x_wconf 85' lang='lat' dir='ltr'>eatenus</span> <span class='ocrx_word' id='word_1_160' title='bbox 474 2309 705 2354; x_wconf 73' lang='lat' dir='ltr'>obtinuisset</span> <span class='ocrx_word' id='word_1_161' title='bbox 727 2341 742 2363; x_wconf 87' lang='lat'>,</span> <span class='ocrx_word' id='word_1_162' title='bbox 774 2322 898 2367; x_wconf 89' lang='lat' dir='ltr'>prout</span> <span class='ocrx_word' id='word_1_163' title='bbox 923 2313 963 2353; x_wconf 91' lang='lat' dir='ltr'>in</span> <span class='ocrx_word' id='word_1_164' title='bbox 990 2311 1173 2369; x_wconf 73' lang='lat' dir='ltr'>ejusdem</span> <span class='ocrx_word' id='word_1_165' title='bbox 1202 2316 1313 2355; x_wconf 86' lang='lat' dir='ltr'>Gre-</span> 
     </span>
     <span class='ocr_line' id='line_1_30' title="bbox 268 2367 1310 2424; baseline 0.004 -15"><span class='ocrx_word' id='word_1_166' title='bbox 268 2368 372 2424; x_wconf 84' lang='lat' dir='ltr'>gorii</span> <span class='ocrx_word' id='word_1_167' title='bbox 388 2367 689 2413; x_wconf 83' lang='lat' dir='ltr'>Praedecessoris</span> <span class='ocrx_word' id='word_1_168' title='bbox 705 2369 836 2412; x_wconf 90' lang='lat' dir='ltr'>literis</span> <span class='ocrx_word' id='word_1_169' title='bbox 852 2401 864 2422; x_wconf 86' lang='lat'>,</span> <span class='ocrx_word' id='word_1_170' title='bbox 881 2371 922 2412; x_wconf 91' lang='lat' dir='ltr'>in</span> <span class='ocrx_word' id='word_1_171' title='bbox 937 2367 1067 2413; x_wconf 83' lang='lat' dir='ltr'>forma</span> <span class='ocrx_word' id='word_1_172' title='bbox 1085 2371 1226 2413; x_wconf 88' lang='lat' dir='ltr'>Brevis</span> <span class='ocrx_word' id='word_1_173' title='bbox 1243 2370 1310 2413; x_wconf 89' lang='lat' dir='ltr'>sub</span> 
     </span>
     <span class='ocr_line' id='line_1_31' title="bbox 268 2426 1312 2486; baseline 0.003 -17"><span class='ocrx_word' id='word_1_174' title='bbox 268 2432 396 2476; x_wconf 81' lang='lat' dir='ltr'>Data,</span> <span class='ocrx_word' id='word_1_175' title='bbox 409 2426 474 2471; x_wconf 85' lang='lat' dir='ltr'>die</span> <span class='ocrx_word' id='word_1_176' title='bbox 488 2430 614 2484; x_wconf 87' lang='lat' dir='ltr'>prima</span> <span class='ocrx_word' id='word_1_177' title='bbox 626 2429 734 2485; x_wconf 90' lang='lat' dir='ltr'>Junii</span> <span class='ocrx_word' id='word_1_178' title='bbox 749 2444 905 2473; x_wconf 76' lang='lat' dir='ltr'>Moxm.</span> <span class='ocrx_word' id='word_1_179' title='bbox 918 2430 1137 2486; x_wconf 82' lang='lat' dir='ltr'>expeditis,</span> <span class='ocrx_word' id='word_1_180' title='bbox 1155 2430 1312 2484; x_wconf 75' lang='lat' dir='ltr'>plenius</span> 
     </span>
     <span class='ocr_line' id='line_1_32' title="bbox 269 2487 1314 2546; baseline 0.005 -17"><span class='ocrx_word' id='word_1_181' title='bbox 269 2487 533 2529; x_wconf 87' lang='lat' dir='ltr'>continetur.</span> <span class='ocrx_word' id='word_1_182' title='bbox 565 2490 674 2530; x_wconf 88' lang='lat' dir='ltr'>Cum</span> <span class='ocrx_word' id='word_1_183' title='bbox 703 2499 840 2531; x_wconf 83' lang='lat' dir='ltr'>autem</span> <span class='ocrx_word' id='word_1_184' title='bbox 867 2488 1017 2531; x_wconf 89' lang='lat' dir='ltr'>diverfi</span> <span class='ocrx_word' id='word_1_185' title='bbox 1054 2488 1314 2546; x_wconf 57' lang='lat' dir='ltr'>utriusque,-</span> 
     </span>
     <span class='ocr_line' id='line_1_33' title="bbox 267 2543 1311 2604; baseline 0.007 -18"><span class='ocrx_word' id='word_1_186' title='bbox 267 2543 383 2587; x_wconf 77' lang='lat' dir='ltr'>sexfis</span> <span class='ocrx_word' id='word_1_187' title='bbox 415 2545 713 2589; x_wconf 80' lang='lat' dir='ltr'>christifideles</span> <span class='ocrx_word' id='word_1_188' title='bbox 740 2563 813 2604; x_wconf 88' lang='lat' dir='ltr'>pro</span> <span class='ocrx_word' id='word_1_189' title='bbox 835 2562 976 2590; x_wconf 85' lang='lat' dir='ltr'>eorum</span> <span class='ocrx_word' id='word_1_190' title='bbox 1004 2561 1099 2603; x_wconf 84' lang='lat' dir='ltr'>erga</span> <span class='ocrx_word' id='word_1_191' title='bbox 1126 2549 1311 2593; x_wconf 61' lang='lat' dir='ltr'>dietum..</span> 
     </span>
     <span class='ocr_line' id='line_1_34' title="bbox 268 2605 1315 2663; baseline 0 -15"><span class='ocrx_word' id='word_1_192' title='bbox 268 2605 469 2648; x_wconf 86' lang='lat' dir='ltr'>Ordinem</span> <span class='ocrx_word' id='word_1_193' title='bbox 484 2633 499 2658; x_wconf 92' lang='lat'>,</span> <span class='ocrx_word' id='word_1_194' title='bbox 531 2607 593 2648; x_wconf 74' lang='lat' dir='ltr'>seu</span> <span class='ocrx_word' id='word_1_195' title='bbox 612 2607 993 2663; x_wconf 83' lang='lat' dir='ltr'>Congregationem</span> <span class='ocrx_word' id='word_1_196' title='bbox 1005 2608 1315 2661; x_wconf 89' lang='lat' dir='ltr'>Capucinorum</span> 
     </span>
     <span class='ocr_line' id='line_1_35' title="bbox 268 2663 1314 2724; baseline 0.003 -18"><span class='ocrx_word' id='word_1_197' title='bbox 268 2663 524 2713; x_wconf 87' lang='lat' dir='ltr'>devotione,</span> <span class='ocrx_word' id='word_1_198' title='bbox 555 2665 721 2719; x_wconf 89' lang='lat' dir='ltr'>cupiant</span> <span class='ocrx_word' id='word_1_199' title='bbox 740 2665 956 2720; x_wconf 86' lang='lat' dir='ltr'>Religiofis</span> <span class='ocrx_word' id='word_1_200' title='bbox 985 2666 1164 2724; x_wconf 87' lang='lat' dir='ltr'>ejusdem</span> <span class='ocrx_word' id='word_1_201' title='bbox 1196 2670 1314 2710; x_wconf 86' lang='lat' dir='ltr'>Con-</span> 
     </span>
     <span class='ocr_line' id='line_1_36' title="bbox 271 2721 1319 2781; baseline 0.003 -18"><span class='ocrx_word' id='word_1_202' title='bbox 271 2721 524 2777; x_wconf 83' lang='lat' dir='ltr'>gregationis</span> <span class='ocrx_word' id='word_1_203' title='bbox 551 2721 742 2765; x_wconf 88' lang='lat' dir='ltr'>confiteri</span> <span class='ocrx_word' id='word_1_204' title='bbox 768 2723 874 2779; x_wconf 77' lang='lat' dir='ltr'>posse</span> <span class='ocrx_word' id='word_1_205' title='bbox 892 2754 908 2775; x_wconf 83' lang='lat'>‚</span> <span class='ocrx_word' id='word_1_206' title='bbox 943 2729 1029 2769; x_wconf 90' lang='lat' dir='ltr'>Nos</span> <span class='ocrx_word' id='word_1_207' title='bbox 1053 2726 1217 2769; x_wconf 88' lang='lat' dir='ltr'>illorum</span> <span class='ocrx_word' id='word_1_208' title='bbox 1250 2728 1319 2781; x_wconf 92' lang='lat' dir='ltr'>pio</span> 
     </span>
     <span class='ocr_line' id='line_1_37' title="bbox 270 2780 1316 2840; baseline 0.005 -19"><span class='ocrx_word' id='word_1_209' title='bbox 270 2780 474 2823; x_wconf 84' lang='lat' dir='ltr'>desiderio</span> <span class='ocrx_word' id='word_1_210' title='bbox 501 2781 678 2838; x_wconf 73' lang='lat' dir='ltr'>benigne</span> <span class='ocrx_word' id='word_1_211' title='bbox 693 2793 922 2825; x_wconf 82' lang='lat' dir='ltr'>annuentes</span> <span class='ocrx_word' id='word_1_212' title='bbox 939 2812 953 2835; x_wconf 87' lang='lat'>,</span> <span class='ocrx_word' id='word_1_213' title='bbox 988 2796 1101 2827; x_wconf 89' lang='lat' dir='ltr'>motu</span> <span class='ocrx_word' id='word_1_214' title='bbox 1118 2784 1316 2840; x_wconf 82' lang='lat' dir='ltr'>proprio,</span> 
     </span>
     <span class='ocr_line' id='line_1_38' title="bbox 268 2841 1317 2900; baseline 0.004 -20"><span class='ocrx_word' id='word_1_215' title='bbox 268 2841 309 2881; x_wconf 76' lang='grc' dir='ltr'>δι</span> <span class='ocrx_word' id='word_1_216' title='bbox 334 2852 384 2881; x_wconf 86' lang='lat' dir='ltr'>ex</span> <span class='ocrx_word' id='word_1_217' title='bbox 410 2850 526 2882; x_wconf 87' lang='lat' dir='ltr'>certa</span> <span class='ocrx_word' id='word_1_218' title='bbox 555 2841 906 2894; x_wconf 72' lang='lat' dir='ltr'>nostra-scientia,</span> <span class='ocrx_word' id='word_1_219' title='bbox 925 2842 1059 2900; x_wconf 90' lang='lat' dir='ltr'>deque</span> <span class='ocrx_word' id='word_1_220' title='bbox 1074 2842 1317 2899; x_wconf 88' lang='lat' dir='ltr'>Apostolicae</span> 
     </span>
     <span class='ocr_line' id='line_1_39' title="bbox 269 2897 1315 2958; baseline 0.004 -19"><span class='ocrx_word' id='word_1_221' title='bbox 269 2897 482 2955; x_wconf 88' lang='lat' dir='ltr'>potestatis</span> <span class='ocrx_word' id='word_1_222' title='bbox 527 2900 783 2952; x_wconf 87' lang='lat' dir='ltr'>plenitudine</span> <span class='ocrx_word' id='word_1_223' title='bbox 809 2929 823 2951; x_wconf 86' lang='lat'>,</span> <span class='ocrx_word' id='word_1_224' title='bbox 889 2901 1072 2957; x_wconf 83' lang='lat' dir='ltr'>praefatas</span> <span class='ocrx_word' id='word_1_225' title='bbox 1118 2902 1315 2958; x_wconf 87' lang='lat' dir='ltr'>Gregorii</span> 
     </span>
     <span class='ocr_line' id='line_1_40' title="bbox 268 2954 1317 3017; baseline 0.001 -16"><span class='ocrx_word' id='word_1_226' title='bbox 268 2954 576 3001; x_wconf 84' lang='lat' dir='ltr'>Praedecessoris</span> <span class='ocrx_word' id='word_1_227' title='bbox 605 2958 772 3011; x_wconf 88' lang='lat' dir='ltr'>literas,</span> <span class='ocrx_word' id='word_1_228' title='bbox 805 2975 977 3015; x_wconf 86' lang='lat' dir='ltr'>quarum</span> <span class='ocrx_word' id='word_1_229' title='bbox 1011 2972 1200 3004; x_wconf 89' lang='lat' dir='ltr'>tenorem</span> <span class='ocrx_word' id='word_1_230' title='bbox 1216 2976 1317 3017; x_wconf 89' lang='lat' dir='ltr'>prae-</span> 
     </span>
     <span class='ocr_line' id='line_1_41' title="bbox 268 3014 1320 3071; baseline 0.005 -14"><span class='ocrx_word' id='word_1_231' title='bbox 268 3014 447 3060; x_wconf 88' lang='lat' dir='ltr'>sentibus</span> <span class='ocrx_word' id='word_1_232' title='bbox 476 3030 549 3071; x_wconf 89' lang='lat' dir='ltr'>pro</span> <span class='ocrx_word' id='word_1_233' title='bbox 562 3015 743 3068; x_wconf 82' lang='lat' dir='ltr'>expresso</span> <span class='ocrx_word' id='word_1_234' title='bbox 769 3019 908 3061; x_wconf 90' lang='lat' dir='ltr'>haberi</span> <span class='ocrx_word' id='word_1_235' title='bbox 928 3018 1135 3071; x_wconf 88' lang='lat' dir='ltr'>volumus,</span> <span class='ocrx_word' id='word_1_236' title='bbox 1163 3021 1218 3062; x_wconf 87' lang='lat' dir='ltr'>ita</span> <span class='ocrx_word' id='word_1_237' title='bbox 1234 3034 1320 3061; x_wconf 87' lang='lat' dir='ltr'>mo-</span> 
     </span>
     <span class='ocr_line' id='line_1_42' title="bbox 269 3075 1317 3134; baseline 0.003 -17"><span class='ocrx_word' id='word_1_238' title='bbox 269 3075 465 3117; x_wconf 87' lang='lat' dir='ltr'>deramur</span> <span class='ocrx_word' id='word_1_239' title='bbox 479 3105 494 3125; x_wconf 89' lang='lat'>,</span> <span class='ocrx_word' id='word_1_240' title='bbox 511 3083 556 3117; x_wconf 90' lang='lat' dir='ltr'>ut</span> <span class='ocrx_word' id='word_1_241' title='bbox 572 3075 754 3118; x_wconf 88' lang='lat' dir='ltr'>Minister</span> <span class='ocrx_word' id='word_1_242' title='bbox 768 3078 990 3120; x_wconf 86' lang='lat' dir='ltr'>Generalis</span> <span class='ocrx_word' id='word_1_243' title='bbox 1005 3079 1187 3134; x_wconf 82' lang='lat' dir='ltr'>eiusdem</span> <span class='ocrx_word' id='word_1_244' title='bbox 1203 3082 1317 3122; x_wconf 90' lang='lat' dir='ltr'>Con-</span> 
     </span>
     <span class='ocr_line' id='line_1_43' title="bbox 270 3132 1313 3190; baseline 0.005 -15"><span class='ocrx_word' id='word_1_245' title='bbox 270 3132 524 3190; x_wconf 86' lang='lat' dir='ltr'>gregationis</span> <span class='ocrx_word' id='word_1_246' title='bbox 537 3133 844 3188; x_wconf 87' lang='lat' dir='ltr'>Capucinorum</span> <span class='ocrx_word' id='word_1_247' title='bbox 859 3163 873 3185; x_wconf 90' lang='lat'>,</span> <span class='ocrx_word' id='word_1_248' title='bbox 905 3139 943 3178; x_wconf 74' lang='grc' dir='ltr'>δε</span> <span class='ocrx_word' id='word_1_249' title='bbox 961 3138 1213 3182; x_wconf 87' lang='lat' dir='ltr'>Diffinitores</span> <span class='ocrx_word' id='word_1_250' title='bbox 1238 3139 1313 3181; x_wconf 56' lang='lat' dir='ltr'>in.)</span> 
     </span>
     <span class='ocr_line' id='line_1_44' title="bbox 271 3191 1314 3247; baseline 0.007 -12"><span class='ocrx_word' id='word_1_251' title='bbox 271 3191 470 3247; x_wconf 88' lang='lat' dir='ltr'>Capitulo</span> <span class='ocrx_word' id='word_1_252' title='bbox 494 3192 693 3234; x_wconf 88' lang='lat' dir='ltr'>Generali</span> <span class='ocrx_word' id='word_1_253' title='bbox 719 3196 957 3247; x_wconf 84' lang='lat' dir='ltr'>congregati</span> <span class='ocrx_word' id='word_1_254' title='bbox 979 3225 993 3247; x_wconf 88' lang='lat'>,</span> <span class='ocrx_word' id='word_1_255' title='bbox 1025 3199 1060 3238; x_wconf 73' lang='lat'>8&lt;</span> <span class='ocrx_word' id='word_1_256' title='bbox 1079 3199 1117 3239; x_wconf 90' lang='lat' dir='ltr'>in</span> <span class='ocrx_word' id='word_1_257' title='bbox 1132 3198 1314 3241; x_wconf 82' lang='lat' dir='ltr'>eodem...</span> 
     </span>
     <span class='ocr_line' id='line_1_45' title="bbox 272 3249 1317 3311; baseline -0.006 -18"><span class='ocrx_word' id='word_1_258' title='bbox 272 3250 471 3304; x_wconf 88' lang='lat' dir='ltr'>Capitulo</span> <span class='ocrx_word' id='word_1_259' title='bbox 492 3249 649 3293; x_wconf 74' lang='lat' dir='ltr'>tantum</span> <span class='ocrx_word' id='word_1_260' title='bbox 663 3278 678 3301; x_wconf 92' lang='lat'>,</span> <span class='ocrx_word' id='word_1_261' title='bbox 708 3250 910 3307; x_wconf 86' lang='lat' dir='ltr'>quibusvis</span> <span class='ocrx_word' id='word_1_262' title='bbox 928 3252 1107 3305; x_wconf 84' lang='lat' dir='ltr'>ejusdem</span> <span class='ocrx_word' id='word_1_263' title='bbox 1126 3260 1317 3311; x_wconf 72' lang='lat' dir='ltr'>Congre-</span> 
     </span>
     <span class='ocr_line' id='line_1_46' title="bbox 278 3305 1316 3364; baseline 0.007 -14"><span class='ocrx_word' id='word_1_264' title='bbox 278 3310 449 3362; x_wconf 83' lang='lat' dir='ltr'>gationis</span> <span class='ocrx_word' id='word_1_265' title='bbox 470 3309 687 3364; x_wconf 85' lang='lat' dir='ltr'>Religiofis</span> <span class='ocrx_word' id='word_1_266' title='bbox 703 3338 716 3360; x_wconf 90' lang='lat'>,</span> <span class='ocrx_word' id='word_1_267' title='bbox 737 3309 786 3352; x_wconf 86' lang='lat' dir='ltr'>ad</span> <span class='ocrx_word' id='word_1_268' title='bbox 803 3305 1084 3355; x_wconf 84' lang='lat' dir='ltr'>Confcssiones</span> <span class='ocrx_word' id='word_1_269' title='bbox 1099 3313 1316 3357; x_wconf 85' lang='lat' dir='ltr'>audiendas</span> 
     </span>
     <span class='ocr_line' id='line_1_47' title="bbox 277 3368 1321 3425; baseline 0.008 -17"><span class='ocrx_word' id='word_1_270' title='bbox 277 3369 504 3422; x_wconf 81' lang='lat' dir='ltr'>approbatis</span> <span class='ocrx_word' id='word_1_271' title='bbox 518 3398 532 3420; x_wconf 85' lang='lat'>,</span> <span class='ocrx_word' id='word_1_272' title='bbox 549 3370 574 3410; x_wconf 85' lang='lat' dir='ltr'>fi</span> <span class='ocrx_word' id='word_1_273' title='bbox 596 3369 684 3425; x_wconf 81' lang='lat' dir='ltr'>ipsis</span> <span class='ocrx_word' id='word_1_274' title='bbox 698 3368 883 3411; x_wconf 87' lang='lat' dir='ltr'>Ministro</span> <span class='ocrx_word' id='word_1_275' title='bbox 898 3369 1149 3422; x_wconf 86' lang='lat' dir='ltr'>Generali,&amp;</span> <span class='ocrx_word' id='word_1_276' title='bbox 1162 3373 1321 3416; x_wconf 84' lang='lat' dir='ltr'>Diffini-</span> 
     </span>
     <span class='ocr_line' id='line_1_48' title="bbox 281 3426 1320 3478; baseline 0.011 -14"><span class='ocrx_word' id='word_1_277' title='bbox 281 3426 439 3468; x_wconf 86' lang='lat' dir='ltr'>toribus</span> <span class='ocrx_word' id='word_1_278' title='bbox 467 3426 705 3478; x_wconf 87' lang='lat' dir='ltr'>videbitur,</span> <span class='ocrx_word' id='word_1_279' title='bbox 738 3427 945 3470; x_wconf 79' lang='lat' dir='ltr'>licentiam</span> <span class='ocrx_word' id='word_1_280' title='bbox 974 3427 1162 3472; x_wconf 90' lang='lat' dir='ltr'>audiendi</span> <span class='ocrx_word' id='word_1_281' title='bbox 1194 3436 1320 3474; x_wconf 84' lang='lat' dir='ltr'>Saecu-</span> 
     </span>
     <span class='ocr_line' id='line_1_49' title="bbox 282 3481 1319 3543; baseline 0.009 -20"><span class='ocrx_word' id='word_1_282' title='bbox 282 3481 430 3524; x_wconf 88' lang='lat' dir='ltr'>larium</span> <span class='ocrx_word' id='word_1_283' title='bbox 457 3485 664 3541; x_wconf 88' lang='lat' dir='ltr'>utriusque</span> <span class='ocrx_word' id='word_1_284' title='bbox 679 3484 791 3528; x_wconf 74' lang='lat' dir='ltr'>sextis</span> <span class='ocrx_word' id='word_1_285' title='bbox 804 3484 1096 3540; x_wconf 81' lang='lat' dir='ltr'>confeffiones‚</span> <span class='ocrx_word' id='word_1_286' title='bbox 1119 3486 1246 3543; x_wconf 88' lang='lat' dir='ltr'>usque</span> <span class='ocrx_word' id='word_1_287' title='bbox 1269 3492 1319 3532; x_wconf 87' lang='lat' dir='ltr'>ad</span> 
     </span>
     <span class='ocr_line' id='line_1_50' title="bbox 282 3542 1321 3598; baseline 0.008 -16"><span class='ocrx_word' id='word_1_288' title='bbox 282 3542 379 3583; x_wconf 90' lang='lat' dir='ltr'>novi</span> <span class='ocrx_word' id='word_1_289' title='bbox 411 3543 594 3596; x_wconf 80' lang='lat' dir='ltr'>Capituli</span> <span class='ocrx_word' id='word_1_290' title='bbox 622 3544 839 3588; x_wconf 85' lang='lat' dir='ltr'>Generalis</span> <span class='ocrx_word' id='word_1_291' title='bbox 867 3545 1191 3590; x_wconf 85' lang='lat' dir='ltr'>celebrationem</span> <span class='ocrx_word' id='word_1_292' title='bbox 1219 3577 1233 3598; x_wconf 94' lang='lat'>,</span> <span class='ocrx_word' id='word_1_293' title='bbox 1283 3551 1321 3590; x_wconf 86' lang='lat'>&amp;</span> 
     </span>
     <span class='ocr_line' id='line_1_51' title="bbox 278 3598 1320 3660; baseline 0.009 -20"><span class='ocrx_word' id='word_1_294' title='bbox 278 3612 359 3641; x_wconf 90' lang='lat' dir='ltr'>non</span> <span class='ocrx_word' id='word_1_295' title='bbox 378 3598 485 3642; x_wconf 89' lang='lat' dir='ltr'>ultra</span> <span class='ocrx_word' id='word_1_296' title='bbox 498 3630 513 3651; x_wconf 85' lang='lat'>,</span> <span class='ocrx_word' id='word_1_297' title='bbox 542 3604 581 3643; x_wconf 87' lang='lat'>&amp;</span> <span class='ocrx_word' id='word_1_298' title='bbox 595 3604 644 3645; x_wconf 82' lang='lat' dir='ltr'>fic</span> <span class='ocrx_word' id='word_1_299' title='bbox 660 3603 713 3646; x_wconf 89' lang='lat' dir='ltr'>de</span> <span class='ocrx_word' id='word_1_300' title='bbox 729 3603 927 3660; x_wconf 87' lang='lat' dir='ltr'>Capitulo</span> <span class='ocrx_word' id='word_1_301' title='bbox 945 3606 1143 3649; x_wconf 84' lang='lat' dir='ltr'>Generali</span> <span class='ocrx_word' id='word_1_302' title='bbox 1170 3605 1210 3649; x_wconf 90' lang='lat' dir='ltr'>in</span> <span class='ocrx_word' id='word_1_303' title='bbox 1238 3609 1320 3649; x_wconf 84' lang='lat' dir='ltr'>Ca—</span> 
     </span>
     <span class='ocr_line' id='line_1_52' title="bbox 280 3657 1318 3721; baseline 0.008 -23"><span class='ocrx_word' id='word_1_304' title='bbox 280 3657 455 3711; x_wconf 88' lang='lat' dir='ltr'>pitulum</span> <span class='ocrx_word' id='word_1_305' title='bbox 488 3661 693 3703; x_wconf 87' lang='lat' dir='ltr'>Generale</span> <span class='ocrx_word' id='word_1_306' title='bbox 722 3663 954 3705; x_wconf 84' lang='lat' dir='ltr'>concedere</span> <span class='ocrx_word' id='word_1_307' title='bbox 977 3661 1200 3719; x_wconf 67' lang='lat' dir='ltr'>respefflve</span> <span class='ocrx_word' id='word_1_308' title='bbox 1229 3665 1318 3721; x_wconf 84' lang='lat' dir='ltr'>pos—</span> 
     </span>
     <span class='ocr_line' id='line_1_53' title="bbox 283 3713 1316 3777; baseline 0.013 -24"><span class='ocrx_word' id='word_1_309' title='bbox 283 3713 354 3755; x_wconf 78' lang='lat' dir='ltr'>sint</span> <span class='ocrx_word' id='word_1_310' title='bbox 371 3742 384 3764; x_wconf 88' lang='lat'>,</span> <span class='ocrx_word' id='word_1_311' title='bbox 400 3716 436 3755; x_wconf 86' lang='lat'>&amp;</span> <span class='ocrx_word' id='word_1_312' title='bbox 453 3717 612 3757; x_wconf 82' lang='lat' dir='ltr'>valeant</span> <span class='ocrx_word' id='word_1_313' title='bbox 625 3745 639 3767; x_wconf 93' lang='lat'>,</span> <span class='ocrx_word' id='word_1_314' title='bbox 654 3721 910 3763; x_wconf 60' lang='lat' dir='ltr'>Austoritate</span> <span class='ocrx_word' id='word_1_315' title='bbox 924 3723 1152 3777; x_wconf 88' lang='lat' dir='ltr'>Apostolica</span> <span class='ocrx_word' id='word_1_316' title='bbox 1168 3752 1183 3773; x_wconf 92' lang='lat'>,</span> <span class='ocrx_word' id='word_1_317' title='bbox 1198 3733 1316 3766; x_wconf 90' lang='lat' dir='ltr'>teno-</span> 
     </span>
     <span class='ocr_line' id='line_1_54' title="bbox 283 3771 1316 3835; baseline 0.012 -22"><span class='ocrx_word' id='word_1_318' title='bbox 283 3785 375 3814; x_wconf 87' lang='lat' dir='ltr'>rore</span> <span class='ocrx_word' id='word_1_319' title='bbox 397 3771 649 3829; x_wconf 89' lang='lat' dir='ltr'>praesentium</span> <span class='ocrx_word' id='word_1_320' title='bbox 664 3802 679 3826; x_wconf 86' lang='lat'>,</span> <span class='ocrx_word' id='word_1_321' title='bbox 694 3776 928 3822; x_wconf 67' lang='lat' dir='ltr'>facultatem</span> <span class='ocrx_word' id='word_1_322' title='bbox 955 3782 1248 3835; x_wconf 82' lang='lat' dir='ltr'>concedimus,</span> <span class='ocrx_word' id='word_1_323' title='bbox 1277 3785 1316 3824; x_wconf 88' lang='lat'>&amp;</span> 
     </span>
    </p>
   </div>
   <div class='ocr_carea' id='block_1_9' title="bbox 941 195 1366 370">
    <p class='ocr_par' dir='ltr' id='par_1_11' title="bbox 941 195 1366 370">
     <span class='ocr_line' id='line_1_55' title="bbox 941 195 1366 370; baseline -0.002 -83"><span class='ocrx_word' id='word_1_324' title='bbox 941 195 1102 287; x_wconf 67' lang='lat' dir='ltr'>Sub</span> <span class='ocrx_word' id='word_1_325' title='bbox 1164 197 1366 370; x_wconf 53' lang='lat' dir='ltr'>Cleg‘t</span> 
     </span>
    </p>
   </div>
   <div class='ocr_carea' id='block_1_10' title="bbox 1368 199 1773 291">
    <p class='ocr_par' dir='ltr' id='par_1_12' title="bbox 1368 199 1773 291">
     <span class='ocr_line' id='line_1_56' title="bbox 1368 199 1773 291; baseline -0.007 -5"><span class='ocrx_word' id='word_1_326' title='bbox 1368 203 1540 288; x_wconf 73' lang='lat' dir='ltr'>ente</span> <span class='ocrx_word' id='word_1_327' title='bbox 1598 199 1773 291; x_wconf 74' lang='lat' dir='ltr'><em>XII.</em></span> 
     </span>
    </p>
   </div>
   <div class='ocr_carea' id='block_1_11' title="bbox 1379 314 2433 1481">
    <p class='ocr_par' dir='ltr' id='par_1_13' title="bbox 1379 314 2433 1481">
     <span class='ocr_line' id='line_1_57' title="bbox 1386 314 2422 376; baseline 0.009 -16"><span class='ocrx_word' id='word_1_328' title='bbox 1386 320 1645 376; x_wconf 85' lang='lat' dir='ltr'>impartimur</span> <span class='ocrx_word' id='word_1_329' title='bbox 1660 349 1676 370; x_wconf 88' lang='lat'>,</span> <span class='ocrx_word' id='word_1_330' title='bbox 1688 322 1722 359; x_wconf 71' lang='grc' dir='ltr'>δι</span> <span class='ocrx_word' id='word_1_331' title='bbox 1738 314 2013 373; x_wconf 84' lang='lat' dir='ltr'>quascumque</span> <span class='ocrx_word' id='word_1_332' title='bbox 2027 317 2212 364; x_wconf 78' lang='lat' dir='ltr'>licentias</span> <span class='ocrx_word' id='word_1_333' title='bbox 2228 324 2422 369; x_wconf 81' lang='lat' dir='ltr'>audiendi</span> 
     </span>
     <span class='ocr_line' id='line_1_58' title="bbox 1385 374 2424 437; baseline 0.003 -16"><span class='ocrx_word' id='word_1_334' title='bbox 1385 379 1639 422; x_wconf 82' lang='lat' dir='ltr'>Saecularium</span> <span class='ocrx_word' id='word_1_335' title='bbox 1659 375 1884 434; x_wconf 88' lang='lat' dir='ltr'>hujusmodi</span> <span class='ocrx_word' id='word_1_336' title='bbox 1900 374 2163 420; x_wconf 82' lang='lat' dir='ltr'>confeffiones</span> <span class='ocrx_word' id='word_1_337' title='bbox 2180 409 2196 430; x_wconf 89' lang='lat'>‚</span> <span class='ocrx_word' id='word_1_338' title='bbox 2226 384 2424 437; x_wconf 81' lang='lat' dir='ltr'>quibusvis</span> 
     </span>
     <span class='ocr_line' id='line_1_59' title="bbox 1384 436 2426 495; baseline 0.007 -16"><span class='ocrx_word' id='word_1_339' title='bbox 1384 437 1565 495; x_wconf 81' lang='lat' dir='ltr'>ejusdem</span> <span class='ocrx_word' id='word_1_340' title='bbox 1599 436 1943 492; x_wconf 84' lang='lat' dir='ltr'>Congregationis</span> <span class='ocrx_word' id='word_1_341' title='bbox 1970 438 2176 480; x_wconf 88' lang='lat' dir='ltr'>Fratribus</span> <span class='ocrx_word' id='word_1_342' title='bbox 2195 466 2209 489; x_wconf 87' lang='lat'>,</span> <span class='ocrx_word' id='word_1_343' title='bbox 2241 441 2291 482; x_wconf 85' lang='lat' dir='ltr'>ab</span> <span class='ocrx_word' id='word_1_344' title='bbox 2322 442 2426 486; x_wconf 80' lang='lat' dir='ltr'>illius</span> 
     </span>
     <span class='ocr_line' id='line_1_60' title="bbox 1383 496 2428 552; baseline 0.003 -14"><span class='ocrx_word' id='word_1_345' title='bbox 1383 498 1647 547; x_wconf 58' lang='lat' dir='ltr'>Protesiore,</span> <span class='ocrx_word' id='word_1_346' title='bbox 1679 508 1744 537; x_wconf 88' lang='lat' dir='ltr'>aut</span> <span class='ocrx_word' id='word_1_347' title='bbox 1764 509 2022 552; x_wconf 90' lang='lat' dir='ltr'>quocumque</span> <span class='ocrx_word' id='word_1_348' title='bbox 2041 496 2148 549; x_wconf 88' lang='lat' dir='ltr'>alio,</span> <span class='ocrx_word' id='word_1_349' title='bbox 2181 499 2307 540; x_wconf 85' lang='lat' dir='ltr'>etiam</span> <span class='ocrx_word' id='word_1_350' title='bbox 2321 503 2428 547; x_wconf 63' lang='lat' dir='ltr'>dt...</span> 
     </span>
     <span class='ocr_line' id='line_1_61' title="bbox 1385 554 2430 613; baseline 0.002 -15"><span class='ocrx_word' id='word_1_351' title='bbox 1385 556 1564 611; x_wconf 86' lang='lat' dir='ltr'>expresso</span> <span class='ocrx_word' id='word_1_352' title='bbox 1582 554 1714 599; x_wconf 88' lang='lat' dir='ltr'>nostro</span> <span class='ocrx_word' id='word_1_353' title='bbox 1744 554 1960 607; x_wconf 82' lang='lat' dir='ltr'>mandato,</span> <span class='ocrx_word' id='word_1_354' title='bbox 1997 555 2037 596; x_wconf 88' lang='lat' dir='ltr'>in</span> <span class='ocrx_word' id='word_1_355' title='bbox 2067 568 2312 613; x_wconf 88' lang='lat' dir='ltr'>perpetuum</span> <span class='ocrx_word' id='word_1_356' title='bbox 2331 571 2430 600; x_wconf 77' lang='lat' dir='ltr'>con-</span> 
     </span>
     <span class='ocr_line' id='line_1_62' title="bbox 1387 613 2428 667; baseline 0.003 -11"><span class='ocrx_word' id='word_1_357' title='bbox 1387 613 1524 667; x_wconf 75' lang='lat' dir='ltr'>celsas,</span> <span class='ocrx_word' id='word_1_358' title='bbox 1538 618 1682 656; x_wconf 88' lang='lat' dir='ltr'>harum</span> <span class='ocrx_word' id='word_1_359' title='bbox 1698 613 1800 656; x_wconf 91' lang='lat' dir='ltr'>serie</span> <span class='ocrx_word' id='word_1_360' title='bbox 1818 627 2059 657; x_wconf 85' lang='lat' dir='ltr'>revocamus</span> <span class='ocrx_word' id='word_1_361' title='bbox 2073 644 2088 667; x_wconf 92' lang='lat'>,</span> <span class='ocrx_word' id='word_1_362' title='bbox 2102 617 2142 656; x_wconf 73' lang='grc' dir='ltr'>δι</span> <span class='ocrx_word' id='word_1_363' title='bbox 2158 616 2428 659; x_wconf 82' lang='lat' dir='ltr'>annullamus.</span> 
     </span>
     <span class='ocr_line' id='line_1_63' title="bbox 1380 674 2432 731; baseline 0.001 -16"><span class='ocrx_word' id='word_1_364' title='bbox 1380 675 1662 717; x_wconf 79' lang='lat' dir='ltr'>Decet-nentes</span> <span class='ocrx_word' id='word_1_365' title='bbox 1676 674 1834 716; x_wconf 89' lang='lat' dir='ltr'>irritum</span> <span class='ocrx_word' id='word_1_366' title='bbox 1848 702 1863 725; x_wconf 93' lang='lat'>,</span> <span class='ocrx_word' id='word_1_367' title='bbox 1894 675 1932 715; x_wconf 68' lang='grc' dir='ltr'>ὃς</span> <span class='ocrx_word' id='word_1_368' title='bbox 1948 674 2066 717; x_wconf 88' lang='lat' dir='ltr'>inane</span> <span class='ocrx_word' id='word_1_369' title='bbox 2080 705 2095 725; x_wconf 91' lang='lat'>,</span> <span class='ocrx_word' id='word_1_370' title='bbox 2108 675 2304 731; x_wconf 89' lang='lat' dir='ltr'>quidquid</span> <span class='ocrx_word' id='word_1_371' title='bbox 2320 674 2432 718; x_wconf 85' lang='lat' dir='ltr'>secus</span> 
     </span>
     <span class='ocr_line' id='line_1_64' title="bbox 1380 730 2432 789; baseline 0.003 -15"><span class='ocrx_word' id='word_1_372' title='bbox 1380 730 1500 787; x_wconf 88' lang='lat' dir='ltr'>super</span> <span class='ocrx_word' id='word_1_373' title='bbox 1514 733 1590 784; x_wconf 83' lang='lat' dir='ltr'>his,</span> <span class='ocrx_word' id='word_1_374' title='bbox 1606 733 1626 774; x_wconf 76' lang='lat' dir='ltr'>:i</span> <span class='ocrx_word' id='word_1_375' title='bbox 1642 746 1861 789; x_wconf 87' lang='lat' dir='ltr'>quoquam,</span> <span class='ocrx_word' id='word_1_376' title='bbox 1875 733 2016 788; x_wconf 88' lang='lat' dir='ltr'>quavis</span> <span class='ocrx_word' id='word_1_377' title='bbox 2036 733 2432 783; x_wconf 62' lang='lat' dir='ltr'>austeritate,scien·</span> 
     </span>
     <span class='ocr_line' id='line_1_65' title="bbox 1384 792 2429 847; baseline 0.005 -17"><span class='ocrx_word' id='word_1_378' title='bbox 1384 801 1476 841; x_wconf 88' lang='lat' dir='ltr'>ter,</span> <span class='ocrx_word' id='word_1_379' title='bbox 1509 792 1575 833; x_wconf 90' lang='lat' dir='ltr'>vel</span> <span class='ocrx_word' id='word_1_380' title='bbox 1594 793 1829 847; x_wconf 86' lang='lat' dir='ltr'>ignoranter</span> <span class='ocrx_word' id='word_1_381' title='bbox 1843 793 2068 847; x_wconf 87' lang='lat' dir='ltr'>contigerit</span> <span class='ocrx_word' id='word_1_382' title='bbox 2085 794 2298 836; x_wconf 80' lang='lat' dir='ltr'>attentari.</span> <span class='ocrx_word' id='word_1_383' title='bbox 2333 797 2429 836; x_wconf 84' lang='lat' dir='ltr'>Non</span> 
     </span>
     <span class='ocr_line' id='line_1_66' title="bbox 1383 848 2431 907; baseline 0.004 -18"><span class='ocrx_word' id='word_1_384' title='bbox 1383 848 1632 892; x_wconf 82' lang='lat' dir='ltr'>obstantibus</span> <span class='ocrx_word' id='word_1_385' title='bbox 1654 849 1816 904; x_wconf 71' lang='lat' dir='ltr'>praefata</span> <span class='ocrx_word' id='word_1_386' title='bbox 1844 851 2170 907; x_wconf 83' lang='lat' dir='ltr'>GregoriiXIV.</span> <span class='ocrx_word' id='word_1_387' title='bbox 2200 850 2431 896; x_wconf 82' lang='lat' dir='ltr'>Praedeces-</span> 
     </span>
     <span class='ocr_line' id='line_1_67' title="bbox 1384 905 2433 962; baseline 0.006 -15"><span class='ocrx_word' id='word_1_388' title='bbox 1384 905 1482 947; x_wconf 89' lang='lat' dir='ltr'>soris</span> <span class='ocrx_word' id='word_1_389' title='bbox 1499 935 1514 956; x_wconf 89' lang='lat'>,</span> <span class='ocrx_word' id='word_1_390' title='bbox 1546 921 1593 949; x_wconf 90' lang='lat' dir='ltr'>ac</span> <span class='ocrx_word' id='word_1_391' title='bbox 1616 907 1820 962; x_wconf 83' lang='lat' dir='ltr'>quibusvis</span> <span class='ocrx_word' id='word_1_392' title='bbox 1847 908 1938 950; x_wconf 90' lang='lat' dir='ltr'>aliis</span> <span class='ocrx_word' id='word_1_393' title='bbox 1955 911 2330 953; x_wconf 88' lang='lat' dir='ltr'>Constitutionibus</span> <span class='ocrx_word' id='word_1_394' title='bbox 2345 940 2360 961; x_wconf 91' lang='lat'>,</span> <span class='ocrx_word' id='word_1_395' title='bbox 2391 912 2433 952; x_wconf 77' lang='grc' dir='ltr'>δι</span> 
     </span>
     <span class='ocr_line' id='line_1_68' title="bbox 1382 963 2432 1025; baseline 0.004 -21"><span class='ocrx_word' id='word_1_396' title='bbox 1382 963 1722 1007; x_wconf 87' lang='lat' dir='ltr'>Ordinationibus</span> <span class='ocrx_word' id='word_1_397' title='bbox 1749 964 1996 1019; x_wconf 82' lang='lat' dir='ltr'>Apostolicis</span> <span class='ocrx_word' id='word_1_398' title='bbox 2025 995 2040 1017; x_wconf 94' lang='lat'>,</span> <span class='ocrx_word' id='word_1_399' title='bbox 2071 968 2310 1025; x_wconf 65' lang='lat' dir='ltr'>caeterisque</span> <span class='ocrx_word' id='word_1_400' title='bbox 2337 984 2432 1012; x_wconf 88' lang='lat' dir='ltr'>con.</span> 
     </span>
     <span class='ocr_line' id='line_1_69' title="bbox 1384 1022 2432 1079; baseline 0.001 -13"><span class='ocrx_word' id='word_1_401' title='bbox 1384 1023 1521 1066; x_wconf 86' lang='lat' dir='ltr'>trariis</span> <span class='ocrx_word' id='word_1_402' title='bbox 1564 1022 1894 1079; x_wconf 87' lang='lat' dir='ltr'>quibuscunque.</span> <span class='ocrx_word' id='word_1_403' title='bbox 1930 1023 2128 1065; x_wconf 90' lang='lat' dir='ltr'>Volumus</span> <span class='ocrx_word' id='word_1_404' title='bbox 2175 1038 2311 1069; x_wconf 79' lang='lat' dir='ltr'>autem</span> <span class='ocrx_word' id='word_1_405' title='bbox 2339 1055 2354 1077; x_wconf 91' lang='lat'>,</span> <span class='ocrx_word' id='word_1_406' title='bbox 2383 1037 2432 1070; x_wconf 89' lang='lat' dir='ltr'>ut</span> 
     </span>
     <span class='ocr_line' id='line_1_70' title="bbox 1381 1080 2432 1141; baseline 0.006 -18"><span class='ocrx_word' id='word_1_407' title='bbox 1381 1080 1639 1139; x_wconf 86' lang='lat' dir='ltr'>praesentium</span> <span class='ocrx_word' id='word_1_408' title='bbox 1658 1081 1933 1135; x_wconf 83' lang='lat' dir='ltr'>transumptis,</span> <span class='ocrx_word' id='word_1_409' title='bbox 1947 1081 2074 1125; x_wconf 86' lang='lat' dir='ltr'>etiam</span> <span class='ocrx_word' id='word_1_410' title='bbox 2089 1084 2432 1141; x_wconf 81' lang='lat' dir='ltr'>impreffis,manu</span> 
     </span>
     <span class='ocr_line' id='line_1_71' title="bbox 1379 1139 2431 1199; baseline 0.003 -15"><span class='ocrx_word' id='word_1_411' title='bbox 1379 1139 1551 1197; x_wconf 88' lang='lat' dir='ltr'>alicujus</span> <span class='ocrx_word' id='word_1_412' title='bbox 1569 1141 1733 1183; x_wconf 83' lang='lat' dir='ltr'>Notarii</span> <span class='ocrx_word' id='word_1_413' title='bbox 1749 1139 1901 1196; x_wconf 84' lang='lat' dir='ltr'>publici</span> <span class='ocrx_word' id='word_1_414' title='bbox 1924 1139 2153 1197; x_wconf 88' lang='lat' dir='ltr'>subscriptis</span> <span class='ocrx_word' id='word_1_415' title='bbox 2171 1172 2186 1194; x_wconf 93' lang='lat'>,</span> <span class='ocrx_word' id='word_1_416' title='bbox 2219 1145 2260 1184; x_wconf 88' lang='lat'>&amp;</span> <span class='ocrx_word' id='word_1_417' title='bbox 2283 1144 2431 1199; x_wconf 66' lang='lat' dir='ltr'>sigillo</span> 
     </span>
     <span class='ocr_line' id='line_1_72' title="bbox 1380 1197 2430 1257; baseline 0.003 -15"><span class='ocrx_word' id='word_1_418' title='bbox 1380 1197 1583 1257; x_wconf 89' lang='lat' dir='ltr'>personae,</span> <span class='ocrx_word' id='word_1_419' title='bbox 1616 1199 1656 1241; x_wconf 88' lang='lat' dir='ltr'>in</span> <span class='ocrx_word' id='word_1_420' title='bbox 1672 1199 1873 1255; x_wconf 85' lang='lat' dir='ltr'>dignitate</span> <span class='ocrx_word' id='word_1_421' title='bbox 1891 1199 2170 1244; x_wconf 81' lang='lat' dir='ltr'>Ecclefiaffica</span> <span class='ocrx_word' id='word_1_422' title='bbox 2200 1203 2430 1245; x_wconf 74' lang='lat' dir='ltr'>constitute</span> 
     </span>
     <span class='ocr_line' id='line_1_73' title="bbox 1381 1256 2432 1315; baseline 0.004 -15"><span class='ocrx_word' id='word_1_423' title='bbox 1381 1259 1576 1310; x_wconf 85' lang='lat' dir='ltr'>munitis,</span> <span class='ocrx_word' id='word_1_424' title='bbox 1609 1258 1753 1301; x_wconf 87' lang='lat' dir='ltr'>eadem</span> <span class='ocrx_word' id='word_1_425' title='bbox 1771 1286 1785 1309; x_wconf 92' lang='lat'>,</span> <span class='ocrx_word' id='word_1_426' title='bbox 1815 1271 1902 1312; x_wconf 87' lang='lat' dir='ltr'>quae</span> <span class='ocrx_word' id='word_1_427' title='bbox 1915 1258 2178 1313; x_wconf 87' lang='lat' dir='ltr'>praesentibus</span> <span class='ocrx_word' id='word_1_428' title='bbox 2197 1261 2284 1315; x_wconf 76' lang='lat' dir='ltr'>ipsis</span> <span class='ocrx_word' id='word_1_429' title='bbox 2311 1256 2432 1304; x_wconf 81' lang='lat' dir='ltr'>adhi-</span> 
     </span>
     <span class='ocr_line' id='line_1_74' title="bbox 1379 1316 2429 1373; baseline 0.003 -13"><span class='ocrx_word' id='word_1_430' title='bbox 1379 1318 1576 1369; x_wconf 86' lang='lat' dir='ltr'>beretur,</span> <span class='ocrx_word' id='word_1_431' title='bbox 1591 1317 1691 1359; x_wconf 84' lang='lat' dir='ltr'>fides</span> <span class='ocrx_word' id='word_1_432' title='bbox 1705 1316 1964 1359; x_wconf 86' lang='lat' dir='ltr'>adhibeatur.</span> <span class='ocrx_word' id='word_1_433' title='bbox 1991 1321 2146 1361; x_wconf 84' lang='lat' dir='ltr'>Datum</span> <span class='ocrx_word' id='word_1_434' title='bbox 2164 1321 2304 1362; x_wconf 85' lang='lat' dir='ltr'>Romae</span> <span class='ocrx_word' id='word_1_435' title='bbox 2318 1320 2429 1373; x_wconf 78' lang='lat' dir='ltr'>apud</span> 
     </span>
     <span class='ocr_line' id='line_1_75' title="bbox 1383 1375 2432 1422; baseline 0.002 -2"><span class='ocrx_word' id='word_1_436' title='bbox 1383 1381 1424 1420; x_wconf 84' lang='lat' dir='ltr'>S.</span> <span class='ocrx_word' id='word_1_437' title='bbox 1442 1379 1610 1419; x_wconf 88' lang='lat' dir='ltr'>Petrum</span> <span class='ocrx_word' id='word_1_438' title='bbox 1637 1375 1709 1419; x_wconf 88' lang='lat' dir='ltr'>sub</span> <span class='ocrx_word' id='word_1_439' title='bbox 1729 1376 1893 1419; x_wconf 89' lang='lat' dir='ltr'>Annulo</span> <span class='ocrx_word' id='word_1_440' title='bbox 1917 1375 2130 1420; x_wconf 79' lang='lat' dir='ltr'>piscatoris</span> <span class='ocrx_word' id='word_1_441' title='bbox 2162 1377 2241 1421; x_wconf 88' lang='lat' dir='ltr'>Die</span> <span class='ocrx_word' id='word_1_442' title='bbox 2270 1393 2329 1420; x_wconf 83' lang='grc' dir='ltr'>ιι.</span> <span class='ocrx_word' id='word_1_443' title='bbox 2358 1382 2432 1422; x_wconf 79' lang='lat' dir='ltr'>Fe-</span> 
     </span>
     <span class='ocr_line' id='line_1_76' title="bbox 1380 1433 2430 1481; baseline 0.004 -4"><span class='ocrx_word' id='word_1_444' title='bbox 1380 1436 1531 1477; x_wconf 85' lang='lat' dir='ltr'>bruarii</span> <span class='ocrx_word' id='word_1_445' title='bbox 1548 1450 1668 1478; x_wconf 78' lang='lat' dir='ltr'>Moci</span> <span class='ocrx_word' id='word_1_446' title='bbox 1683 1451 1696 1477; x_wconf 86' lang='grc' dir='ltr'><strong><em>ι</em></strong></span> <span class='ocrx_word' id='word_1_447' title='bbox 1711 1449 1743 1477; x_wconf 87' lang='lat'>1.</span> <span class='ocrx_word' id='word_1_448' title='bbox 1761 1433 2032 1478; x_wconf 84' lang='lat' dir='ltr'>Pontificatus</span> <span class='ocrx_word' id='word_1_449' title='bbox 2048 1436 2323 1480; x_wconf 88' lang='lat' dir='ltr'>NostriAnno</span> <span class='ocrx_word' id='word_1_450' title='bbox 2343 1440 2430 1481; x_wconf 81' lang='lat' dir='ltr'>Un-</span> 
     </span>
    </p>
   </div>
   <div class='ocr_carea' id='block_1_12' title="bbox 1377 1492 2423 1607">
    <p class='ocr_par' dir='ltr' id='par_1_14' title="bbox 1377 1492 2423 1607">
     <span class='ocr_line' id='line_1_77' title="bbox 1377 1492 2423 1548; baseline 0.003 -13"><span class='ocrx_word' id='word_1_451' title='bbox 1377 1493 1565 1535; x_wconf 89' lang='lat' dir='ltr'>decimo.</span> <span class='ocrx_word' id='word_1_452' title='bbox 1606 1496 1663 1534; x_wconf 91' lang='lat' dir='ltr'>D.</span> <span class='ocrx_word' id='word_1_453' title='bbox 1714 1492 1875 1547; x_wconf 72' lang='lat' dir='ltr'>vestrim</span> <span class='ocrx_word' id='word_1_454' title='bbox 1911 1495 2167 1538; x_wconf 75' lang='lat' dir='ltr'>Barbianus.</span> <span class='ocrx_word' id='word_1_455' title='bbox 2227 1499 2324 1539; x_wconf 86' lang='lat' dir='ltr'>Loco</span> <span class='ocrx_word' id='word_1_456' title='bbox 2367 1497 2423 1548; x_wconf 51' lang='grc' dir='ltr'>ᾧ</span> 
     </span>
     <span class='ocr_line' id='line_1_78' title="bbox 1378 1549 1792 1607; baseline -0.007 -14"><span class='ocrx_word' id='word_1_457' title='bbox 1378 1551 1529 1593; x_wconf 67' lang='lat' dir='ltr'>Annali</span> <span class='ocrx_word' id='word_1_458' title='bbox 1561 1549 1767 1607; x_wconf 69' lang='lat' dir='ltr'>Pssatoris</span> <span class='ocrx_word' id='word_1_459' title='bbox 1780 1579 1792 1590; x_wconf 88' lang='lat'><strong>.</strong></span> 
     </span>
    </p>
   </div>
   <div class='ocr_carea' id='block_1_13' title="bbox 1373 1607 2431 3776">
    <p class='ocr_par' dir='ltr' id='par_1_15' title="bbox 1373 1607 2431 3776">
     <span class='ocr_line' id='line_1_79' title="bbox 1431 1607 2430 1656; baseline 0.005 -9"><span class='ocrx_word' id='word_1_460' title='bbox 1431 1611 1541 1649; x_wconf 88' lang='lat' dir='ltr'>Cum</span> <span class='ocrx_word' id='word_1_461' title='bbox 1557 1612 1650 1648; x_wconf 72' lang='lat' dir='ltr'>aute</span> <span class='ocrx_word' id='word_1_462' title='bbox 1663 1635 1677 1656; x_wconf 88' lang='lat'>,</span> <span class='ocrx_word' id='word_1_463' title='bbox 1695 1607 1794 1648; x_wconf 88' lang='lat' dir='ltr'>ficut</span> <span class='ocrx_word' id='word_1_464' title='bbox 1813 1607 1986 1652; x_wconf 62' lang='lat' dir='ltr'>dilectus</span> <span class='ocrx_word' id='word_1_465' title='bbox 2007 1612 2430 1656; x_wconf 79' lang='lat' dir='ltr'>FiliusBonaventura.</span> 
     </span>
     <span class='ocr_line' id='line_1_80' title="bbox 1375 1663 2431 1711; baseline 0.005 -6"><span class='ocrx_word' id='word_1_466' title='bbox 1375 1665 1396 1705; x_wconf 73' lang='grc' dir='ltr'>εὶ</span> <span class='ocrx_word' id='word_1_467' title='bbox 1414 1663 1601 1706; x_wconf 85' lang='lat' dir='ltr'>Ferraria</span> <span class='ocrx_word' id='word_1_468' title='bbox 1619 1663 1802 1706; x_wconf 85' lang='lat' dir='ltr'>Minister</span> <span class='ocrx_word' id='word_1_469' title='bbox 1823 1666 2042 1707; x_wconf 78' lang='lat' dir='ltr'>Generalis</span> <span class='ocrx_word' id='word_1_470' title='bbox 2056 1670 2222 1710; x_wconf 86' lang='lat' dir='ltr'>Ordinis</span> <span class='ocrx_word' id='word_1_471' title='bbox 2241 1673 2431 1711; x_wconf 78' lang='lat' dir='ltr'>Fratrum</span> 
     </span>
     <span class='ocr_line' id='line_1_81' title="bbox 1373 1722 2429 1780; baseline 0.001 -14"><span class='ocrx_word' id='word_1_472' title='bbox 1373 1723 1581 1766; x_wconf 88' lang='lat' dir='ltr'>Minorum</span> <span class='ocrx_word' id='word_1_473' title='bbox 1616 1722 1753 1764; x_wconf 73' lang='lat' dir='ltr'>Sant‘ti</span> <span class='ocrx_word' id='word_1_474' title='bbox 1782 1723 1981 1765; x_wconf 78' lang='lat' dir='ltr'>Francis‘ci</span> <span class='ocrx_word' id='word_1_475' title='bbox 2001 1727 2307 1780; x_wconf 85' lang='lat' dir='ltr'>Capucinorum</span> <span class='ocrx_word' id='word_1_476' title='bbox 2323 1739 2429 1768; x_wconf 82' lang='lat' dir='ltr'>nun-</span> 
     </span>
     <span class='ocr_line' id='line_1_82' title="bbox 1375 1782 2428 1841; baseline 0.004 -18"><span class='ocrx_word' id='word_1_477' title='bbox 1375 1791 1561 1837; x_wconf 86' lang='lat' dir='ltr'>cupator.</span> <span class='ocrx_word' id='word_1_478' title='bbox 1595 1782 1724 1824; x_wconf 88' lang='lat' dir='ltr'>Nobis</span> <span class='ocrx_word' id='word_1_479' title='bbox 1772 1794 1906 1837; x_wconf 90' lang='lat' dir='ltr'>nuper</span> <span class='ocrx_word' id='word_1_480' title='bbox 1943 1785 2089 1838; x_wconf 84' lang='lat' dir='ltr'>exponi</span> <span class='ocrx_word' id='word_1_481' title='bbox 2121 1782 2218 1827; x_wconf 89' lang='lat' dir='ltr'>fecit</span> <span class='ocrx_word' id='word_1_482' title='bbox 2234 1814 2248 1835; x_wconf 83' lang='lat'>,</span> <span class='ocrx_word' id='word_1_483' title='bbox 2280 1785 2428 1841; x_wconf 70' lang='lat' dir='ltr'>juxta.»</span> 
     </span>
     <span class='ocr_line' id='line_1_83' title="bbox 1376 1839 2426 1900; baseline 0.002 -18"><span class='ocrx_word' id='word_1_484' title='bbox 1376 1839 1580 1897; x_wconf 89' lang='lat' dir='ltr'>quoddam</span> <span class='ocrx_word' id='word_1_485' title='bbox 1601 1843 1826 1883; x_wconf 91' lang='lat' dir='ltr'>Decretum</span> <span class='ocrx_word' id='word_1_486' title='bbox 1842 1840 2022 1882; x_wconf 88' lang='lat' dir='ltr'>nostrum</span> <span class='ocrx_word' id='word_1_487' title='bbox 2037 1872 2052 1893; x_wconf 87' lang='lat'>,</span> <span class='ocrx_word' id='word_1_488' title='bbox 2068 1842 2148 1886; x_wconf 81' lang='lat' dir='ltr'>live</span> <span class='ocrx_word' id='word_1_489' title='bbox 2171 1858 2247 1900; x_wconf 89' lang='lat' dir='ltr'>per</span> <span class='ocrx_word' id='word_1_490' title='bbox 2269 1844 2426 1885; x_wconf 82' lang='lat' dir='ltr'>nostras</span> 
     </span>
     <span class='ocr_line' id='line_1_84' title="bbox 1376 1897 2431 1956; baseline 0.002 -15"><span class='ocrx_word' id='word_1_491' title='bbox 1376 1900 1532 1956; x_wconf 89' lang='lat' dir='ltr'>pariter</span> <span class='ocrx_word' id='word_1_492' title='bbox 1550 1899 1591 1941; x_wconf 89' lang='lat' dir='ltr'>in</span> <span class='ocrx_word' id='word_1_493' title='bbox 1608 1897 1734 1942; x_wconf 84' lang='lat' dir='ltr'>forma</span> <span class='ocrx_word' id='word_1_494' title='bbox 1750 1899 1894 1941; x_wconf 87' lang='lat' dir='ltr'>Brevis</span> <span class='ocrx_word' id='word_1_495' title='bbox 1909 1902 2119 1955; x_wconf 84' lang='lat' dir='ltr'>expeditas</span> <span class='ocrx_word' id='word_1_496' title='bbox 2135 1901 2295 1953; x_wconf 79' lang='lat' dir='ltr'>literas,</span> <span class='ocrx_word' id='word_1_497' title='bbox 2313 1900 2431 1944; x_wconf 82' lang='lat' dir='ltr'>Diffi-</span> 
     </span>
     <span class='ocr_line' id='line_1_85' title="bbox 1374 1957 2431 2003; baseline 0.001 -1"><span class='ocrx_word' id='word_1_498' title='bbox 1374 1957 1572 2002; x_wconf 87' lang='lat' dir='ltr'>nitorium</span> <span class='ocrx_word' id='word_1_499' title='bbox 1606 1958 1815 2001; x_wconf 88' lang='lat' dir='ltr'>Generale</span> <span class='ocrx_word' id='word_1_500' title='bbox 1838 1957 1934 1999; x_wconf 65' lang='lat' dir='ltr'>dieti</span> <span class='ocrx_word' id='word_1_501' title='bbox 1957 1959 2127 2003; x_wconf 87' lang='lat' dir='ltr'>Ordinis</span> <span class='ocrx_word' id='word_1_502' title='bbox 2163 1961 2199 2002; x_wconf 91' lang='lat' dir='ltr'>in</span> <span class='ocrx_word' id='word_1_503' title='bbox 2218 1962 2291 2002; x_wconf 86' lang='lat' dir='ltr'>hac</span> <span class='ocrx_word' id='word_1_504' title='bbox 2311 1961 2431 2003; x_wconf 75' lang='lat' dir='ltr'>Alma</span> 
     </span>
     <span class='ocr_line' id='line_1_86' title="bbox 1378 2015 2425 2072; baseline 0.003 -14"><span class='ocrx_word' id='word_1_505' title='bbox 1378 2017 1491 2062; x_wconf 88' lang='lat' dir='ltr'>Urbe</span> <span class='ocrx_word' id='word_1_506' title='bbox 1520 2015 1649 2059; x_wconf 88' lang='lat' dir='ltr'>nostra</span> <span class='ocrx_word' id='word_1_507' title='bbox 1673 2018 1726 2058; x_wconf 92' lang='lat' dir='ltr'>de</span> <span class='ocrx_word' id='word_1_508' title='bbox 1756 2016 1939 2072; x_wconf 86' lang='lat' dir='ltr'>praesenti</span> <span class='ocrx_word' id='word_1_509' title='bbox 1970 2018 2169 2071; x_wconf 81' lang='lat' dir='ltr'>resideat,</span> <span class='ocrx_word' id='word_1_510' title='bbox 2200 2020 2237 2060; x_wconf 87' lang='lat'>&amp;</span> <span class='ocrx_word' id='word_1_511' title='bbox 2264 2019 2322 2060; x_wconf 90' lang='lat' dir='ltr'>bis</span> <span class='ocrx_word' id='word_1_512' title='bbox 2350 2019 2425 2061; x_wconf 75' lang='lat' dir='ltr'>in..-</span> 
     </span>
     <span class='ocr_line' id='line_1_87' title="bbox 1375 2074 2426 2132; baseline 0 -14"><span class='ocrx_word' id='word_1_513' title='bbox 1375 2075 1634 2118; x_wconf 90' lang='lat' dir='ltr'>hebdomada</span> <span class='ocrx_word' id='word_1_514' title='bbox 1678 2074 1916 2132; x_wconf 87' lang='lat' dir='ltr'>plerumque</span> <span class='ocrx_word' id='word_1_515' title='bbox 1948 2088 2023 2131; x_wconf 89' lang='lat' dir='ltr'>pro</span> <span class='ocrx_word' id='word_1_516' title='bbox 2054 2076 2319 2120; x_wconf 83' lang='lat' dir='ltr'>discutiendis</span> <span class='ocrx_word' id='word_1_517' title='bbox 2337 2105 2351 2128; x_wconf 93' lang='lat'>,</span> <span class='ocrx_word' id='word_1_518' title='bbox 2385 2078 2426 2118; x_wconf 88' lang='lat'>&amp;</span> 
     </span>
     <span class='ocr_line' id='line_1_88' title="bbox 1376 2133 2427 2191; baseline -0.001 -14"><span class='ocrx_word' id='word_1_519' title='bbox 1376 2134 1626 2177; x_wconf 85' lang='lat' dir='ltr'>resolvendis</span> <span class='ocrx_word' id='word_1_520' title='bbox 1657 2134 1777 2178; x_wconf 86' lang='lat' dir='ltr'>rebus</span> <span class='ocrx_word' id='word_1_521' title='bbox 1793 2133 1960 2177; x_wconf 89' lang='lat' dir='ltr'>Ordinis</span> <span class='ocrx_word' id='word_1_522' title='bbox 1979 2135 2205 2191; x_wconf 78' lang='lat' dir='ltr'>hujusmodi</span> <span class='ocrx_word' id='word_1_523' title='bbox 2222 2137 2390 2178; x_wconf 88' lang='lat' dir='ltr'>uniatur</span> <span class='ocrx_word' id='word_1_524' title='bbox 2409 2163 2427 2185; x_wconf 86' lang='lat'>,</span> 
     </span>
     <span class='ocr_line' id='line_1_89' title="bbox 1374 2193 2425 2237; baseline -0.001 -2"><span class='ocrx_word' id='word_1_525' title='bbox 1374 2193 1501 2236; x_wconf 74' lang='lat' dir='ltr'>dic‘tus</span> <span class='ocrx_word' id='word_1_526' title='bbox 1520 2195 1619 2236; x_wconf 77' lang='lat' dir='ltr'>vero</span> <span class='ocrx_word' id='word_1_527' title='bbox 1636 2196 1920 2236; x_wconf 87' lang='lat' dir='ltr'>Bonaventura</span> <span class='ocrx_word' id='word_1_528' title='bbox 1933 2194 2119 2237; x_wconf 82' lang='lat' dir='ltr'>Minister</span> <span class='ocrx_word' id='word_1_529' title='bbox 2150 2195 2368 2237; x_wconf 88' lang='lat' dir='ltr'>Generalis</span> <span class='ocrx_word' id='word_1_530' title='bbox 2383 2194 2425 2235; x_wconf 82' lang='lat' dir='ltr'>in</span> 
     </span>
     <span class='ocr_line' id='line_1_90' title="bbox 1374 2252 2428 2304; baseline -0.001 -10"><span class='ocrx_word' id='word_1_531' title='bbox 1374 2253 1464 2295; x_wconf 88' lang='lat' dir='ltr'>dies</span> <span class='ocrx_word' id='word_1_532' title='bbox 1497 2254 1546 2295; x_wconf 88' lang='lat' dir='ltr'>ab</span> <span class='ocrx_word' id='word_1_533' title='bbox 1578 2252 1838 2304; x_wconf 84' lang='lat' dir='ltr'>Ordinariis,</span> <span class='ocrx_word' id='word_1_534' title='bbox 1870 2267 1916 2295; x_wconf 91' lang='lat' dir='ltr'>ac</span> <span class='ocrx_word' id='word_1_535' title='bbox 1945 2254 2355 2303; x_wconf 77' lang='lat' dir='ltr'>communitatibus,</span> <span class='ocrx_word' id='word_1_536' title='bbox 2386 2253 2428 2293; x_wconf 78' lang='grc' dir='ltr'>δε</span> 
     </span>
     <span class='ocr_line' id='line_1_91' title="bbox 1373 2311 2424 2363; baseline -0.001 -10"><span class='ocrx_word' id='word_1_537' title='bbox 1373 2312 1606 2353; x_wconf 90' lang='lat' dir='ltr'>hominibus</span> <span class='ocrx_word' id='word_1_538' title='bbox 1650 2312 1941 2354; x_wconf 87' lang='lat' dir='ltr'>nonnullorum</span> <span class='ocrx_word' id='word_1_539' title='bbox 1973 2311 2193 2363; x_wconf 88' lang='lat' dir='ltr'>locorum,</span> <span class='ocrx_word' id='word_1_540' title='bbox 2226 2325 2424 2354; x_wconf 50' lang='lat' dir='ltr'>necnon„</span> 
     </span>
     <span class='ocr_line' id='line_1_92' title="bbox 1373 2369 2430 2426; baseline 0 -15"><span class='ocrx_word' id='word_1_541' title='bbox 1373 2370 1512 2412; x_wconf 82' lang='lat' dir='ltr'>multis</span> <span class='ocrx_word' id='word_1_542' title='bbox 1530 2371 1832 2413; x_wconf 86' lang='lat' dir='ltr'>honorabilibus</span> <span class='ocrx_word' id='word_1_543' title='bbox 1851 2369 2024 2412; x_wconf 84' lang='lat' dir='ltr'>Familiis</span> <span class='ocrx_word' id='word_1_544' title='bbox 2042 2371 2303 2426; x_wconf 88' lang='lat' dir='ltr'>efflagitetur</span> <span class='ocrx_word' id='word_1_545' title='bbox 2326 2399 2342 2420; x_wconf 92' lang='lat'>,</span> <span class='ocrx_word' id='word_1_546' title='bbox 2382 2378 2430 2411; x_wconf 85' lang='lat' dir='ltr'>ut</span> 
     </span>
     <span class='ocr_line' id='line_1_93' title="bbox 1375 2428 2430 2485; baseline 0 -15"><span class='ocrx_word' id='word_1_547' title='bbox 1375 2431 1544 2472; x_wconf 85' lang='lat' dir='ltr'>Fratres</span> <span class='ocrx_word' id='word_1_548' title='bbox 1562 2428 1736 2485; x_wconf 69' lang='lat' dir='ltr'>praediffi</span> <span class='ocrx_word' id='word_1_549' title='bbox 1765 2429 1928 2472; x_wconf 90' lang='lat' dir='ltr'>Ordinis</span> <span class='ocrx_word' id='word_1_550' title='bbox 1949 2430 2280 2472; x_wconf 77' lang='lat' dir='ltr'>sacramentales</span> <span class='ocrx_word' id='word_1_551' title='bbox 2295 2428 2430 2471; x_wconf 84' lang='lat' dir='ltr'>Chri-</span> 
     </span>
     <span class='ocr_line' id='line_1_94' title="bbox 1375 2486 2427 2545; baseline -0.001 -17"><span class='ocrx_word' id='word_1_552' title='bbox 1375 2486 1611 2531; x_wconf 86' lang='lat' dir='ltr'>stifidelium</span> <span class='ocrx_word' id='word_1_553' title='bbox 1641 2486 1907 2530; x_wconf 83' lang='lat' dir='ltr'>confeffiones</span> <span class='ocrx_word' id='word_1_554' title='bbox 1942 2490 2134 2545; x_wconf 88' lang='lat' dir='ltr'>excipere</span> <span class='ocrx_word' id='word_1_555' title='bbox 2165 2488 2342 2544; x_wconf 85' lang='lat' dir='ltr'>poffint,</span> <span class='ocrx_word' id='word_1_556' title='bbox 2381 2499 2427 2529; x_wconf 91' lang='lat' dir='ltr'>ac</span> 
     </span>
     <span class='ocr_line' id='line_1_95' title="bbox 1377 2546 2431 2604; baseline -0.001 -16"><span class='ocrx_word' id='word_1_557' title='bbox 1377 2546 1552 2603; x_wconf 84' lang='lat' dir='ltr'>proinde</span> <span class='ocrx_word' id='word_1_558' title='bbox 1569 2548 1606 2588; x_wconf 90' lang='lat' dir='ltr'>in</span> <span class='ocrx_word' id='word_1_559' title='bbox 1625 2546 1856 2603; x_wconf 66' lang='lat' dir='ltr'>praemiffiszi</span> <span class='ocrx_word' id='word_1_560' title='bbox 1875 2547 2003 2589; x_wconf 90' lang='lat' dir='ltr'>Nobis</span> <span class='ocrx_word' id='word_1_561' title='bbox 2020 2547 2431 2604; x_wconf 84' lang='lat' dir='ltr'>provideri,summo-</span> 
     </span>
     <span class='ocr_line' id='line_1_96' title="bbox 1381 2604 2428 2663; baseline 0 -16"><span class='ocrx_word' id='word_1_562' title='bbox 1381 2606 1478 2662; x_wconf 72' lang='lat' dir='ltr'>pere</span> <span class='ocrx_word' id='word_1_563' title='bbox 1502 2605 1707 2649; x_wconf 73' lang='lat' dir='ltr'>desideret</span> <span class='ocrx_word' id='word_1_564' title='bbox 1733 2635 1746 2648; x_wconf 86' lang='lat'><em>.</em></span> <span class='ocrx_word' id='word_1_565' title='bbox 1779 2610 1867 2650; x_wconf 86' lang='lat' dir='ltr'>Nos</span> <span class='ocrx_word' id='word_1_566' title='bbox 1898 2604 2026 2663; x_wconf 90' lang='lat' dir='ltr'>ipsum</span> <span class='ocrx_word' id='word_1_567' title='bbox 2056 2608 2396 2650; x_wconf 87' lang='lat' dir='ltr'>Bonaventuram</span> <span class='ocrx_word' id='word_1_568' title='bbox 2411 2631 2428 2654; x_wconf 86' lang='lat'>,</span> 
     </span>
     <span class='ocr_line' id='line_1_97' title="bbox 1379 2663 2429 2722; baseline -0.004 -15"><span class='ocrx_word' id='word_1_569' title='bbox 1379 2665 1613 2708; x_wconf 88' lang='lat' dir='ltr'>Ministrum</span> <span class='ocrx_word' id='word_1_570' title='bbox 1627 2666 1902 2716; x_wconf 87' lang='lat' dir='ltr'>Generalem,</span> <span class='ocrx_word' id='word_1_571' title='bbox 1935 2664 2176 2722; x_wconf 82' lang='lat' dir='ltr'>specialibus</span> <span class='ocrx_word' id='word_1_572' title='bbox 2196 2663 2397 2708; x_wconf 87' lang='lat' dir='ltr'>favoribus</span> <span class='ocrx_word' id='word_1_573' title='bbox 2411 2691 2429 2712; x_wconf 93' lang='lat'>,</span> 
     </span>
     <span class='ocr_line' id='line_1_98' title="bbox 1376 2720 2429 2780; baseline -0.005 -14"><span class='ocrx_word' id='word_1_574' title='bbox 1376 2725 1416 2766; x_wconf 85' lang='lat'>&amp;</span> <span class='ocrx_word' id='word_1_575' title='bbox 1446 2725 1586 2779; x_wconf 87' lang='lat' dir='ltr'>gratiis</span> <span class='ocrx_word' id='word_1_576' title='bbox 1618 2722 1804 2780; x_wconf 81' lang='lat' dir='ltr'>prosequi</span> <span class='ocrx_word' id='word_1_577' title='bbox 1839 2725 2033 2768; x_wconf 88' lang='lat' dir='ltr'>volentes</span> <span class='ocrx_word' id='word_1_578' title='bbox 2048 2755 2064 2775; x_wconf 87' lang='grc'>,</span> <span class='ocrx_word' id='word_1_579' title='bbox 2098 2725 2135 2765; x_wconf 67' lang='grc'>8(</span> <span class='ocrx_word' id='word_1_580' title='bbox 2172 2725 2193 2766; x_wconf 74' lang='lat' dir='ltr'>a</span> <span class='ocrx_word' id='word_1_581' title='bbox 2224 2720 2429 2779; x_wconf 87' lang='lat' dir='ltr'>quibusvis</span> 
     </span>
     <span class='ocr_line' id='line_1_99' title="bbox 1378 2782 2429 2837; baseline -0.005 -12"><span class='ocrx_word' id='word_1_582' title='bbox 1378 2783 1850 2831; x_wconf 82' lang='lat' dir='ltr'>Excommunicationis,</span> <span class='ocrx_word' id='word_1_583' title='bbox 1881 2783 2154 2837; x_wconf 77' lang='lat' dir='ltr'>Suspensionis</span> <span class='ocrx_word' id='word_1_584' title='bbox 2183 2812 2196 2833; x_wconf 88' lang='lat'>,</span> <span class='ocrx_word' id='word_1_585' title='bbox 2228 2784 2265 2823; x_wconf 89' lang='lat'>&amp;</span> <span class='ocrx_word' id='word_1_586' title='bbox 2299 2782 2429 2822; x_wconf 90' lang='lat' dir='ltr'>inter-</span> 
     </span>
     <span class='ocr_line' id='line_1_100' title="bbox 1376 2838 2429 2897; baseline -0.005 -13"><span class='ocrx_word' id='word_1_587' title='bbox 1376 2841 1468 2884; x_wconf 68' lang='lat' dir='ltr'>dieti</span> <span class='ocrx_word' id='word_1_588' title='bbox 1483 2871 1499 2892; x_wconf 90' lang='lat'>,</span> <span class='ocrx_word' id='word_1_589' title='bbox 1531 2841 1699 2897; x_wconf 89' lang='lat' dir='ltr'>aliisque</span> <span class='ocrx_word' id='word_1_590' title='bbox 1717 2838 2007 2883; x_wconf 82' lang='lat' dir='ltr'>Ecclefiasticis</span> <span class='ocrx_word' id='word_1_591' title='bbox 2024 2841 2231 2884; x_wconf 87' lang='lat' dir='ltr'>sententiis</span> <span class='ocrx_word' id='word_1_592' title='bbox 2249 2869 2263 2891; x_wconf 92' lang='lat'>,</span> <span class='ocrx_word' id='word_1_593' title='bbox 2285 2838 2429 2882; x_wconf 83' lang='lat' dir='ltr'>censu·-</span> 
     </span>
     <span class='ocr_line' id='line_1_101' title="bbox 1376 2898 2425 2956; baseline -0.004 -13"><span class='ocrx_word' id='word_1_594' title='bbox 1376 2902 1436 2943; x_wconf 91' lang='lat' dir='ltr'>ris</span> <span class='ocrx_word' id='word_1_595' title='bbox 1452 2930 1467 2951; x_wconf 89' lang='lat'>,</span> <span class='ocrx_word' id='word_1_596' title='bbox 1499 2901 1540 2941; x_wconf 88' lang='lat'>&amp;</span> <span class='ocrx_word' id='word_1_597' title='bbox 1564 2901 1694 2956; x_wconf 89' lang='lat' dir='ltr'>poenis</span> <span class='ocrx_word' id='word_1_598' title='bbox 1709 2900 1850 2956; x_wconf 74' lang='lat' dir='ltr'>:iJure</span> <span class='ocrx_word' id='word_1_599' title='bbox 1865 2927 1880 2950; x_wconf 90' lang='lat'>,</span> <span class='ocrx_word' id='word_1_600' title='bbox 1913 2898 1976 2940; x_wconf 88' lang='lat' dir='ltr'>vcl</span> <span class='ocrx_word' id='word_1_601' title='bbox 1997 2901 2047 2941; x_wconf 88' lang='lat' dir='ltr'>ab</span> <span class='ocrx_word' id='word_1_602' title='bbox 2065 2901 2259 2950; x_wconf 76' lang='lat' dir='ltr'>homine,</span> <span class='ocrx_word' id='word_1_603' title='bbox 2283 2898 2425 2954; x_wconf 85' lang='lat' dir='ltr'>quavis</span> 
     </span>
     <span class='ocr_line' id='line_1_102' title="bbox 1381 2957 2426 3014; baseline -0.003 -12"><span class='ocrx_word' id='word_1_604' title='bbox 1381 2958 1596 3002; x_wconf 77' lang='lat' dir='ltr'>occasione</span> <span class='ocrx_word' id='word_1_605' title='bbox 1612 2988 1627 3010; x_wconf 92' lang='lat'>,</span> <span class='ocrx_word' id='word_1_606' title='bbox 1659 2959 1726 3001; x_wconf 91' lang='lat' dir='ltr'>vel</span> <span class='ocrx_word' id='word_1_607' title='bbox 1752 2957 1866 3000; x_wconf 87' lang='lat' dir='ltr'>causa</span> <span class='ocrx_word' id='word_1_608' title='bbox 1897 2959 1986 3001; x_wconf 88' lang='lat' dir='ltr'>latis</span> <span class='ocrx_word' id='word_1_609' title='bbox 2006 2987 2019 3009; x_wconf 88' lang='lat'>,</span> <span class='ocrx_word' id='word_1_610' title='bbox 2049 2960 2074 2999; x_wconf 87' lang='lat' dir='ltr'>fi</span> <span class='ocrx_word' id='word_1_611' title='bbox 2090 2959 2238 3012; x_wconf 86' lang='lat' dir='ltr'>quibus</span> <span class='ocrx_word' id='word_1_612' title='bbox 2255 2971 2426 3014; x_wconf 89' lang='lat' dir='ltr'>quomo-</span> 
     </span>
     <span class='ocr_line' id='line_1_103' title="bbox 1380 3014 2422 3070; baseline -0.005 -10"><span class='ocrx_word' id='word_1_613' title='bbox 1380 3018 1537 3060; x_wconf 87' lang='lat' dir='ltr'>dolibet</span> <span class='ocrx_word' id='word_1_614' title='bbox 1562 3018 1774 3063; x_wconf 83' lang='lat' dir='ltr'>innodatus</span> <span class='ocrx_word' id='word_1_615' title='bbox 1794 3016 1926 3058; x_wconf 85' lang='lat' dir='ltr'>existit</span> <span class='ocrx_word' id='word_1_616' title='bbox 1942 3046 1955 3068; x_wconf 86' lang='lat'>,</span> <span class='ocrx_word' id='word_1_617' title='bbox 1987 3016 2035 3058; x_wconf 90' lang='lat' dir='ltr'>ad</span> <span class='ocrx_word' id='word_1_618' title='bbox 2052 3017 2235 3059; x_wconf 56' lang='lat' dir='ltr'>effestum</span> <span class='ocrx_word' id='word_1_619' title='bbox 2251 3014 2422 3070; x_wconf 89' lang='lat' dir='ltr'>praesen-</span> 
     </span>
     <span class='ocr_line' id='line_1_104' title="bbox 1379 3072 2425 3131; baseline -0.006 -12"><span class='ocrx_word' id='word_1_620' title='bbox 1379 3078 1481 3120; x_wconf 89' lang='lat' dir='ltr'>tium</span> <span class='ocrx_word' id='word_1_621' title='bbox 1496 3077 1654 3119; x_wconf 80' lang='lat' dir='ltr'>tantum</span> <span class='ocrx_word' id='word_1_622' title='bbox 1671 3075 2166 3131; x_wconf 70' lang='lat' dir='ltr'>consequendum2harum</span> <span class='ocrx_word' id='word_1_623' title='bbox 2182 3075 2281 3116; x_wconf 89' lang='lat' dir='ltr'>serie</span> <span class='ocrx_word' id='word_1_624' title='bbox 2296 3072 2425 3116; x_wconf 88' lang='lat' dir='ltr'>absol-</span> 
     </span>
     <span class='ocr_line' id='line_1_105' title="bbox 1378 3131 2425 3188; baseline -0.006 -10"><span class='ocrx_word' id='word_1_625' title='bbox 1378 3146 1521 3178; x_wconf 88' lang='lat' dir='ltr'>ventes</span> <span class='ocrx_word' id='word_1_626' title='bbox 1536 3164 1549 3187; x_wconf 88' lang='lat'>,</span> <span class='ocrx_word' id='word_1_627' title='bbox 1580 3138 1617 3177; x_wconf 89' lang='lat'>&amp;</span> <span class='ocrx_word' id='word_1_628' title='bbox 1634 3134 1863 3178; x_wconf 90' lang='lat' dir='ltr'>absolutum</span> <span class='ocrx_word' id='word_1_629' title='bbox 1882 3132 1970 3175; x_wconf 86' lang='lat' dir='ltr'>fore</span> <span class='ocrx_word' id='word_1_630' title='bbox 1985 3133 2201 3176; x_wconf 88' lang='lat' dir='ltr'>censentes</span> <span class='ocrx_word' id='word_1_631' title='bbox 2228 3164 2242 3184; x_wconf 86' lang='lat'>,</span> <span class='ocrx_word' id='word_1_632' title='bbox 2277 3131 2425 3188; x_wconf 85' lang='lat' dir='ltr'>suppli-</span> 
     </span>
     <span class='ocr_line' id='line_1_106' title="bbox 1377 3191 2424 3248; baseline -0.008 -11"><span class='ocrx_word' id='word_1_633' title='bbox 1377 3194 1606 3238; x_wconf 86' lang='lat' dir='ltr'>cationibus</span> <span class='ocrx_word' id='word_1_634' title='bbox 1619 3193 1705 3248; x_wconf 79' lang='lat' dir='ltr'>ejus</span> <span class='ocrx_word' id='word_1_635' title='bbox 1721 3192 2038 3242; x_wconf 87' lang='lat' dir='ltr'>nomine,Nobis</span> <span class='ocrx_word' id='word_1_636' title='bbox 2053 3192 2175 3248; x_wconf 87' lang='lat' dir='ltr'>super</span> <span class='ocrx_word' id='word_1_637' title='bbox 2197 3193 2275 3234; x_wconf 91' lang='lat' dir='ltr'>hoc</span> <span class='ocrx_word' id='word_1_638' title='bbox 2292 3191 2424 3232; x_wconf 85' lang='lat' dir='ltr'>humi-</span> 
     </span>
     <span class='ocr_line' id='line_1_107' title="bbox 1378 3250 2424 3309; baseline -0.007 -14"><span class='ocrx_word' id='word_1_639' title='bbox 1378 3253 1478 3295; x_wconf 89' lang='lat' dir='ltr'>liter</span> <span class='ocrx_word' id='word_1_640' title='bbox 1490 3254 1686 3309; x_wconf 67' lang='lat' dir='ltr'>pot-restis</span> <span class='ocrx_word' id='word_1_641' title='bbox 1703 3251 1880 3294; x_wconf 87' lang='lat' dir='ltr'>inclinati</span> <span class='ocrx_word' id='word_1_642' title='bbox 1901 3279 1915 3303; x_wconf 91' lang='lat'>,</span> <span class='ocrx_word' id='word_1_643' title='bbox 1947 3250 2085 3294; x_wconf 86' lang='lat' dir='ltr'>eidem</span> <span class='ocrx_word' id='word_1_644' title='bbox 2097 3255 2396 3294; x_wconf 87' lang='lat' dir='ltr'>Bonaventurae</span> <span class='ocrx_word' id='word_1_645' title='bbox 2408 3275 2424 3297; x_wconf 94' lang='lat'>,</span> 
     </span>
     <span class='ocr_line' id='line_1_108' title="bbox 1379 3305 2422 3368; baseline -0.007 -15"><span class='ocrx_word' id='word_1_646' title='bbox 1379 3313 1419 3353; x_wconf 78' lang='grc' dir='ltr'>δι</span> <span class='ocrx_word' id='word_1_647' title='bbox 1458 3326 1534 3368; x_wconf 88' lang='lat' dir='ltr'>pro</span> <span class='ocrx_word' id='word_1_648' title='bbox 1564 3323 1752 3368; x_wconf 90' lang='lat' dir='ltr'>tempore</span> <span class='ocrx_word' id='word_1_649' title='bbox 1783 3310 1967 3353; x_wconf 86' lang='lat' dir='ltr'>existenti</span> <span class='ocrx_word' id='word_1_650' title='bbox 2000 3311 2182 3353; x_wconf 78' lang='lat' dir='ltr'>Ministro</span> <span class='ocrx_word' id='word_1_651' title='bbox 2222 3305 2422 3351; x_wconf 85' lang='lat' dir='ltr'>Generali</span> 
     </span>
     <span class='ocr_line' id='line_1_109' title="bbox 1380 3366 2421 3429; baseline -0.007 -15"><span class='ocrx_word' id='word_1_652' title='bbox 1380 3369 1533 3429; x_wconf 84' lang='lat' dir='ltr'>praefati</span> <span class='ocrx_word' id='word_1_653' title='bbox 1553 3371 1716 3416; x_wconf 88' lang='lat' dir='ltr'>Ordinis</span> <span class='ocrx_word' id='word_1_654' title='bbox 1738 3399 1752 3422; x_wconf 92' lang='lat'>,</span> <span class='ocrx_word' id='word_1_655' title='bbox 1780 3381 1824 3412; x_wconf 93' lang='lat' dir='ltr'>ut</span> <span class='ocrx_word' id='word_1_656' title='bbox 1840 3369 1916 3411; x_wconf 72' lang='lat' dir='ltr'>una</span> <span class='ocrx_word' id='word_1_657' title='bbox 1931 3383 2020 3411; x_wconf 90' lang='lat' dir='ltr'>cum</span> <span class='ocrx_word' id='word_1_658' title='bbox 2056 3366 2307 3409; x_wconf 84' lang='lat' dir='ltr'>Diffinitorio</span> <span class='ocrx_word' id='word_1_659' title='bbox 2333 3368 2421 3408; x_wconf 83' lang='lat' dir='ltr'>Ge-</span> 
     </span>
     <span class='ocr_line' id='line_1_110' title="bbox 1382 3421 2422 3488; baseline -0.007 -15"><span class='ocrx_word' id='word_1_660' title='bbox 1382 3429 1511 3473; x_wconf 86' lang='lat' dir='ltr'>nerali</span> <span class='ocrx_word' id='word_1_661' title='bbox 1526 3459 1541 3481; x_wconf 82' lang='lat'>,</span> <span class='ocrx_word' id='word_1_662' title='bbox 1556 3428 1782 3488; x_wconf 83' lang='lat' dir='ltr'>hujusmodi</span> <span class='ocrx_word' id='word_1_663' title='bbox 1795 3424 2102 3484; x_wconf 75' lang='lat' dir='ltr'>petitione8,fibi</span> <span class='ocrx_word' id='word_1_664' title='bbox 2119 3421 2237 3480; x_wconf 90' lang='lat' dir='ltr'>super</span> <span class='ocrx_word' id='word_1_665' title='bbox 2252 3422 2422 3480; x_wconf 85' lang='lat' dir='ltr'>praemis·</span> 
     </span>
     <span class='ocr_line' id='line_1_111' title="bbox 1382 3483 2420 3543; baseline -0.005 -12"><span class='ocrx_word' id='word_1_666' title='bbox 1382 3489 1427 3531; x_wconf 89' lang='lat' dir='ltr'>fis</span> <span class='ocrx_word' id='word_1_667' title='bbox 1445 3487 1565 3534; x_wconf 62' lang='lat' dir='ltr'>factas</span> <span class='ocrx_word' id='word_1_668' title='bbox 1585 3488 1852 3543; x_wconf 78' lang='lat' dir='ltr'>expendere,</span> <span class='ocrx_word' id='word_1_669' title='bbox 1877 3487 1948 3534; x_wconf 73' lang='grc' dir='ltr'>δι,</span> <span class='ocrx_word' id='word_1_670' title='bbox 1976 3493 2175 3538; x_wconf 84' lang='lat' dir='ltr'>quatenus</span> <span class='ocrx_word' id='word_1_671' title='bbox 2204 3483 2293 3526; x_wconf 86' lang='lat' dir='ltr'>illas</span> <span class='ocrx_word' id='word_1_672' title='bbox 2321 3498 2420 3526; x_wconf 91' lang='lat' dir='ltr'>cou-</span> 
     </span>
     <span class='ocr_line' id='line_1_112' title="bbox 1382 3542 2419 3603; baseline -0.005 -14"><span class='ocrx_word' id='word_1_673' title='bbox 1382 3560 1575 3603; x_wconf 86' lang='lat' dir='ltr'>gruentes</span> <span class='ocrx_word' id='word_1_674' title='bbox 1592 3580 1607 3601; x_wconf 87' lang='grc'>,</span> <span class='ocrx_word' id='word_1_675' title='bbox 1630 3542 1916 3590; x_wconf 74' lang='lat' dir='ltr'>&amp;necessarias</span> <span class='ocrx_word' id='word_1_676' title='bbox 1939 3542 2144 3593; x_wconf 88' lang='lat' dir='ltr'>repererit</span> <span class='ocrx_word' id='word_1_677' title='bbox 2165 3572 2178 3593; x_wconf 83' lang='lat'>,</span> <span class='ocrx_word' id='word_1_678' title='bbox 2198 3542 2419 3598; x_wconf 87' lang='lat' dir='ltr'>praesertim</span> 
     </span>
     <span class='ocr_line' id='line_1_113' title="bbox 1376 3600 2420 3657; baseline -0.005 -10"><span class='ocrx_word' id='word_1_679' title='bbox 1376 3607 1415 3648; x_wconf 92' lang='lat' dir='ltr'>in</span> <span class='ocrx_word' id='word_1_680' title='bbox 1442 3607 1519 3649; x_wconf 88' lang='lat' dir='ltr'>illis</span> <span class='ocrx_word' id='word_1_681' title='bbox 1541 3609 1674 3657; x_wconf 91' lang='lat' dir='ltr'>locis,</span> <span class='ocrx_word' id='word_1_682' title='bbox 1705 3605 1772 3645; x_wconf 86' lang='lat' dir='ltr'>ubi</span> <span class='ocrx_word' id='word_1_683' title='bbox 1799 3604 2035 3644; x_wconf 89' lang='lat' dir='ltr'>Conventus</span> <span class='ocrx_word' id='word_1_684' title='bbox 2066 3600 2119 3643; x_wconf 89' lang='lat' dir='ltr'>sui</span> <span class='ocrx_word' id='word_1_685' title='bbox 2151 3603 2315 3644; x_wconf 89' lang='lat' dir='ltr'>Ordinis</span> <span class='ocrx_word' id='word_1_686' title='bbox 2330 3602 2420 3644; x_wconf 85' lang='lat' dir='ltr'>exi-</span> 
     </span>
     <span class='ocr_line' id='line_1_114' title="bbox 1377 3659 2416 3717; baseline -0.004 -10"><span class='ocrx_word' id='word_1_687' title='bbox 1377 3665 1479 3707; x_wconf 83' lang='lat' dir='ltr'>stunt</span> <span class='ocrx_word' id='word_1_688' title='bbox 1494 3695 1507 3717; x_wconf 96' lang='lat'>,</span> <span class='ocrx_word' id='word_1_689' title='bbox 1537 3666 1631 3706; x_wconf 91' lang='lat' dir='ltr'>&amp;in</span> <span class='ocrx_word' id='word_1_690' title='bbox 1648 3665 1706 3704; x_wconf 80' lang='lat' dir='ltr'>eis&#39;</span> <span class='ocrx_word' id='word_1_691' title='bbox 1727 3659 1969 3715; x_wconf 69' lang='lat' dir='ltr'>carten-oquin</span> <span class='ocrx_word' id='word_1_692' title='bbox 1995 3659 2322 3703; x_wconf 78' lang='lat' dir='ltr'>confessariorum</span> <span class='ocrx_word' id='word_1_693' title='bbox 2344 3673 2416 3717; x_wconf 90' lang='lat' dir='ltr'>pe-</span> 
     </span>
     <span class='ocr_line' id='line_1_115' title="bbox 1374 3717 2412 3776; baseline -0.006 -11"><span class='ocrx_word' id='word_1_694' title='bbox 1374 3725 1491 3766; x_wconf 86' lang='lat' dir='ltr'>nuria</span> <span class='ocrx_word' id='word_1_695' title='bbox 1508 3724 1646 3776; x_wconf 84' lang='lat' dir='ltr'>viget,</span> <span class='ocrx_word' id='word_1_696' title='bbox 1661 3717 1900 3774; x_wconf 86' lang='lat' dir='ltr'>potestatem</span> <span class='ocrx_word' id='word_1_697' title='bbox 1917 3719 2122 3761; x_wconf 85' lang='lat' dir='ltr'>Fratribus</span> <span class='ocrx_word' id='word_1_698' title='bbox 2135 3719 2300 3761; x_wconf 87' lang='lat' dir='ltr'>Ordinis</span> <span class='ocrx_word' id='word_1_699' title='bbox 2315 3733 2412 3774; x_wconf 84' lang='lat' dir='ltr'>prae-</span> 
     </span>
    </p>
   </div>
   <div class='ocr_carea' id='block_1_14' title="bbox 1377 3776 2409 3876">
    <p class='ocr_par' dir='ltr' id='par_1_16' title="bbox 1377 3776 2409 3876">
     <span class='ocr_line' id='line_1_116' title="bbox 1377 3776 2409 3874; baseline -0.008 -51"><span class='ocrx_word' id='word_1_700' title='bbox 1377 3781 1508 3832; x_wconf 84' lang='lat' dir='ltr'>fati‚in</span> <span class='ocrx_word' id='word_1_701' title='bbox 1526 3784 1651 3823; x_wconf 87' lang='lat' dir='ltr'>Sacro</span> <span class='ocrx_word' id='word_1_702' title='bbox 1665 3776 1975 3831; x_wconf 88' lang='lat' dir='ltr'>Presbyteratus</span> <span class='ocrx_word' id='word_1_703' title='bbox 1991 3777 2148 3821; x_wconf 90' lang='lat' dir='ltr'>Ordine</span> <span class='ocrx_word' id='word_1_704' title='bbox 2163 3777 2409 3874; x_wconf 79' lang='lat' dir='ltr'>constitudtis,</span> 
     </span>
     <span class='ocr_line' id='line_1_117' title="bbox 2233 3837 2321 3876; baseline 0.011 -1"><span class='ocrx_word' id='word_1_705' title='bbox 2233 3837 2272 3875; x_wconf 88' lang='lat'>&amp;</span> <span class='ocrx_word' id='word_1_706' title='bbox 2302 3850 2321 3876; x_wconf 82' lang='lat' dir='ltr'>a</span> 
     </span>
    </p>
   </div>
  </div>
 </body>
</html>
