2658 4244
979 246 1147 337 'Sub
1185 245 1418 366 Julio
1481 246 1615 334 III.
1647 318 1653 344 ς

227 376 437 432 gationem
472 378 658 419 Fratrum
679 372 731 416 de
761 365 1026 412 observantia
1057 378 1263 420 nuncupa-

230 448 366 478 torum
408 436 681 491 praedit‘torum
721 427 942 478 tranfitus3
969 423 1135 480 ipsisque
1165 425 1262 466 Fra-

179 515 181 518 ·
200 501 202 503 '
229 495 360 536 tribus
382 494 433 537 de
447 491 708 536 Observantia
725 485 960 541 nuncupatis
987 481 1256 526 eorumdem„

233 555 421 595 Fratrum
442 551 739 605 Capucinorum
765 545 946 599 receptio
961 541 1144 585 similiter
1162 555 1257 596 pro-

234 612 450 659 hibeatur,
482 603 892 657 decernere;&alias
915 603 952 644 in
981 599 1263 658 praemiffisop-

232 670 407 724 portune
419 664 635 721 providere
650 693 663 714 ‚
690 664 742 706 de
766 662 1016 717 benignitate
1031 658 1260 715 Apostolica

232 728 485 783 dignaremur
497 750 512 762 .
543 726 628 765 Nos
645 723 768 778 igitur
783 747 796 769 2
812 721 877 776 qui
893 719 1148 775 personarum
1163 732 1262 773 qua—

231 784 422 828 rumlibet
450 809 464 832 ,
510 779 727 835 praesertim
767 779 974 837 Religioni
999 777 1263 820 deditarum,

230 839 447 895 tranquillo
463 840 574 881 statui
590 867 605 890 ‚
624 850 818 894 quantum
834 852 923 879 cum
939 837 1117 880 Domino
1136 832 1266 891 poffu-

228 913 327 942 mus-
348 926 362 949 ,
393 898 570 940 libenter
599 899 807 940 annuimus
846 925 860 948 ,
899 895 1063 939 eosdem
1098 896 1263 937 Fratres

227 957 457 1012 Capucinos
478 968 728 1012 nuncupatos
745 986 758 1008 ‚
788 959 825 998 &
841 970 983 999 eorum
1000 954 1224 1011 quemlibet
1241 952 1263 993 a

227 1013 428 1072 quibusvis
445 1016 877 1060 excommunicationis
893 1045 907 1066 a
932 1012 1187 1071 suspensionis
1200 1012 1263 1061 a&

224 1073 431 1117 interdisti
465 1102 479 1126 ‚
503 1074 668 1130 aliisque
691 1073 980 1118 Ecclefiasticis
1006 1072 1218 1115 sententiis
1247 1099 1261 1121 ‚

226 1132 402 1176 censuris
416 1162 431 1184 ‚
456 1135 494 1174 &
509 1135 640 1189 poenis
656 1133 676 1176 εὶ
690 1137 787 1191 Jure
804 1163 818 1186 ‚
840 1133 906 1175 vel
922 1134 970 1174 ab
988 1130 1149 1175 homine
1162 1143 1260 1186 qua-

227 1192 287 1234 vis
314 1191 549 1240 occasione,
578 1193 644 1235 vel
673 1191 788 1235 causa
814 1193 907 1234 latis
925 1221 938 1243 ‚
957 1191 981 1234 fi
1009 1191 1147 1246 quibus
1162 1202 1261 1245 quo-

226 1250 453 1293 modolibet
471 1250 653 1294 innodati
670 1252 840 1294 existunt
853 1277 868 1300 a
896 1252 944 1294 ad
963 1250 1145 1293 effectum
1158 1261 1259 1301 prae-

225 1306 397 1350 sentium
415 1309 609 1351 duntaxat
624 1307 946 1364 consequendum
963 1337 977 1358 ‚
1003 1310 1143 1348 harum
1155 1302 1257 1346 serie

226 1366 478 1410 absolventes
501 1394 514 1418 ,
537 1370 574 1409 δι
600 1367 796 1411 absolutos
812 1365 900 1408 fore
914 1365 1124 1407 censentes
1140 1392 1154 1414 ,
1184 1364 1258 1406 hu-

222 1424 395 1483 jusmodi
421 1423 778 1480 supplicationibus
806 1424 991 1467 inclinati
1016 1452 1029 1474 ‚
1057 1420 1166 1478 quod
1186 1420 1260 1462 eis-

218 1484 319 1526 dem
350 1484 562 1526 Fratribus
590 1483 809 1539 Capucinis
833 1482 1070 1539 nuncupatis
1086 1480 1134 1523 ad
1149 1483 1259 1522 Con-

223 1542 503 1598 gregationem
519 1545 717 1597 {Fratrum
742 1542 795 1584 de
823 1540 1092 1584 Observantia
1106 1551 1259 1581 nuncu-

224 1611 412 1656 patorum
443 1598 667 1656 hujusmodi
686 1599 1080 1656 tranfitus‚ipfisque
1108 1596 1261 1640 Fratri—

223 1661 297 1701 bus
313 1658 366 1699 de
386 1658 654 1703 Observantia
688 1659 920 1714 nuncupatis
951 1658 1150 1700 dierorum
1179 1659 1262 1698 Ca-

225 1718 463 1773 pucinorum
483 1718 692 1773 receptio,
716 1716 964 1759 nifilicentia
989 1717 1146 1758 suorum
1173 1718 1261 1756 Ge-

225 1774 419 1819 neralium
437 1804 451 1825 ‚
479 1777 544 1818 seu
563 1776 877 1819 Provincialium
893 1774 1155 1818 Praelatorum
1186 1773 1258 1815 im

224 1834 387 1889 scriptis
401 1833 567 1887 habita,
594 1835 661 1876 sub
675 1834 824 1878 eisdem
848 1834 1005 1884 modis,
1030 1836 1069 1875 &
1095 1830 1259 1882 formis,

226 1907 271 1935 ac
291 1892 421 1947 poenis
438 1921 451 1942 a
477 1895 512 1934 &
529 1891 703 1935 censuris
721 1894 758 1935 in
778 1894 963 1935 omnibus
978 1922 993 1944 ‚
1021 1907 1065 1935 ac
1084 1905 1155 1946 per
1171 1905 1260 1932 om-

224 1953 288 1994 nia
318 1951 497 1992 similiter
521 1950 692 1994 districte
714 1952 979 2008 prohibeatur
993 1978 1007 2000 a
1023 1963 1115 1992 cum
1131 1948 1262 1991 omni-

223 2011 320 2059 bus,
348 2012 385 2051 &
413 2009 570 2065 lingulis
597 2009 852 2053 facultatibus
881 2041 894 2062 ,
919 2010 1094 2052 licentiis
1113 2037 1124 2058 ,
1147 2008 1260 2050 clau-

224 2067 316 2110 sulis
335 2097 347 2118 ‚
378 2070 417 2109 &
442 2068 619 2111 decretis
649 2067 875 2112 necessariis
906 2098 920 2121 ,
950 2068 1258 2112 Austoritate.)

218 2126 484 2182 *Apostolica,
516 2137 661 2169 tenore
695 2127 944 2180 praesentium
976 2126 1258 2169 decernimus.

224 2186 430 2241 roirca
456 2185 772 2229 Venerabilibus
801 2187 1009 2232 Fratribus
1026 2184 1258 2228 Surrentin.

214 2246 263 2285 ’δε
291 2247 434 2286 Baren.
464 2244 792 2301 Archiepiscopis
821 2262 896 2303 per
927 2244 1140 2302 praesentes
1154 2258 1265 2285 com-

224 2302 422 2344 mittimus
437 2331 451 2353 ,
476 2306 512 2345 δε
527 2303 764 2348 mandamus
778 2317 997 2363 :quatenus
1013 2306 1093 2346 &c-
1112 2303 1268 2356 reliqua

224 2371 271 2404 ut
285 2359 365 2419 fol.
382 2373 448 2402 20.
463 2364 489 2404 a*
502 2365 572 2405 lin.
593 2377 606 2404 ι
618 2375 656 2413 7.

285 2422 438 2460 Datum
466 2425 603 2463 Romae
632 2422 736 2476 apud
764 2428 947 2467 Sanctum
988 2425 1159 2464 Petrum
1192 2419 1263 2463 sub

225 2477 392 2519 Annulo
414 2478 627 2520 Piscatoris
656 2480 723 2523 die
751 2496 823 2524 xv.
843 2481 1050 2525 Februarii
1068 2495 1117 2521 M·
1134 2495 1177 2521 D.
1197 2493 1260 2519 ω.

226 2532 490 2578 Pontificatus
507 2537 643 2578 Nostri
659 2539 780 2580 Anno
796 2541 932 2582 Primo
947 2567 958 2578 .

998 2613 1047 2652 Β,
1062 2611 1225 2652 surr-en.

282 2725 492 2778 Exemplar
514 2725 803 2780 inpergomena
832 2728 1098 2770 authenticum
1118 2727 1161 2767 in
1176 2730 1257 2769 Ar-

339 2783 449 2825 chivo‘
463 2786 559 2823 Gen.
577 2784 670 2824 Ord.
691 2787 879 2828 Armorio
894 2786 1143 2829 Authentica
1160 2788 1256 2831 im,

325 2840 433 2899 fast.
451 2842 578 2900 collig.
594 2855 699 2883 num.
721 2855 789 2897 24.

243 2940 472 2954 -n——u—
936 2939 1225 2955 -m

501 2995 755 3046 PIUS
829 2997 973 3043 IV.

220 3110 360 3161 Italus,
375 3110 406 3151 ἄ
418 3110 653 3161 Mediolano,
664 3114 836 3166 ‘Joannes
852 3114 1019 3168 Angelus
1038 3112 1082 3153 de
1098 3108 1257 3152 Medicis

276 3176 394 3210 antea
408 3181 562 3212 vocatus
576 3174 720 3214 S.R.E.
739 3171 961 3214 Cardinalis
970 3174 1038 3214 tit.
1057 3173 1098 3211 S·
1106 3166 1255 3225 Prifiae·

221 3259 223 3262 .
273 3229 407 3269 Roma·
424 3242 525 3272 xxv
536 3242 569 3271 1.
584 3231 680 3271 Dec.
698 3245 746 3271 M.
767 3243 925 3274 D.L1x.
956 3233 1131 3271 Summus
1163 3228 1255 3266 Pon-

274 3284 376 3343 tifex
390 3297 556 3329 creatus.
575 3288 685 3329 Obiit
707 3302 778 3331 tx.
795 3290 889 3328 Dec.
910 3303 958 3330 Μ.
974 3305 1016 3330 ο.
1034 3300 1139 3329 va.
1149 3282 1256 3338 post·

221 3342 262 3379 ι*
276 3345 558 3404 quamst’dq'ffi’t
572 3350 702 3389 Annos
719 3362 760 3390 v.
782 3346 931 3399 Mcffis
947 3361 1012 3388 xi.
1029 3348 1124 3387 Dies
1143 3358 1172 3385 x
1187 3355 1252 3384 tv.

222 3459 446 3511 Ordinem
468 3466 652 3515 noviter
683 3463 904 3533 approbat
919 3501 935 3523 ,
958 3461 1199 3533 privilegia
1227 3459 1254 3507 ὲ

222 3549 228 3555 ·
253 3527 328 3578 fel.
349 3548 436 3580 rec.
451 3536 692 3585 Clemente
711 3539 831 3586 VII.
851 3534 900 3586 ὅ(
919 3536 1060 3585 Paulo
1078 3534 1178 3581 ΙΙΙ.
1198 3531 1253 3578 Εἰ

223 3662 227 3665 K
254 3600 453 3651 conceffa
468 3604 736 3664 confirmat,
763 3605 811 3657 ὅ(
837 3625 890 3655 ne
916 3607 1064 3662 ullus,
1104 3605 1252 3667 Capu‘

255 3672 466 3720 cinorum
483 3674 709 3725 Habitum
743 3712 758 3734 ,
776 3678 848 3725 vel
862 3679 926 3725 illi
944 3675 1133 3725 fimilem
1150 3687 1253 3738 por-

224 3780 230 3783 *
253 3755 349 3791 tare
379 3740 743 3810 praesumat,sub
775 3745 971 3797 censuris
990 3782 1006 3805 ‚
1037 3741 1252 3810 aliisque,

236 3845 238 3848 >
244 3815 360 3874 juris
387 3813 597 3884 remediis
626 3816 833 3884 prohibet
848 3853 859 3866 .

2188 291 2228 331 2

1427 367 1462 415 P
1499 369 1525 417 1
1564 369 1615 420 U
1647 345 1684 413 ²'s
1757 364 1951 429 aar?
1973 368 2082 426 020
2106 372 2136 427 t
2161 286 2287 440 ’,ης

1570 487 1724 528 Servus
1753 448 1965 530 Servorum
1999 490 2102 532 Dei.

1495 573 1565 616 Ad
1581 582 1814 630 perpetuom
1844 577 1906 615 rei
1935 580 2157 624 memoriam
2173 609 2183 619 .

1325 662 1411 775 P
1428 660 1626 704 Astoralis
1641 661 1772 703 Officii
1786 675 1881 703 cura
1911 661 2101 718 (meritis
2116 666 2216 707 licet
2232 668 2354 720 impa⁴

1444 721 1589 777 ribus)
1616 721 1743 763 Nobis
1760 734 1808 761 ex
1823 720 1910 762 alto
1926 722 2124 766 commiisa
2141 754 2154 775 ,
2186 728 2268 767 Nos
2283 738 2355 766 ex-

1326 781 1452 832 citat,
1469 779 1691 821 &inducit
1710 809 1724 831 ,
1746 790 1789 821 ut
1817 780 1927 822 circa
1953 782 2111 836 piorum
2137 784 2355 825 iocorums

1326 838 1598 895 quorumlibet
1614 853 1659 880 ac
1673 842 1935 895 personarum
1950 867 1963 891 2
1990 841 2028 881 in
2047 842 2106 882 eis·
2119 841 2264 883 divinis
2279 841 2355 881 ob-

1325 896 1470 954 sequiis
1497 897 1724 941 vacantium
1752 896 1892 940 statum
1921 926 1935 949 ,
1960 899 2150 953 prospere
2172 899 2358 952 dirigen-

1324 958 1446 1009 dum,
1472 957 1705 999 &feliciter
1732 956 2078 1008 conservandum,
2107 960 2146 998 δε
2173 968 2359 998 manute-

1323 1017 1500 1059 nendum
1530 1016 1668 1058 nostrae
1698 1015 1909 1069 vigilantia:
1936 1027 2073 1071 partes
2108 1045 2121 1067 ‚
2161 1011 2357 1056 solertius

1319 1074 1596 1131 impendamus
1611 1102 1625 1125 a
1650 1088 1696 1116 ac
1711 1074 1757 1115 iis
1772 1102 1786 1124 a
1800 1089 1883 1130 quae
1903 1087 2119 1129 propterea
2133 1070 2358 1130 proceffisse

1321 1134 1592 1189 comperimus
1609 1161 1622 1184 ‚
1651 1143 1693 1174 ut
1711 1132 1867 1175 illibata
1884 1133 2089 1188 persistant
2105 1160 2120 1182 2
2146 1131 2359 1187 Apostoli-

1320 1195 1356 1236 ci
1374 1192 1599 1235 muniminis
1614 1190 1830 1246 praefidium
1848 1193 2129 1246 impartiantur
2145 1221 2155 1231 .
2190 1190 2365 1235 Dudum>
2384 1219 2391 1221 <

1318 1251 1515 1306 siquidem
1541 1250 1611 1292 fel.
1629 1252 1789 1292 record.
1816 1251 1942 1295 Paulo
1973 1250 2227 1304 PP.,Te1·tio
2259 1252 2364 1291 Prae-

1319 1305 1518 1350 decessori
1550 1308 1728 1357 Nostro,
1758 1323 1831 1362 pro
1848 1319 1964 1359 parte
1983 1321 2078 1351 tunc
2111 1308 2295 1358 Vicat-ii,
2323 1308 2363 1346 &

1320 1366 1561 1408 dilectorum
1581 1365 1780 1408 Filiorum
1796 1394 1811 1416 ,
1841 1369 2031 1408 Fratrum
2047 1367 2214 1407 Ordinis
2232 1366 2365 1407 Mino.-

1320 1439 1412 1466 rum
1438 1425 1744 1479 Capucinorum
1782 1437 2107 1481 nuncupatorum
2142 1424 2324 1478 exposito
2349 1450 2364 1472 ‚

1321 1483 1429 1540 quod
1444 1512 1458 1534 ,
1474 1483 1681 1539 postquam
1694 1483 1767 1536 piae
1782 1485 1987 1525 Memoriae
2006 1483 2214 1526 Clementi
2233 1484 2373 1533 Papae„

1322 1544 1447 1586 etiam
1461 1541 1743 1585 Praedeceffori
1762 1541 1908 1584 Nostro
1922 1571 1936 1592 ³
1961 1557 2037 1598 pro
2054 1552 2172 1596 parte
2196 1538 2366 1581 nonnul-

1323 1604 1474 1652 lorum,
1488 1612 1584 1643 tunc
1600 1598 1875 1656 expressorum
1891 1604 2080 1644 Fratrum
2097 1599 2263 1642 Ordinis
2283 1597 2365 1639 Mi-.

1322 1674 1467 1704 norum
1492 1659 1715 1715 expositum
1739 1657 1872 1700 fuerat
1903 1687 1917 1710 ‚
1950 1660 1988 1702 se
2018 1659 2253 1701 desiderare
2288 1671 2376 1711 pro

1322 1719 1557 1764 Animarum
1573 1718 1730 1760 suarum
1751 1716 1881 1759 salute
1898 1746 1911 1768 ‚
1940 1732 1985 1760 ac
2003 1718 2080 1759 Dei
2098 1717 2227 1772 gloria
2255 1717 2364 1756 Ere-

1322 1778 1504 1820 miticam
1533 1777 1656 1818 vitam
1686 1775 1870 1828 ducere,
1898 1778 1938 1816 &
1966 1776 2160 1832 quantum
2187 1775 2363 1815 humana

1321 1837 1554 1895 patiebatur
1570 1833 1767 1891 fragilitas
1783 1864 1796 1886 ,
1812 1835 2013 1890 Regulam
2030 1836 2141 1876 Beati
2157 1830 2368 1875 Francisci-

1324 1893 1564 1946 observare,
1591 1897 1734 1935 &tunc
1750 1894 1945 1948 Magister
1961 1891 2227 1937 provincialis
2261 1893 2366 1931 Pro-

1325 1954 1464 1998 vinciae
1479 1954 1668 1996 Marchiae
1683 1953 1946 1999 Anconitanae
1963 1952 2129 1994 Ordinis
2156 1951 2364 1990 Minorum

1320 2013 1665 2060 conventualium
1679 2022 2020 2066 nuncupatorum,
2035 2009 2090 2051 ad⁷
2107 2012 2373 2057 Romanam,

1323 2073 1491 2116 Curiam
1507 2070 1762 2121 accedendi,
1784 2072 1823 2111 &
1837 2073 1887 2113 ab
1905 2069 1988 2124 ipso
2006 2069 2227 2112 Clemente
2253 2067 2362 2107 Prte-

1321 2130 1529 2175 decessore
1545 2161 1558 2184 ,
1580 2144 1626 2172 ac
1644 2128 1750 2171 Sede
1762 2129 1990 2183 Apostolica
2002 2157 2014 2180 ‚
2031 2138 2289 2184 quaecumque
2311 2122 2371 2164 ad-

1329 2191 1551 2235 animarum
1571 2188 1731 2232 suarum
1755 2187 1951 2238 salutem,
1974 2202 2029 2229 ac·
2048 2189 2126 2228 Dei
2156 2184 2364 2240 gloriam,

1329 2250 1524 2308 petendi,
1552 2247 1849 2303 &impetrandi
1867 2245 2138 2289 licentiam-eis
2161 2240 2365 2285 concesse,

1330 2322 1414 2362 rat;
1431 2323 1475 2350 ac
1500 2309 1613 2350 bonae
1641 2307 1847 2348 Memoriae
1858 2303 2044 2348 Andreas
2061 2304 2122 2345 tit.
2139 2305 2177 2344 S.
2192 2298 2332 2344 Priscae
2348 2327 2363 2349 a

1331 2370 1425 2412 dum
1445 2367 1602 2411 viveret
1615 2366 1835 2420 Presbyter
1850 2363 2077 2408 Cardinalis
2092 2391 2106 2413 ,
2120 2363 2157 2402 &
2171 2361 2265 2402 dieti
2281 2360 2363 2423 Or-

1331 2428 1435 2470 dinis
1454 2429 1669 2468 Protefwr
1684 2453 1698 2475 2
1723 2435 1818 2465 tunc
1836 2425 1873 2464 in
1892 2422 2073 2464 humanis
2091 2432 2213 2473 agens
2230 2445 2242 2467 ,
2270 2429 2329 2456 eis
2346 2444 2368 2466 ,ζ

1323 2495 1366 2526 ut
1383 2486 1550 2526 similem
1565 2483 1893 2538 impetrationem
1911 2478 2091 2520 facerent
2111 2491 2121 2518 :
2140 2477 2193 2516 ita
2207 2484 2371 2530 tamem¹

1321 2541 1428 2596 quod
1446 2555 1567 2583 unum
1580 2555 1630 2582 ex
1647 2555 1791 2586 eorum
1805 2537 2021 2581 Consortio
2042 2535 2226 2577 omnium
2253 2531 2360 2585 ipso-

1319 2613 1411 2642 rum
1436 2601 1600 2642 nomine
1628 2599 1819 2656 Magistro
1848 2594 2093 2639 Provinciali
2112 2621 2126 2642 ‚
2152 2592 2219 2634 seu
2233 2591 2362 2644 Capi-2

1320 2660 1410 2701 tulo
1428 2658 1648 2702 Provinciae
1663 2657 1862 2700 dietorum
1879 2657 2068 2697 Fratrum
2097 2654 2360 2693 Conventua-

1319 2719 1419 2761 lium
1442 2727 1790 2771 nuncupatorum,
1816 2717 1869 2756 in'
1887 2727 1963 2768 qua
1991 2711 2250 2758 habitarent,
2282 2708 2360 2749 fin-

1318 2777 1423 2833 gulis
1437 2777 1544 2818 annis
1560 2776 1596 2818 in
1615 2775 1768 2830 fignum
1786 2770 2036 2826 subjectionis
2052 2767 2363 2824 praesentare-2

1317 2845 1556 2879 tenerentur
1574 2848 1588 2887 3
1603 2837 1643 2876 &
1659 2833 1739 2891 ipse
1757 2830 1973 2885 Magister,
2001 2828 2026 2870 fi
2042 2826 2111 2870 sibi
2126 2826 2357 2874 videretur,

1314 2894 1439 2938 semel
1467 2897 1506 2936 in
1538 2908 1640 2938 anno
1655 2923 1669 2944 ‚
1693 2895 1732 2934 &
1746 2905 1824 2934 non
1841 2889 1947 2932 ultra
1960 2902 2030 2929 eos
2049 2886 2207 2929 vifit'are
2222 2913 2236 2935 ,
2263 2885 2303 2924 &
2329 2882 2362 2924 fi-

1315 2955 1418 3011 ipsos
1434 2953 1635 2996 inveniret
1652 2951 1854 3008 Regulam
1871 2947 2093 3003 praedic‘tam
2119 2959 2202 2986 non·
2216 2943 2267 2984 ob
2276 2941 2360 2983 sera

1252 3016 1254 3018 ’
1318 3027 1414 3055 vare
1429 3041 1443 3064 2
1468 3011 1620 3056 adeam
1638 3010 1796 3067 plenius
1810 3005 2098 3050 observandam
2121 3017 2191 3044 eos
2217 3013 2356 3042 mone-

1318 3087 1389 3123 re,
1414 3086 1459 3114 ac
1490 3070 1637 3114 debitis
1666 3063 2072 3121 modis-compellere
2088 3060 2362 3118 poffet3prae«

1320 3141 1381 3173 ter
1397 3129 1443 3172 id‘
1455 3137 1589 3172 autem
1603 3158 1616 3180 ‚
1642 3143 1716 3171 nec
1733 3142 1803 3170 eos
1817 3124 1978 3169 deloco
1991 3123 2040 3165 ad
2061 3122 2194 3165 locum
2227 3129 2358 3159 trans.

1316 3187 1425 3232 ferre
1442 3218 1454 3239 ,
1483 3202 1558 3230 nec
1573 3187 1725 3244 aliquid
1741 3184 1853 3228 aliud
1868 3182 1925 3226 eis
1941 3182 2150 3237 injungere
2169 3207 2183 3228 ,
2205 3186 2274 3242 aut
2303 3177 2359 3216 ab

1317 3249 1373 3291 eis
1400 3249 1565 3302 exigere
1592 3243 1858 3298 valeret3sed
1882 3242 2016 3297 potius
2046 3251 2124 3279 eos
2148 3247 2252 3277 tueri
2280 3234 2358 3299 Q&

1316 3303 1538 3349 defendere
1554 3313 1769 3348 conaretur
1784 3331 1797 3353 ,
1831 3301 1926 3343 utin
1943 3311 2043 3352 pace
2057 3294 2213 3351 possent
2226 3292 2356 3334 Altis-

1315 3364 1410 3408 fimo
1434 3363 1649 3414 famulari,
1683 3370 1800 3418 prout
1825 3360 1863 3400 in
1889 3355 2134 3400 Protec'toris
2151 3380 2164 3403 2
2185 3352 2235 3418 ,ὃς
2265 3353 2357 3417 Ma-

1314 3420 1419 3480 gistri
1451 3418 2020 3474 Provincialis„praecliet0run1
2038 3409 2268 3467 patentibus
2285 3411 2355 3451 Lt-.

1314 3483 1413 3525 teris
1438 3481 1606 3537 desuper
1625 3476 1819 3522 confectis
1833 3504 1846 3525 ‚
1864 3471 2021 3529 plenius
2033 3471 2244 3512 dicebatur
2258 3481 2357 3508 con-

1314 3541 1447 3583 tineri:
1464 3540 1571 3592 idem
1586 3538 1781 3581 Clemens
1802 3528 2068 3577 Praedecessor
2083 3529 2242 3572 Litetas
2259 3539 2357 3581 prae«

1313 3599 1436 3642 dietas
1455 3627 1467 3650 ,
1483 3600 1521 3639 &
1550 3599 1588 3640 in
1617 3597 1674 3639 eis
1705 3601 1896 3637 contenta
1921 3602 2178 3645 quaecumque
2194 3599 2268 3640 pro
2286 3599 2357 3626 ex·->

1311 3657 1447 3713 preffis
1467 3656 1618 3699 habens
1634 3683 1647 3705 ,
1675 3653 1846 3707 ipsorum
1865 3652 2049 3692 Fratrum
2063 3647 2101 3688 ivn
2117 3660 2163 3687 ea
2181 3654 2353 3710 parte-2

1311 3713 1666 3772 supplicationibus
1683 3711 1893 3752 inclinatus
1913 3735 1925 3758 ‚
1951 3706 2037 3758 eis,
2064 3715 2106 3748 ut
2136 3701 2355 3747 secundum

1312 3773 1516 3829 Regulam
1546 3771 1767 3822 praediftam
1794 3797 1806 3819 ,
1836 3767 1960 3817 vitam
1983 3763 2248 3806 Eremiticam
2277 3758 2350 3800 du-

1314 3847 1406 3875 cere
1423 3861 1436 3884 ³
1457 3833 1497 3876 &
1522 3829 1718 3874 Habitum
1742 3840 1833 3870 cum
1861 3824 2042 3880 Capuci'o
2055 3822 2254 3922 quadrante
2281 3831 2358 3872 gea

1789 3888 1829 3929 D
2209 3890 2274 3921 are
2291 3903 2305 3929 2
