2658 4244
1004 210 1171 300 ‘Sub
1233 210 1490 300 Paulo
1546 215 1647 302 V.

281 328 543 402 Capucinos
561 368 578 391 ,
590 330 671 385 ess'e
687 328 791 383 vere
811 328 983 380 Fratres
998 331 1202 378 Minores
1215 365 1231 386 ,
1256 329 1305 380 <Sc

274 419 282 430 ¹
315 405 457 454 Filios
473 408 519 454 S.
534 407 587 455 P.
603 409 840 454 FRAN01sc1
854 436 869 457 ,
884 419 934 449 ac
951 416 1110 448 eorum
1127 398 1304 448 Consti-

275 476 279 480 ’
316 474 511 523 tutiones
534 475 642 524 nihil
670 487 823 533 contra
841 475 887 520 S.
905 470 1135 540 Regulam
1158 471 1302 523 conti-

317 561 421 593 nere
436 579 453 601 ,
468 544 691 594 declarat:
714 545 869 608 thue
884 541 1002 589 circa
1019 539 1106 587 hoc
1121 574 1137 596 ,
1152 538 1206 587 ab
1220 543 1305 588 Ec-

280 641 286 648 ·
318 611 457 662 clefiae
472 613 669 662 Praelatis
690 610 984 660 defendantur
1001 644 1016 666 ,
1041 607 1091 659 ὅ(
1107 612 1302 660 Contra-

316 682 509 732 distor'es
526 678 720 728 censuris
736 678 1048 730 Ecclesiasticis
1061 714 1078 736 ,
1101 697 1153 728 ac
1166 681 1304 730 etiam

275 778 277 782 v
314 751 484 800 auxilio
511 747 678 799 brachii
707 750 942 800 Saecularis
971 764 1264 800 coerceantur
1287 787 1304 812 ,

277 831 280 835 '
314 819 512 870 decernit
528 852 546 866 .

275 990 769 1060 ‘IPAULUS
844 1009 1112 1060 PAPA
1183 1013 1247 1061 v,

451 1144 522 1190 Ad
539 1156 769 1203 perpetuam
800 1154 859 1193 ret·
888 1152 1111 1193 memoriam
1125 1178 1138 1193 .

383 1268 547 1314 Cclefiae
565 1268 772 1311 militantis
788 1271 971 1327 regimini
987 1268 1305 1320 auetorefflomi*

278 1273 375 1386 E
405 1342 457 1369 no
474 1357 490 1378 ‚
522 1327 632 1368 nullo
649 1327 830 1383 suffragio
845 1330 1078 1370 meritorum
1095 1327 1304 1383 praesiden-

276 1399 340 1429 tes
356 1414 369 1438 ‚
399 1400 448 1427 ex
463 1384 636 1438 injuncto
652 1387 762 1426 nobis
775 1384 896 1427 officii
919 1386 1060 1428 debito
1086 1385 1304 1439 providere

276 1454 464 1487 tenemur
478 1470 492 1493 ‚
516 1451 560 1482 ut
573 1468 587 1490 a
613 1442 678 1496 qui
696 1441 762 1484 sub
774 1445 888 1485 Beati
903 1444 1099 1485 Francisci
1118 1443 1272 1484 vexillis
1286 1471 1301 1492 ‚

275 1503 343 1558 qui
359 1503 466 1543 inter
482 1500 654 1540 strenuos
670 1499 816 1555 Christi
835 1504 965 1542 Duces
980 1529 994 1550 ,
1020 1499 1160 1554 gloriae
1174 1500 1302 1555 splen-

272 1560 376 1603 dore
390 1557 594 1600 corruscat
610 1586 626 1607 ,
653 1558 691 1599 in
706 1559 816 1614 hujus
834 1560 922 1601 vitae
940 1557 1108 1610 militia,
1133 1557 1200 1600 sub
1216 1559 1302 1600 stri-

274 1617 407 1663 &ioris
442 1615 619 1671 ejusdem
649 1618 758 1658 Beati
790 1617 985 1659 Francisci
1016 1616 1170 1672 Regula
1187 1616 1305 1658 disti-

273 1676 418 1733 plinae,
440 1672 637 1716 Altiffimo
664 1674 895 1727 obsequium
923 1675 1102 1730 praestant
1124 1705 1140 1725 ,
1169 1677 1205 1716 8(
1233 1690 1306 1730 per

278 1733 459 1790 corporis
475 1731 864 1787 castigationem,per
878 1733 1111 1775 divitiarum
1125 1744 1308 1775 contem-

276 1802 390 1849 ptum
414 1820 428 1843 ,
459 1790 593 1845 suique
622 1791 736 1844 ipsius
762 1792 1071 1847 abnegationem
1089 1790 1304 1849 ,jejuniis,

275 1849 552 1899 orationibus,
579 1847 696 1891 sacris
725 1849 1074 1903 praedicationibus
1100 1878 1114 1900 ,
1142 1850 1308 1906 aliisque

275 1909 488 1963 Religiofis
501 1908 687 1958 operibus
704 1919 894 1950 vacantes
910 1937 924 1958 ‚
941 1911 1066 1950 verbo
1079 1936 1093 1957 a
1114 1909 1158 1948 &⁴
1172 1923 1307 1950 exem—

275 1967 375 2024 plo,
403 1978 515 2008 veros
531 1963 608 2005 sese
626 1966 736 2008 Beati
769 1965 962 2008 Francisci
988 1968 1211 2008 imitatores
1229 1997 1244 2018 ,
1270 1970 1310 2009 &

276 2023 454 2081 germina
485 2022 728 2074 ostendunt,
758 2024 861 2065 tales
885 2025 932 2067 ab
959 2026 1144 2067 omnibus
1162 2025 1306 2081 absque

276 2083 362 2126 ulla
373 2083 642 2125 controversia
663 2083 881 2125 habeantur
896 2112 907 2123 .
938 2085 1043 2127 Cum
1059 2085 1193 2139 itaqu<²
1210 2112 1223 2134 ,
1240 2086 1311 2126 flc-

276 2151 324 2184 ut
348 2141 603 2195 accepimus,
630 2139 651 2181 a
684 2140 887 2182 nonnullis
920 2153 1138 2184 revocetur
1167 2144 1203 2184 in
1235 2145 1309 2184 du-

276 2196 386 2244 bium
397 2228 411 2251 ,
426 2214 475 2241 an
491 2201 655 2241 Fratres
669 2198 832 2241 Ordinis
849 2199 1025 2252 ejusdem
1039 2201 1170 2243 Sanni
1187 2204 1312 2244 Fran-

279 2252 587 2312 cisci,Capucini
605 2259 835 2312 nuncupati,
852 2257 924 2300 fint
941 2259 1035 2301 vere
1049 2262 1211 2302 Fratres
1232 2261 1310 2303 Mi—

278 2318 475 2362 nores?Et
487 2317 815 2371 etiam,qu0niam
835 2317 1034 2371 Regulam
1049 2320 1176 2360 Sane’ti
1191 2321 1314 2361 Fran-

278 2374 374 2418 cisci
400 2372 668 2429 profitentur,
694 2374 784 2416 Filii
813 2376 943 2417 saneti
963 2376 1155 2418 Francisci
1184 2405 1196 2428 ,
1223 2391 1312 2420 cum

277 2442 468 2487 tempore
481 2433 615 2475 §aneti
632 2431 832 2475 Francisci
852 2433 1018 2476 instituti
1037 2448 1114 2475 non
1132 2433 1310 2475 suerint?

281 2490 554 2544 Pariterque,
587 2503 635 2530 an
664 2503 802 2531 eorum
820 2492 1137 2534 Constitutiones
1165 2489 1314 2545 aliquid

283 2547 485 2596 habeant,
511 2546 618 2600 quod
636 2548 942 2599 RegulaeSaneci
973 2547 1169 2589 Francisci
1194 2560 1316 2601 repu-

281 2615 378 2659 gnet
397 2606 411 2645 2
430 2606 513 2645 Nos
529 2603 648 2644 dubia
667 2603 915 2658 hujusmodi,
930 2604 1166 2661 Apostolicae
1181 2604 1319 2647 decla-

280 2663 447 2705 rationis
464 2661 642 2702 Oraculo
656 2660 847 2703 decidere
864 2663 1071 2717 cupientes
1084 2694 1100 2714 ‚
1130 2677 1218 2706 cum
1238 2666 1317 2705 Ve-

283 2719 527 2765 nerabilium
543 2721 729 2761 Fratrum
746 2719 972 2763 nostrorum
989 2725 1136 2764 Sanfilae
1163 2724 1317 2764 Roma-

279 2792 338 2821 nae
361 2775 546 2819 Ecclefiae
574 2775 852 2822 Cardinalium
883 2779 1058 2821 Concilii
1083 2779 1316 2835 Tridentini

281 2836 552 2892 interpretum
568 2834 749 2886 consilio,
767 2847 919 2877 matura
933 2835 1232 2882 deliberatione
1247 2839 1317 2880 ha-

279 2894 364 2937 bita
380 2923 395 2946 ,
416 2895 487 2936 hac
499 2891 624 2934 nostra
642 2895 839 2947 perpetuo
854 2894 1023 2938 valitura
1047 2897 1318 2938 Constitutio-

280 2967 332 2995 ne
350 2981 364 3003 ,
379 2952 613 2995 auctoritate
630 2951 858 3006 Apostolica
873 2953 1140 3005 declaramus,
1157 2957 1316 2997 Fratres

282 3010 511 3065 Capucinos
536 3008 614 3052 effe
644 3010 739 3052 vere
771 3012 933 3052 Fratres
958 3013 1167 3062 Minores,
1191 3027 1237 3054 ac
1260 3023 1323 3054 et-

278 3069 357 3115 iam
383 3068 598 3122 (quamvis
612 3077 795 3122 tempore
816 3069 944 3111 Sancti
975 3069 1175 3111 Francisci
1203 3070 1321 3112 mini-

278 3126 345 3169 me
370 3126 534 3168 instituti
557 3124 707 3168 fueri-nt
722 3154 736 3177 ‚
764 3140 853 3169 cum
870 3138 1002 3170 tamen
1022 3128 1107 3184 ejus
1138 3128 1314 3182 regulam

275 3183 544 3242 profiteantur
557 3213 571 3235 ‚
598 3194 721 3240 atque
737 3198 879 3227 eorum
897 3186 1076 3228 instituta·
1092 3197 1314 3241 congruant

278 3252 368 3286 tam
399 3241 566 3298 Regulae
594 3242 748 3285 statutis
768 3271 781 3294 ,
807 3243 925 3299 quam
948 3243 1126 3298 ejusdem
1149 3244 1317 3299 Regulae

277 3300 618 3346 declarationibus
631 3329 646 3351 ‚
674 3315 762 3357 quae
779 3302 981 3344 habentur
997 3304 1034 3343 in
1047 3303 1316 3345 Constitutio-

278 3370 331 3401 ne
359 3356 488 3402 felicis
520 3360 814 3402 reeordationis
852 3360 1079 3402 Clementis
1119 3357 1235 3416 Papae
1265 3362 1321 3401 V.

278 3414 580 3460 Praedeeefforis
595 3418 772 3470 n·ostri‚in
789 3418 970 3474 generali
986 3419 1316 3461 Concilio-Vien-

278 3475 405 3516 nensls
420 3475 528 3518 edita
546 3504 559 3526 ,
587 3491 670 3532 quae
688 3477 826 3531 incipit
853 3489 867 3528 ;
894 3478 1010 3519 Exivi
1029 3477 1075 3516 de
1108 3475 1321 3534 Paradg'l'o)

279 3530 407 3576 Filios
424 3533 554 3575 Sanffti
573 3534 770 3577 Francisci
787 3564 797 3575 .
826 3537 980 3578 Eorum
1000 3544 1194 3589 praeterea
1210 3538 1321 3578 Con-

1362 345 1435 380 ne,
1448 328 1644 385 quidquid
1662 327 1770 372 secus
1785 330 1898 387 super
1912 331 1990 383 his,
2005 333 2024 374 ἐ
2039 336 2394 392 quoquam‚quavis

1361 388 1601 431 auum-itate
1615 386 1818 440 scienter,
1850 389 1915 443 vel
1942 392 2177 444 ignoranter
2204 396 2392 450 contige-

1362 449 1415 489 rit
1430 447 1620 488 attentari
1636 474 1649 496 ,
1661 445 1915 490 decernimus
1929 476 1940 488 .
1973 451 2176 508 roirca
2190 453 2394 504 omnibus,

1362 507 1406 546 &⁴
1429 502 1587 558 singulis
1616 505 1924 549 Venerabilibus
1948 508 2152 551 Fratribus
2171 538 2185 560 ,
2216 512 2396 554 Patriar-

1362 564 1446 606 chis
1464 591 1478 614 ‚
1510 562 1831 618 Archiepiscopis
1847 592 1860 614 ‚
1895 562 2100 619 Episcopis
2115 594 2130 616 ‚
2161 582 2204 608 ac
2234 570 2392 611 dilezffis

1362 620 1452 664 filiis
1480 620 1649 671 nostris,
1680 623 1717 662 &
1745 623 1978 677 Apostolicae
1997 623 2111 665 Sedis
2144 628 2308 669 Nunciis
2322 640 2396 683 per

1364 679 1576 738 praesentes
1603 679 1834 723 mandamus
1863 708 1875 731 ,
1906 691 2106 736 quatenus
2134 683 2201 737 ipli
2228 700 2301 740 per
2326 686 2398 736 se,

1365 738 1430 781 vel
1446 737 1581 780 'alium
1596 767 1610 789 ‚
1641 737 1707 780 seu
1736 740 1837 781 alius
1859 738 2071 794 praesentes
2094 741 2256 794 literas,
2292 746 2331 784 &
2354 746 2399 785 in

1367 799 1426 839 eis
1440 807 1629 841 contenta
1646 811 1890 854 quaecunque
1906 825 1919 847 ‚
1948 799 2015 839 ubi
2031 827 2044 848 ,
2076 801 2112 840 &
2127 802 2286 854 quando
2299 815 2398 856 opus

1367 853 1491 898 fuerit
1507 884 1520 907 ,
1551 857 1759 911 &quoties
1783 870 1859 912 pro
1883 867 2000 911 parte
2015 858 2196 900 Fratrum
2218 860 2399 913 Capuci-

1365 928 1510 959 norum
1538 913 1813 970 praedicfflorum
1838 914 1988 957 fuerint
2017 917 2222 971 requisiti,
2255 916 2400 958 solem-

1364 973 1765 1029 niterpublicantes‚
1795 972 1953 1030 illisque
1972 975 2014 1015 in
2040 973 2234 1029 praemiffis
2263 973 2399 1015 effica-

1368 1034 1423 1076 cis
1437 1030 1677 1075 defensionis
1690 1032 1869 1087 praesidio
1881 1031 2094 1074 affistentes
2106 1063 2122 1083 ,
2151 1030 2301 1075 faciant
2329 1046 2400 1074 au-

1365 1092 1551 1133 &oritate
1565 1092 1693 1133 nostra
1704 1119 1718 1142 ‚
1729 1104 1798 1133 eos
1812 1090 2006 1146 praemiffis
2027 1091 2211 1133 omnibus
2223 1120 2236 1142 ‚
2270 1092 2306 1132 &
2322 1092 2400 1133 sin-

1368 1150 1487 1206 gulis,
1502 1148 1611 1204 juxta
1624 1148 1874 1204 pra-sentium
1887 1151 2185 1192 continentiam
2198 1177 2213 1200 ,
2225 1151 2264 1190 &
2279 1160 2399 1191 teno-

1369 1223 1457 1251 rem
1480 1208 1645 1262 pacifice
1672 1206 1775 1258 frui,
1807 1209 1844 1249 &
1872 1208 2049 1263 gaudere
2066 1239 2077 1250 .
2111 1212 2204 1250 Non
2230 1210 2401 1263 permit-

1366 1276 1500 1308 tentes
1514 1279 1584 1307 eos
1602 1265 1774 1319 desuper
1788 1266 1808 1306 a
1823 1280 2023 1322 quoquam
2038 1297 2051 1318 a
2074 1268 2210 1322 quavis
2223 1269 2398 1309 aut‘tori-

1365 1332 1451 1365 tate
1472 1351 1485 1373 ,
1513 1322 1820 1378 quomodolibet
1843 1324 2027 1367 indebite
2052 1325 2247 1367 molestari
2264 1328 2401 1367 :Con-

1364 1380 1603 1423 tradielores
1620 1382 1824 1436 quoslibet
1838 1409 1853 1431 .,
1884 1383 1923 1422 &
1939 1381 2117 1424 rebelles
2128 1410 2142 1431 ‚
2175 1384 2215 1423 &
2227 1383 2404 1434 praemis-

1362 1441 1407 1479 fis
1421 1452 1504 1480 non
1518 1450 1736 1493 parentes,
1757 1446 1826 1494 pe‘r
1841 1438 2087 1491 sententias,
2119 1439 2302 1480 censuras
2320 1469 2333 1491 ,
2361 1443 2400 1482 ὃς

1362 1510 1501 1553 poenas
1531 1496 1826 1539 Ecclesiasticas
1850 1524 1863 1547 ‚
1895 1497 2052 1553 aliaque
2079 1510 2305 1553 opportuna
2340 1498 2402 1554 ju-

1362 1557 1415 1599 ris
1431 1584 1444 1606 ‚
1473 1557 1513 1596 &
1526 1554 1615 1596 fani
1634 1555 1810 1599 remedia
1825 1582 1839 1604 ,
1871 1556 2144 1610 appellatione
2161 1557 2369 1610 postposita
2380 1564 2402 1608 ‚⁴

1366 1612 1661 1668 compescendo
1676 1642 1688 1664 ,
1721 1628 1874 1655 necnon
1891 1614 2083 1669 legitimis
2101 1612 2215 1668 super
2239 1616 2306 1656 his,
2328 1616 2399 1657 ha-

1364 1672 1507 1714 bendis
1531 1671 1693 1713 servatis
1717 1670 1957 1726 proceffibus
1974 1701 1988 1723 ,
2015 1672 2108 1713 illos
2133 1672 2356 1714 sententias
2382 1699 2398 1723 ,

1367 1729 1549 1773 cen-suras
1564 1758 1577 1780 ‚
1608 1731 1796 1785 &poenas
1810 1729 2004 1784 predictas
2027 1727 2234 1772 incurrisse
2257 1731 2400 1773 decla-

1366 1788 1491 1830 rando
1511 1818 1526 1839 ‚
1558 1787 1721 1844 illasque
1748 1789 1877 1829 etiam
1896 1789 2048 1832 iteratis
2077 1789 2231 1830 vicibus
2259 1802 2401 1844 aggraq

1368 1846 1499 1888 vando
1516 1875 1529 1897 ‚
1561 1846 1751 1889 invocato
1763 1846 1885 1888 etiam
1899 1847 1949 1890 ad*
1964 1848 2039 1888 hoc
2053 1876 2067 1897 ‚
2100 1845 2124 1887 si
2137 1861 2234 1902 opus
2250 1845 2372 1891 fuerit
2384 1877 2399 1900 ,

1364 1905 1513 1948 auxilio
1529 1906 1676 1946 brachii
1694 1905 1912 1948 saecularis..
1935 1908 2028 1950 Non
2040 1905 2285 1946 obstantibus
2301 1920 2402 1960 prae-

1367 1963 1486 2006 miffis
1502 1993 1516 2014 ‚
1531 1978 1573 2005 ac
1597 1964 1962 2006 Constitutionibus
1977 1990 1992 2012 2
2006 1964 2046 2004 &
2059 1963 2398 2007 Ordinationibus

1367 2026 1400 2065 A
1406 2022 1607 2078 postolicis
1623 2049 1637 2071 ‚
1667 2022 1898 2077 caeterisque
1912 2021 2122 2064 contrariis
2136 2022 2397 2077 quibuscum-

1369 2096 1473 2137 que.
1507 2081 1703 2123 Volumus
1732 2091 1866 2124 autem
1879 2108 1893 2131 ,
1923 2081 1964 2122 6⁶
1982 2080 2133 2122 austori
2142 2090 2227 2123 tate
2256 2082 2401 2136 praedi-

1367 2142 1426 2182 &a
1447 2139 1705 2182 decernimus
1728 2166 1747 2189 ,
1785 2149 1830 2181 ut
1844 2137 2095 2194 praesentium
2112 2138 2370 2194 transumptis
2386 2168 2407 2191 ,.

1369 2200 1492 2241 etiam
1519 2198 1708 2251 impreffis
1721 2226 1735 2248 ‚
1758 2212 1879 2240 manu
1893 2196 2061 2254 alicujus
2077 2198 2237 2238 Notarii
2251 2196 2405 2253 publici*

1369 2256 1592 2311 subscriptis
1618 2285 1632 2308 ,
1676 2257 1854 2311 &sigillo
1879 2254 2080 2311 personae,
2107 2256 2146 2295 in
2164 2255 2403 2311 dignitate)

1376 2316 1645 2359 Ecclesiastica
1660 2316 1882 2358 constitutae
1896 2315 2072 2364 munitis,
2087 2313 2230 2357 eadem
2244 2315 2403 2370 prorsus

1374 2374 1472 2418 fides
1489 2375 1527 2415 in
1541 2373 1715 2430 judicio,
1736 2375 1773 2415 &
1787 2383 1901 2416 extra
1918 2373 2159 2415 adhibeatur
2172 2387 2278 2427 ‚quae
2301 2386 2403 2428 prae-

1373 2432 1546 2474 sentibus
1561 2431 1821 2475 adhiberetur
1835 2459 1850 2482 ‚
1880 2433 1906 2471 si
1925 2429 2059 2471 for-ent
2085 2432 2270 2472 exhibitae
2288 2457 2312 2479 >
2334 2429 2403 2471 vel

1373 2490 1544 2530 ostensae.
1578 2492 1728 2530 Datum
1746 2491 1885 2530 Romae
1899 2487 2002 2542 apud
2019 2489 2201 2530 Sannum
2220 2491 2403 2530 Marcum

1375 2547 1442 2589 sub
1458 2546 1620 2589 Annulo
1635 2545 1845 2589 Piscatoris
1863 2547 1939 2587 Die
1952 2559 2023 2586 xv.
2038 2546 2182 2588 ottob.
2196 2559 2403 2589 MDcvtu.

1377 2604 1637 2649 Pontificatus
1652 2605 1786 2648 Nostri
1803 2607 1922 2646 Anno
1939 2605 2102 2662 Qiarto
2115 2632 2127 2643 .

1865 2836 1992 2894 Scipio
2027 2836 2284 2881 Cobellutiun

1380 3072 1678 3126 Autographum
1702 3075 1744 3115 in
1772 3075 1915 3114 secret.
1939 3075 2123 3115 Brevium
2144 3072 2406 3128 Apostoliem

1431 3129 1584 3185 Regtsso
1612 3131 1750 3187 Mensis
1767 3129 1854 3173 Οὲἶ.
1873 3134 1981 3174 Anni
2002 3131 2120 3173 1608.
2142 3130 2212 3186 fol.
2251 3134 2339 3172 188.
2362 3131 2406 3170 de

1429 3190 1643 3242 quo-Breve
1650 3187 1876 3248 formatum
1896 3194 1939 3232 in
1955 3189 2074 3234 Arch.
2100 3181 2288 3231 G‘enerali
2309 3189 2405 3231 ord.

1438 3250 1539 3289 Tom.
1560 3250 1610 3290 C.
1630 3262 1733 3292 num.
1764 3260 1854 3303 ¹²3¹·

1617 3464 2171 3544 NOTA.

280 3589 845 3636 stitutionesnihilcontinere
865 3622 879 3644 .‚
908 3593 1017 3649 quod
1047 3607 1125 3634 non
1156 3592 1203 3634 fit
1232 3594 1316 3635 Re-
1382 3622 1385 3623 ν

280 3647 382 3705 gulae
397 3648 527 3691 Sanni
543 3650 734 3693 Francisci
752 3652 945 3705 praedietae
973 3650 1287 3693 consentaneum
1299 3681 1313 3703 ,

279 3711 414 3762 ficque
429 3707 478 3749 ab
491 3706 673 3749 omnibus
689 3737 703 3760 ,
725 3713 763 3751 &
781 3711 940 3765 singulis
954 3707 1106 3753 censeri
1127 3739 1140 3760 ‚
1174 3723 1223 3751 ae
1249 3723 1314 3751 re-

279 3766 437 3822 putari,
460 3763 676 3822 &judicari
691 3766 846 3811 debere
861 3796 874 3819 ³
902 3782 946 3811 ac
962 3769 1124 3812 irritum
1141 3795 1155 3820 2
1181 3768 1317 3811 &ina-

1474 3682 1572 3719 ldesis
1584 3683 1618 3718 8<
1632 3682 1907 3720 Constitutiones
1925 3683 1993 3720 PP.
2007 3680 2141 3718 Urbani
2158 3683 2263 3721 Vin.
2276 3685 2311 3721 82
2325 3685 2404 3722 Cle-

1489 3732 1609 3767 mentis
1626 3731 1710 3767 ΧΙΙ.
1726 3757 1738 3775 ,
1764 3732 2058 3769 Constitutionem
2069 3729 2309 3782 suprapositam
2337 3747 2406 3771 arn-

1374 3778 1520 3826 pliantes
1535 3804 1548 3826 ‚
1575 3781 1609 3817 &
1621 3781 1859 3818 confirmantes
1869 3804 1881 3820 ι

1791 3830 1832 3871 H
2181 3835 2352 3877 Praeme-
