2658 4244
863 245 1023 337 Sub
1055 323 1058 326 Α
1085 247 1513 338 Innocentio
1577 253 1665 357 X
1659 251 1712 337 Ι.

240 367 312 425 p'e'r
355 366 503 416 dietum
550 365 791 423 Gregorium
820 362 1152 407 Praedecefforem
1178 395 1192 415 ,
1219 364 1264 407 ut

235 426 456 484 praefertu‚
500 425 740 476 concelsam,
768 424 890 466 etiam
903 423 1107 464 animabus
1134 424 1260 465 Chri-

235 485 468 528 stifidelium
499 485 787 530 Defunctorum
806 496 880 539 per
902 481 1061 524 modum
1084 479 1266 538 suffragii

235 543 434 599 applicari
453 544 575 601 posse,
591 541 837 598 summopere
851 539 1053 583 defideret
1065 570 1076 582 .
1091 545 1176 583 Nos
1192 542 1265 596 piis

233 603 412 657 ejusdem
427 604 699 647 Procuratoris
710 599 918 644 Generalis
933 600 1038 641 votis
1055 601 1126 642 hac
1146 599 1183 641 in
1201 614 1262 652 re,

230 662 424 715 quantum
438 676 528 704 cum
541 660 716 702 Domino
738 656 932 714 possumus
947 685 961 708 ‚
977 655 1261 701 favorabiliter

233 734 412 762 annuere
432 720 612 764 volentes
626 746 640 768 ‚
671 717 908 760 auctoritate
923 717 1049 759 Nobis
1070 719 1091 760 a
1111 718 1262 760 Domi-

233 793 288 821 no
313 777 460 820 tradita
476 800 491 829 ,⁴
523 791 567 819 ac
597 775 650 818 de
676 776 978 831 omnipotentis
1003 778 1083 819 Dei
1107 776 1262 819 miseri-

232 834 368 878 cordia
384 862 398 886 ‚
425 848 474 876 ac
489 839 703 881 Beatorum
718 835 833 876 Petri
851 863 865 886 ‚
888 836 927 876 &
951 837 1067 879 Pauli
1094 837 1264 892 Aposto-

229 895 360 937 lorum
383 891 468 950 ejus
499 893 741 935 auctoritate
767 893 900 936 confisi
917 923 930 945 ‚
957 895 1259 951 Indulgentiam

226 953 449 1010 plenariam
468 982 481 1004 ,
506 953 543 994 &
559 962 819 1008 peccatorum
850 952 1118 996 remissionem
1137 956 1259 996 Chri·

225 1009 458 1053 stifidelibus
480 1009 652 1067 praefatis
682 1010 923 1065 supradictas
943 1012 1143 1055 Ecclefias
1164 1015 1260 1055 Fra-

225 1079 334 1112 trum
355 1070 521 1112 Ordinis
545 1069 676 1112 Sancti
707 1068 904 1110 Francisci
921 1072 1261 1124 Capucinorum.)

225 1128 327 1170 dic‘ta
345 1126 411 1168 die
427 1126 597 1171 secunda
615 1126 761 1169 Mensis
776 1128 941 1183 Augusti
959 1158 973 1181 2
1001 1131 1043 1172 ut
1058 1130 1189 1187 supra,
1208 1132 1270 1173 vi-

222 1186 435 1229 fitantibus
464 1215 479 1238 ‚
503 1189 541 1228 ὅτ.
571 1183 757 1241 praemissa
786 1190 1073 1242 peragentibus
1106 1188 1269 1231 conces-

224 1243 304 1286 sam
320 1272 334 1295 ,
353 1245 474 1286 etiam
489 1243 815 1287 christifidelium
831 1246 1032 1289 animabus
1044 1278 1056 1299 ,
1074 1262 1158 1304 quae
1176 1250 1268 1290 Deo

224 1302 266 1343 in
295 1304 497 1345 charitate
529 1302 746 1358 conjunt‘tae
772 1305 819 1344 ab
848 1304 920 1345 hac
949 1305 1040 1349 luce
1065 1308 1266 1361 migrave-

227 1361 308 1402 rint
333 1386 349 1410 ‚
386 1375 460 1417 per
492 1361 654 1404 modum
685 1359 868 1415 Suffragii
901 1365 1094 1420 applicari
1125 1361 1261 1420 posse,

938 1494 1010 1554 N
1139 1492 1206 1554 O

1322 370 1448 410 etiam
1475 370 1679 423 perpetuo
1707 366 1970 412 concedimus
1987 400 2000 422 ,
2023 374 2060 414 &
2079 373 2363 431 indulgemus:

1320 428 1366 467 In
1383 426 1638 468 contrarium
1657 424 1900 467 facientibus
1914 442 1994 470 non
2015 432 2261 477 obstantibus
2273 437 2360 491 qui-

1324 482 1580 538 buscunque.
1614 484 1815 526 Volumus
1842 494 2003 538 autem,
2028 500 2070 530 ut
2095 495 2359 536 earundem

1324 543 1577 599 praefientium
1595 541 1808 584 literarum
1824 542 2080 598 transumptis
2096 577 2109 598 ,
2134 550 2198 594 seu
2222 567 2359 595 exem-

1321 600 1426 657 plis,
1447 601 1570 642 etiam
1587 600 1777 656 impreffis
1795 631 1810 651 ,
1832 602 1870 642 &
1885 616 2003 644 manu
2019 605 2182 660 alicujus
2201 612 2360 654 Notarii

1321 660 1476 716 publici
1492 657 1722 716 subscriptis
1739 690 1752 712 ,
1769 662 1806 702 &
1822 659 1951 714 sigillo
1966 662 2140 716 personae
2160 668 2197 708 in
2215 670 2361 712 Eccle-

1321 719 1466 761 fiastica
1494 719 1692 774 dignitate
1712 720 1939 762 constitutae
1966 723 2155 776 munitis,
2186 727 2362 771 eadem,

1320 779 1483 834 prorsus
1499 777 1598 820 fides
1611 780 1762 835 ubique
1779 778 1964 821 locorum
1981 780 2222 826 adhibeatur
2238 814 2252 836 ‚
2275 800 2363 840 quae

1321 835 1582 893 praesentibus
1613 837 1701 894 ipsis
1727 837 2018 888 adhiberetur,
2047 840 2070 882 fi
2095 840 2228 884 forent
2246 844 2363 885 exhi-

1321 896 1412 939 bitae
1424 924 1438 946 2
1456 898 1519 941 vel
1536 896 1708 939 ostensae.
1739 899 1888 940 Datum
1904 898 2042 939 Romae
2057 901 2160 954 apud
2178 905 2363 944 Sanctam

1320 956 1489 999 Mariam
1503 955 1700 1014 Majorem
1716 953 1787 997 sub
1806 955 1968 998 Annulo
1988 957 2199 999 Piscatoris
2222 960 2299 1000 Die
2322 973 2363 1000 x.

1319 1015 1417 1057 Maii
1465 1029 1735 1058 MDCLXXX1x·
1773 1012 2037 1058 pontificatus
2079 1016 2216 1060 Nostri
2246 1019 2366 1058 Anno

1321 1074 1625 1118 Decimotertio
1639 1102 1653 1117 .

1902 1193 1935 1236 Ῑ.
1968 1193 2016 1234 F.
2049 1192 2250 1235 Albanus.

1382 1313 1504 1352 Breve
1520 1308 1747 1367 formatum
1774 1309 1816 1349 in
1843 1307 1963 1353 Arch.
1987 1311 2169 1364 generali
2204 1308 2363 1352 Ordinis

1441 1371 1543 1412 Tam.
1560 1371 1614 1411 H.
1632 1381 1736 1410 num.
1753 1367 1820 1408 28.

1339 1492 1628 1559 TA.

309 1635 340 1671 X
353 1632 526 1671 occasione
540 1658 553 1679 ‚
578 1634 645 1682 qua
668 1635 738 1673 haec
760 1632 975 1677 indulgentia
992 1646 1055 1678 pro
1069 1633 1251 1671 Defunafs
1276 1634 1477 1682 applicanda
1489 1661 1503 1682 ‚
1528 1637 1595 1674 fuit
1607 1636 1759 1675 concen'a
1772 1661 1785 1681 ,
1810 1636 1996 1682 originavit
2023 1637 2136 1674 forsan
2153 1649 2253 1683 mos,
2277 1630 2339 1686 qui

323 1683 433 1719 adhuc
446 1685 544 1719 durat
558 1707 569 1726 ,
596 1694 633 1718 ut
646 1683 778 1720 fideles
793 1681 957 1718 Ecclestas
974 1683 1041 1718 FF.
1060 1682 1146 1717 Min.
1161 1682 1280 1726 saepius
1293 1683 1450 1718 accedant
1462 1706 1475 1726 ‚
1504 1697 1562 1721 aut
1573 1697 1696 1734 gyrum
1724 1697 1785 1731 per
1806 1697 1863 1721 cas
1876 1708 1891 1728 ‚
1914 1686 1973 1720 seu
1997 1697 2063 1730 per
2080 1688 2204 1723 Altare
2235 1687 2352 1733 Majus

219 1731 402 1766 conficiant
417 1741 492 1765 cum
509 1731 703 1765 intentione
717 1752 732 1771 ‚
756 1739 794 1763 ut
810 1727 1037 1773 indulgentias
1058 1729 1229 1765 defunEtis
1247 1730 1376 1777 pluries
1391 1732 1563 1778 applicent
1577 1759 1586 1768 .
1614 1735 1706 1769 Cum
1720 1743 1830 1768 autem
1843 1732 1882 1767 in
1897 1735 2047 1769 Deci-eto
2063 1733 2123 1769 sub
2150 1735 2267 1770 lnnoc.
2291 1736 2352 1772 ΧΙ.

222 1779 267 1813 de
291 1777 516 1825 apochryphis
548 1776 771 1821 indulgentiis
799 1775 876 1811 sac.
895 1779 1132 1821 Congregaiio
1162 1777 1454 1822 indulgentiarum
1480 1781 1727 1817 declaraverit:
1742 1779 1854 1817 Semel
1864 1781 2037 1817 duntaxat
2046 1781 2084 1815 in
2101 1781 2157 1817 die
2172 1780 2356 1828 Indulgen-

223 1827 323 1868 tiam,
338 1827 376 1860 in
393 1834 501 1862 certos
515 1826 586 1862 dies
601 1825 774 1874 Ecclesiam
784 1823 1001 1871 visitantibus
1016 1821 1192 1875 conceffam
1204 1824 1371 1872 lucrifieri
1383 1850 1395 1869 ,
1422 1829 1531 1865 movit
1545 1828 1855 1866 Reverendiffimus
1873 1828 2060 1876 Episcopus
2079 1829 2277 1865 Labacenfis
2291 1830 2352 1865 du-

218 1874 315 1911 bium
329 1898 343 1917 ‚
368 1886 410 1908 an
427 1874 637 1918 lndulgentia
654 1873 881 1909 portiuncula:
899 1875 1017 1916 toties,
1032 1875 1167 1920 quoties
1181 1874 1343 1910 Ecclefias
1361 1875 1536 1914 Minoi-um
1552 1878 1682 1914 Fideles
1695 1877 1750 1914 die
1767 1887 1799 1923 2„
1815 1876 1964 1922 Augusti
1979 1876 2040 1913 sub
2054 1877 2143 1914 dista
2157 1878 2354 1915 intentione

214 1922 420 1968 *accederent
434 1945 447 1965 ‚
478 1923 712 1966 obtineretur?
734 1920 881 1966 ruitque
895 1922 1035 1958 dubium
1051 1925 1127 1959 Sac.
1141 1923 1418 1967 congregationi
1432 1925 1626 1966 expositum
1644 1937 1703 1972 per
1718 1925 1922 1962 Memoriale
1939 1925 2087 1972 sequens
2098 1952 2108 1962 .

314 1969 396 2016 Epis

454 1969 493 2003 u's
506 1969 698 2016 Labacenfis
716 1968 737 2002 ἁ
749 1976 848 2011 parte
864 1969 999 2007 Imperii
1011 1969 1142 2006 Orator
1153 1970 1308 2014 devotus,
1322 1970 1393 2006 EE.
1411 1968 1450 2007 V
1449 1971 1492 2010 V.
1508 1972 1685 2010 humiliter
1698 1976 1836 2020 exponit
1847 1999 1860 2018 ,
1876 1972 1965 2020 quod
1975 1984 2043 2007 non
2060 1973 2207 2022 obstante
2227 1975 2358 2011 Decre-

217 2027 253 2056 to
265 2017 379 2052 Innoc.
395 1976 466 2050 prl.
479 2015 520 2051 de
536 2015 772 2064 Apochryphis
786 2010 1086 2066 Indulgentiissub
1098 2018 1156 2054 d1'e
1175 2029 1204 2064 3.
1218 2018 1349 2055 Martii
1369 2021 1469 2065 1678.
1483 2045 1495 2064 ‚
1518 2033 1582 2068 qno
1609 2019 1827 2066 declaravit,
1841 2020 1947 2070 semel
1965 2020 2138 2057 duntaxat
2147 2022 2186 2056 in
2209 2022 2266 2058 die
2290 2022 2360 2070 ple-

219 2065 356 2101 nariam
370 2062 622 2110 Indulgentiam
633 2066 673 2099 in
689 2073 796 2100 certos
806 2065 878 2101 dies
893 2065 1061 2115 Ecclesiam
1071 2066 1287 2151 vffantibus
1299 2065 1475 2118 conceffam
1487 2068 1654 2117 lucrifieri
1667 2093 1680 2112 ,
1704 2077 1855 2117 pergunt
1867 2067 2009 2105 Fratres
2022 2068 2171 2105 Ordinis
2194 2071 2235 2107 S.
2248 2069 2359 2107 Fran-

215 2112 299 2161 cisci
312 2109 588 2158 Reformatorum
602 2112 792 2149 Provinciae
804 2113 973 2150 Car-niolae
988 2115 1093 2163 “Popu

1137 2115 1365 2163 persuadere,
1396 2116 1649 2166 Indulgentiam
1658 2126 1718 2165 pro
1741 2117 1796 2153 die
1822 2129 1854 2154 2.
1882 2117 2033 2167 Augusti
2056 2117 2098 2153 de
2124 2118 2357 2156 Portiuncula

220 2167 476 2207 nuncupatam,
503 2172 616 2197 eorum
631 2159 800 2210 Ecclefiam
822 2162 1042 2212 vifi'tantibus
1057 2161 1232 2215 conceffam
1244 2187 1257 2207 ,
1283 2171 1382 2201 toties
1394 2168 1524 2212 quoties
1533 2166 1647 2203 eadem
1658 2165 1715 2201 die
1729 2163 1897 2213 lucrifieri
1908 2163 1992 2215 poſje
2006 2191 2016 2201 .
2045 2166 2131 2202 Cum
2160 2177 2274 2203 autem
2296 2168 2357 2204 hu-

213 2207 362 2260 jusmodi
376 2209 500 2256 abusus
515 2210 559 2245 ad
572 2211 746 2246 Summum
762 2209 960 2258 Pontificem
971 2213 1014 2247 ab
1029 2211 1235 2248 Ordinariis
1248 2212 1379 2262 deferri
1386 2214 1508 2262 jubeat
1520 2216 1599 2252 Soc.
1616 2214 1846 2261 Congregatio
1873 2213 2024 2252 Concilii
2053 2213 2153 2250 Trid.
2181 2216 2227 2252 Se
2244 2227 2270 2251 s.
2296 2226 2314 2250 2
2320 2226 2355 2262 ς.

220 2257 265 2294 de
279 2255 310 2292 R
315 2256 429 2304 ejbrra.
443 2269 472 2293 c.
489 2267 507 2291 z
517 2271 526 2293 1
535 2285 544 2295 .
556 2261 595 2294 in
610 2259 755 2295 Decreta
769 2257 810 2295 de
823 2259 1051 2308 indulgentiis
1066 2274 1075 2296 ι
1094 2261 1221 2297 Idcirco
1233 2260 1365 2299 Orator
1378 2265 1502 2310 quaerit
1514 2288 1526 2308 ‚

1538 2260 1761 2305 &declarari
1769 2264 1877 2311 petit:
1896 2274 1942 2297 an
1953 2262 2100 2311 praefata
2117 2262 2205 2298 Indu
2215 2266 2357 2310 gemin,

219 2306 262 2342 de
283 2303 527 2342 “portiuncula
552 2315 776 2355 nuncupata,
800 2309 903 2345 etiam
912 2309 1215 2359 comprehendatur
1219 2309 1288 2358 sub
1299 2311 1447 2349 Decreta
1459 2337 1474 2357 ,
1497 2310 1798 2356 &Declaratione
1821 2312 1911 2351 San.
1935 2310 2040 2349 Mem.
2064 2310 2259 2349 Innocentii
2287 2311 2355 2350 XI.

212 2353 440 2405 supradifila?
464 2353 546 2391 ”Pro
568 2366 637 2404 qua
655 2357 777 2404 gratia
799 2357 871 2399 &c-

317 2401 378 2438 Ad
402 2403 519 2450 quod.

1076 2506 1146 2541 Die
1176 2515 1229 2550 17.
1255 2503 1354 2552 ‘Julii
1385 2515 1488 2552 1700.

219 2596 300 2635 Suc.
316 2595 544 2644 congregatio
555 2598 730 2635 Eminentt‘
752 2610 890 2635 imorum
906 2601 946 2636 S.
963 2599 1010 2635 R.
1024 2600 1064 2635 Ε.
1080 2599 1323 2637 cardinalium
1340 2599 1488 2638 Concilii
1513 2598 1718 2637 Tridentini
1745 2600 1974 2650 interpretum
1985 2627 1999 2646 ,
2026 2605 2152 2642 audita
2179 2603 2346 2640 relatione

218 2643 463 2682 Procuratoris
475 2645 656 2683 Generalis
669 2670 682 2690 ,

218 2691 338 2737 Curia
357 2701 438 2740 pag.
453 2695 539 2730 mihi
566 2694 640 2731 180.

759 2646 917 2697 Minillri
928 2647 1163 2685 Provincialis
1173 2673 1187 2693 ,
1208 2650 1340 2698 censuit
1356 2649 1570 2698 servandum
1595 2646 1654 2700 effe
1669 2648 1810 2698 solitum
1824 2675 1834 2684 .
1862 2650 1934 2687 Cit.
1951 2652 2158 2689 Mathaeucci
2188 2654 2227 2687 in
2254 2651 2350 2700 Offic.

314 2741 441 2778 Literas
457 2744 675 2791 Apostolicas
691 2746 757 2782 PP.
774 2744 886 2790 Greg.
901 2744 981 2781 XV.
995 2744 1076 2782 vide
1090 2745 1188 2794 supra
1199 2746 1320 2795 f01.69.
1335 2747 1370 2782 8:
1381 2746 1447 2783 alia
1461 2745 1546 2783 insta
1557 2745 1646 2783 inter
1656 2747 1728 2784 1²1³.
1743 2744 1921 2784 Benedist.
1933 2747 2004 2790 ΧΠ
2013 2748 2037 2784 l.
2054 2747 2325 2784 constitutiones
2335 2771 2346 2783 .

367 2978 889 3030 ALEXANDER
941 2984 1091 3032 VIII.

218 3104 372 3156 venetus
385 3141 399 3165 ‚
428 3117 562 3157 Petrus
578 3120 802 3160 cardinalis
817 3120 1034 3163 ottobonus
1058 3131 1174 3164 antea
1185 3123 1242 3165 di-

271 3171 376 3214 trus.
409 3175 539 3215 Romae
567 3188 630 3217 vt·
656 3176 811 3219 ottobr.
832 3174 1103 3223 *MDchxxm-
1128 3184 1244 3223 Sum-

268 3244 350 3273 mus
368 3231 545 3290 Pontifex
558 3246 710 3277 creatus
723 3264 734 3275 .
753 3235 863 3278 obiit
884 3251 917 3279 ι.
934 3239 1240 3285 Febr.Mncxc1.

261 3290 465 3388 {astquam
490 3289 651 3350 fidss'et
687 3296 847 3337 Annum
887 3309 920 3337 1.
963 3297 1110 3355 Mensis
1154 3313 1241 3344 111.

295 3362 346 3391 tes
373 3362 517 3392 xxxvi.

211 3509 595 3567 Constitutionem
628 3519 900 3574 PP.‚Inn0c.
919 3525 1013 3572 XI.
1044 3522 1099 3571 de
1125 3521 1239 3572 Mis-

243 3575 692 3652 fionariisCapucinis
709 3587 877 3640 editam
891 3591 1154 3651 confirmat,
1169 3592 1235 3653 ὃς,

245 3663 298 3698 ut
325 3652 369 3700 hi
397 3666 629 3720 tempore,
660 3657 708 3708 ὅ(
734 3660 778 3708 in
808 3662 911 3712 affin
926 3661 1194 3713 Miffionum
1220 3700 1236 3723 ,

244 3718 536 3800 confeffiones
553 3728 842 3794 saecularium
862 3735 1120 3803 excipiant,
1152 3734 1236 3785 sta-

243 3804 335 3842 tuit
358 3830 370 3842 .

1412 2990 1834 3040 ALEXANDER
1872 2993 2042 3042 PAPA
2084 2993 2235 3040 VIII.

1507 3086 1776 3144 Adfutnram
1795 3091 1855 3131 rei
1873 3092 2094 3132 memoriam
2121 3118 2132 3130 .

1427 3172 1519 3217 Lizs
1533 3203 1547 3226 ,
1573 3189 1662 3217 cum
1677 3174 1746 3219 fel.
1763 3190 1847 3219 rec.
1861 3179 2118 3219 Innocentius
2137 3178 2242 3229 Papa
2258 3175 2338 3216 XI..

1453 3232 1716 3277 praedecessor
1745 3235 1877 3279 noster
1901 3232 2157 3278 intellexisset
2180 3262 2195 3282 ‚
2224 3230 2335 3288 quod

1302 3289 1469 3334 dilectus
1485 3292 1608 3334 Filius
1621 3293 1800 3336 Minister
1815 3292 2030 3336 Generalis
2045 3320 2059 3342 ‚
2086 3290 2153 3333 seu
2178 3293 2230 3334 de
2245 3291 2339 3348 ejus

1301 3348 1492 3393 mandato
1517 3351 1761 3396 Procurator
1787 3350 2003 3394 Generalis
2038 3349 2204 3392 Ordinis
2233 3353 2331 3393 Fra-

1302 3417 1411 3449 trum
1424 3409 1628 3452 Minorum
1657 3411 1784 3454 Sane‘ti
1804 3407 2000 3451 Francisci
2027 3409 2331 3463 Capucinorum

1300 3478 1616 3522 nuncupatorum
1633 3465 1858 3523 Religiosos
1885 3466 2066 3523 ejusdem
2089 3467 2253 3509 Ordinis
2276 3467 2327 3510 ad
2378 3502 2380 3505 .

1293 3525 1587 3582 procurandam
1616 3527 1834 3569 animarum
1862 3526 2045 3569 Salutem
2078 3526 2118 3567 in
2150 3524 2330 3568 diversas

1294 3584 1525 3627 Christianae
1538 3586 1789 3641 Reipublicae
1806 3584 2034 3627 Provincias
2051 3585 2216 3626 mittere
2230 3600 2331 3628 con-

1294 3641 1499 3685 stituiss'et:
1523 3643 1636 3686 idem
1665 3643 1928 3687 Innocentius
1962 3641 2231 3686 Praedecessor
2256 3658 2330 3686 eo-

1293 3702 1464 3744 rundem
1486 3703 1784 3758 Religiosorum
1810 3703 2002 3757 pietatem
2019 3731 2032 3754 ‚
2060 3717 2105 3745 ac
2133 3717 2299 3758 operam
2315 3731 2329 3754 ,

1292 3774 1518 3817 eorumque
1543 3791 1556 3813 ,
1584 3762 1633 3804 ad
1656 3760 1829 3818 quosilli
1845 3761 2136 3814 mitterentur,
2164 3763 2327 3817 religio·-

1292 3833 1415 3871 nem,
1439 3822 1478 3861 ὃς
1493 3819 1757 3864 devotionem
1786 3820 2055 3877 spiritualibus
2068 3821 2208 3875 gratiis
2230 3835 2332 3863 con-

1615 3883 1642 3923 S
2102 3879 2273 3931 fovere,
