2658 4244
355 220 502 265 120

281 304 422 356 gendis
453 331 467 353 ,
503 305 540 343 &
567 300 800 358 ubicunque
844 303 1028 348 locorum
1060 308 1320 352 existentibus

280 360 349 401 die
366 360 481 404 festo
497 359 676 417 ejusdem
704 359 832 404 sancti
859 367 973 408 Petri
996 366 1049 408 de
1069 366 1289 410 Alcantara
1307 394 1321 419 ,

280 431 423 474 nempe
453 419 519 461 die
536 433 623 462 xix.
653 421 799 463 Menfis
835 425 1057 467 Octobris&
1078 427 1212 480 primis
1231 427 1316 468 Ve-

279 475 403 532 speris
428 477 550 535 usque
575 478 625 521 ad
651 480 834 524 occasum
853 482 938 525 solis
959 484 1060 526 Festi
1087 483 1313 539 hujusmodi

280 539 390 580 annis
417 537 575 593 singulis
601 539 754 582 devote
788 539 1066 593 visitaverint,
1094 545 1133 584 δι
1159 544 1212 585 ibi
1240 556 1316 597 pro

279 597 597 638 Christianorum
638 599 867 655 Principum
904 602 1124 645 concordia
1147 606 1315 654 ,haere-

278 654 364 697 sum
393 656 695 712 extirpatione,
720 671 767 699 ac
788 662 935 702 Sanctae
961 662 1104 703 Matris
1131 658 1316 702 Ecclefiae

276 713 528 757 exaltatione
553 715 633 770 pias
664 715 712 758 ad
745 718 879 759 Deum
916 733 1062 774 preces
1099 718 1315 761 effuderint

277 773 506 815 Plenariam
524 775 703 832 omnium
723 788 980 830 peccatorum
996 775 1149 817 suorum
1175 774 1318 818 Indul-

278 833 459 887 gentiam
477 860 492 883 ,
512 833 549 874 &
564 833 828 875 remiffionem
846 835 1161 877 misericorditer
1174 833 1212 873 in
1232 834 1318 872 Do-

276 891 386 934 mino
395 891 936 936 concedimus.1>raesentibus
951 893 1159 949 perpetuis
1172 890 1317 933 futuris

275 949 528 1006 temporibus
546 951 729 993 valituris
747 981 758 990 .
793 952 991 995 Volumus
1009 963 1143 994 autem
1159 978 1173 1000 ,
1199 959 1240 989 ut
1256 948 1317 1003 ip-

273 1010 401 1053 sarum
418 1008 670 1063 praesentium
696 1009 907 1052 literarum
935 1008 1221 1062 transumptis,
1248 1005 1314 1046 seu

272 1068 468 1123 exemplis
486 1094 499 1115 ,
520 1068 644 1107 etiam
661 1067 850 1120 impressis
865 1096 879 1118 ,
909 1081 1025 1108 manu
1043 1064 1208 1120 alicujus
1229 1066 1314 1104 No-

273 1124 533 1180 tariipublichi
554 1123 776 1177 subscriptis
792 1153 805 1175 ,
826 1127 863 1166 ὅ(
888 1124 1018 1179 sigillo
1035 1123 1209 1179 personae
1239 1119 1311 1162 itt-³

271 1181 551 1226 Ecclesiastica
579 1182 782 1238 dignitate
805 1183 1027 1225 constitutae
1051 1179 1215 1221 munitis
1243 1193 1313 1221 ea-

271 1244 366 1284 dem
383 1238 540 1295 prorsus
558 1239 658 1283 fides
680 1240 948 1291 adhibeatur,
975 1253 1061 1296 quae
1092 1238 1315 1281 haberetur

271 1302 361 1355 ipsis
378 1298 633 1354 praesentibus
647 1329 662 1351 ,
678 1298 702 1341 fi
722 1297 854 1342 forent
872 1300 1061 1343 exhibitae
1076 1327 1090 1349 ,
1106 1297 1171 1340 vel
1188 1297 1314 1339 osten-

270 1359 317 1401 sae
332 1389 342 1400 .
382 1362 532 1400 Datum
549 1361 686 1401 Romae
701 1358 803 1412 apud
823 1361 1005 1403 Sanctam
1031 1356 1203 1401 Mariam
1227 1358 1315 1398 Ma-

271 1417 401 1476 jorem
427 1414 496 1458 sub
525 1418 687 1460 Annulo
715 1415 930 1460 piscatoris
972 1419 1052 1459 Die
1092 1428 1152 1456 ιι.
1193 1416 1314 1454 chto-

272 1478 357 1520 bris
374 1473 853 1519 Moctxix.Pontificatus
869 1475 1002 1520 Nostri
1019 1479 1139 1518 Anno
1153 1472 1313 1514 Tertio.

860 1595 907 1647 ‘J-
943 1594 993 1632 G.
1026 1589 1196 1646 slustus.

327 1710 504 1763 Exempl.
525 1708 722 1749 Anthent.
740 1711 782 1749 in
800 1707 921 1751 Arch.
943 1707 1125 1763 generali
1155 1704 1313 1746 Ordinis

389 1771 492 1810 Tom.
509 1769 562 1809 R.
580 1780 686 1807 num.
701 1777 724 1816 7
736 1779 769 1808 ι.

268 2007 478 2074 Derogat
509 2001 839 2053 Constitutioni
871 2037 887 2060 ,
922 2001 1009 2068 quz'i
1045 2012 1314 2050 occurrente

300 2091 454 2125 morte
472 2077 521 2124 P.
536 2072 736 2122 Ministri
750 2075 989 2122 Generalis
1006 2070 1313 2120 visitationem

299 2146 652 2196 Provinciarum
670 2142 694 2191 ἓ.
713 2146 862 2210 primo
882 2139 1202 2194 P.Diffinitore
1218 2144 1314 2190 Ge-

300 2217 442 2267 nerali
458 2212 597 2281 usquc
613 2214 671 2264 ad
691 2212 902 2282 septennii
921 2215 1314 2280 complementum

301 2286 555 2335 continuari
572 2284 732 2333 debere
751 2284 986 2333 ordinavit
1004 2318 1020 2340 ,
1049 2282 1098 2333 ὅ(
1127 2297 1311 2331 econtra

302 2352 607 2405 innotescente
645 2357 695 2404 P.
721 2356 840 2402 Min.
862 2355 1099 2404 Generalis
1129 2366 1309 2400 morte,

302 2427 430 2475 illico
449 2427 722 2490 Capitulum
735 2424 961 2473 Generale
984 2440 1068 2489 pro
1092 2422 1308 2489 eligendo

302 2492 563 2546 Successore
593 2492 941 2544 convocandum
975 2491 1068 2541 esse
1089 2527 1103 2548 ‚
1137 2497 1308 2554 juxta...

301 2565 702 2617 Constitutionum
722 2579 930 2614 tenorem
959 2562 1165 2612 decernit
1182 2597 1194 2611 .

372 2696 778 2746 CLEMENS
831 2695 1045 2744 PAPA
1101 2695 1187 2742 IX.

458 2823 527 2864 Ad
538 2832 771 2880 perpetuam
790 2825 852 2866 rei
870 2824 1094 2865 memoriam
1108 2850 1119 2861 .

266 2940 468 3051 CUM
491 2936 612 2994 (ficut
629 2943 879 3000 accepimus)
904 2940 1095 2984 Officium
1120 2938 1310 2984 Genera-

401 2995 504 3040 latus
521 2999 683 3041 Ordinis
698 3004 886 3051 Fratrum
903 3001 1108 3043 Minorum
1124 3001 1163 3040 S.
1183 3003 1308 3043 Fran-

265 3057 674 3112 cilc-iCapucinorum
706 3071 1032 3117 nuncupatorum
1060 3059 1111 3100 de
1127 3059 1307 3111 praesenti

266 3125 386 3156 vacet
399 3143 412 3166 ,
430 3129 502 3170 per
522 3116 725 3172 quoddam
742 3122 840 3161 vero
859 3123 1082 3161 Decretum
1104 3116 1142 3158 in
1160 3117 1306 3160 ultimo

266 3174 466 3227 Capitulo
481 3176 672 3218 Generali
699 3175 792 3218 dieti
823 3177 989 3220 Ordinis
1015 3172 1160 3219 factum
1173 3205 1186 3228 ,
1216 3178 1256 3218 &
1283 3176 1305 3218 εὶ

266 3233 399 3275 Nobis
412 3247 488 3289 per
499 3233 691 3290 quasdam
710 3235 858 3278 nostras
875 3237 911 3276 in
928 3235 1039 3276 fimili
1063 3231 1190 3278 forma
1209 3238 1306 3278 Bre-

266 3291 327 3332 vis
341 3291 408 3334 die
429 3307 487 3336 ix.
508 3293 761 3348 Septembris
776 3310 823 3338 M.
841 3308 911 3337 nc.
927 3306 1028 3335 cxvi
1045 3307 1078 3333 1.
1094 3293 1302 3348 expeditas

268 3349 405 3394 literas
418 3349 698 3396 confirmatum
717 3353 950 3407 disponatur
972 3351 1012 3392 in
1042 3352 1121 3392 haec
1149 3354 1301 3394 verba:

271 3411 375 3450 Cum
398 3424 478 3453 non
495 3411 607 3465 possit
624 3415 747 3456 Pater
763 3409 978 3454 Generalis
1006 3408 1216 3462 complere
1241 3422 1304 3452 to-

268 3477 351 3508 tam
367 3469 587 3522 Religionis
607 3471 892 3516 Vifitationem
906 3467 1079 3513 decursu
1097 3467 1271 3511 sexennii
1288 3498 1303 3519 ‚

268 3525 431 3579 expedit
447 3527 608 3572 differre
631 3529 807 3573 officium
825 3526 1097 3573 Generalatfis
1113 3525 1235 3582 usque
1252 3529 1301 3571 ad

268 3581 543 3638 septennium:
559 3591 607 3630 Et
624 3589 751 3644 quod,
765 3593 791 3632 si
814 3589 986 3632 durante
1004 3586 1211 3643 septennio
1227 3600 1306 3628 non

267 3643 473 3698 compieta
489 3645 716 3690 visitatione
727 3648 920 3699 decedat,
931 3648 1088 3690 Primus
1105 3644 1308 3688 Diffinitor

261 3707 312 3746 ub
343 3715 396 3743 no
420 3702 529 3744 mine
560 3706 719 3747 Vicarii
741 3707 956 3750 Generalis
987 3705 1168 3762 perficiat
1192 3704 1320 3748 visita·

958 188 1119 277 Sub
1178 187 1561 276 Clemente
1622 188 1761 279 IX.

1383 306 1672 353 mentumdic‘ti
1688 304 1913 364 septennii3
1939 302 2029 360 Ipso
2041 311 2177 350 autem
2195 309 2394 367 impedito
2407 339 2425 366 ,

1382 368 1447 410 vel
1466 382 1542 410 non
1560 368 1724 409 valente
1739 393 1754 417 ,
1772 364 1960 408 succedat
1976 365 2078 406 alius
2101 367 2303 411 Diffiuitor
2331 386 2422 426 gra-

1374 426 1499 470 datim
1529 426 1643 483 juxta
1657 423 1974 468 Constitutiones
1992 450 2002 462 .
2036 424 2090 464 Et
2109 426 2280 478 proinde
2308 429 2424 483 juxta

1377 487 1453 528 hoc
1480 489 1702 528 Decretum
1723 483 1871 525 eleftio
1898 482 1991 522 novi
2019 483 2188 524 Ministri
2205 486 2424 530 Generalis

1376 542 1639 599 Ord.praefati
1656 554 1750 586 ante
1763 540 2030 584 Pentecosten
2061 542 2164 584 Anni
2183 556 2423 587 MDCLxxtv.

1377 601 1466 645 fieri
1487 618 1562 645 non
1577 603 1754 646 debeat:
1790 602 1874 643 Nos
1898 597 2008 642 felici
2027 601 2305 656 prosperoque
2321 601 2427 656 ejus-

1375 660 1470 702 dem
1483 661 1650 704 Ordinis
1668 659 1881 716 regimini,
1913 659 1950 698 &
1969 660 2171 716 gubernio
2186 687 2200 710 ,
2228 659 2426 714 quantum

1375 720 1507 761 Nobis
1534 734 1586 761 ex
1611 722 1695 764 alto
1724 717 1992 768 conceditur,
2024 717 2264 768 consulere,
2288 733 2334 760 ac
2366 719 2428 761 in·-

1378 777 1612 830 commoda‚
1640 781 1678 822 &
1705 777 1952 820 detrimenta
1969 805 1983 828 ‚
2006 791 2090 832 quae
2120 776 2317 819 diuturna
2341 781 2430 820 Ge-

1377 834 1582 877 neralatfis
1609 835 1835 891 hujusmodi
1864 837 2055 886 vacatio,
2086 835 2356 878 observantiae
2386 837 2427 877 &

1378 891 1593 946 disciplinae
1607 894 1780 949 regulari
1794 921 1808 943 ,
1838 903 1962 947 atque
1992 894 2184 949 religiosae
2201 895 2328 951 quieti
2349 894 2427 935 ad·

1378 948 1492 991 ferre
1525 949 1651 1004 posset
1675 979 1690 1001 .,
1718 951 1940 992 excludere
1970 953 2182 1006 cupientes
2206 980 2221 1002 ,
2253 951 2424 1007 aliisque

1376 1008 1720 1050 convenientibus
1737 1007 1962 1047 rationibus
1976 1010 2136 1051 addufti
2155 1039 2170 1059 ‚
2186 1012 2239 1053 de
2256 1010 2427 1052 nonnul.

1375 1067 1506 1108 lorum
1524 1063 2160 1108 dilec‘torumFiliorumRomanae
2173 1069 2306 1112 Curia:
2315 1071 2426 1111 Prae-

1375 1125 1552 1166 latorum
1582 1125 1695 1179 super
1724 1123 1801 1164 hoc
1823 1123 2028 1180 negotioa
2044 1127 2173 1169 Nobis
2190 1126 2426 1181 specialiter

1376 1186 1677 1239 Deputatorum
1689 1179 1871 1231 confluo,
1896 1182 2121 1224 Decretum
2135 1182 2248 1237 supra
2260 1183 2428 1239 expres·

1374 1239 1455 1283 sum
1472 1270 1485 1291 ,
1512 1243 1706 1296 quantum
1725 1239 1773 1282 ad
1790 1238 2116 1294 prosecutionem
2144 1241 2376 1283 visitationis
2403 1241 2427 1283 i

1376 1301 1506 1356 primo
1520 1328 1533 1351 ‚
1548 1299 1716 1354 aliisque
1733 1296 2029 1340 Diffinitoribus
2043 1297 2137 1340 dieti
2153 1299 2321 1342 Ordinis
2335 1312 2430 1353 gra-

1375 1359 1532 1410 datim,
1567 1369 1611 1401 ut
1643 1357 1853 1413 praefertur
1872 1384 1886 1407 ,
1918 1355 2149 1399 faciendam
2169 1385 2183 1409 ‚
2217 1372 2263 1400 ac
2292 1359 2427 1400 conti-

1375 1418 1612 1460 nuationem
1649 1415 1870 1460 vacationis
1902 1413 2175 1458 Gener-alatus
2216 1414 2340 1471 usque
2372 1414 2426 1459 ad

1376 1475 1726 1527 complementum
1743 1473 1938 1528 septennii
1957 1474 2135 1525 attinet,
2156 1475 2423 1518 Authoritate

1374 1533 1620 1588 Apostolica,
1639 1544 1783 1575 tenore
1801 1532 2052 1587 pra-sentium
2077 1533 2339 1575 moderamur
2356 1533 2424 1584 ,&

1374 1592 1606 1633 reducimus
1631 1591 1680 1634 ad
1697 1589 1868 1632 formam
1884 1619 1897 1641 ‚
1920 1593 1959 1632 δι
1987 1600 2177 1632 tenorem
2205 1592 2422 1634 Constitu—

1374 1650 1531 1690 tionum
1543 1647 1724 1703 ejusdem
1735 1648 1902 1689 Ordinis
1917 1676 1930 1698 2
1943 1650 2086 1702 quibus
2101 1649 2327 1702 disponitur
2346 1678 2360 1698 ,
2375 1658 2422 1692 ut

1373 1706 1594 1748 eveniente
1611 1715 1741 1747 morte
1758 1705 1930 1747 Ministri
1947 1707 2184 1756 Generalis,
2198 1716 2420 1762 antequam

1373 1776 1530 1818 tempus
1557 1760 1667 1805 suum
1696 1761 1995 1818 compleverit,
2027 1763 2211 1806 Minister
2242 1765 2419 1807 Provin-

1372 1823 1486 1866 cialis
1502 1820 1610 1864 illius
1632 1820 1881 1873 Provinciae,
1910 1819 2203 1866 ubidecefferit
2224 1850 2239 1872 .,
2261 1822 2303 1864 id
2319 1836 2423 1864 con-

1373 1881 1502 1924 festim
1522 1878 1906 1934 fignificaredebeat
1934 1881 2198 1923 procuratori
2219 1877 2420 1928 Cenerali

1374 1941 1469 1985 dieti
1486 1939 1703 1983 Ordinisin
1720 1940 1791 1981 hac
1814 1939 1930 1982 Alma
1952 1940 2066 1982 Urbe
2088 1938 2281 1981 refidenti
2298 1967 2314 1988 ,
2345 1939 2419 1994 qui

1374 1999 1611 2054 Capitulum
1626 1997 1833 2041 Generale
1859 2013 1932 2055 pro
1947 1998 2148 2043 electione
2177 1997 2301 2038 futuri
2337 1998 2418 2044 Mi,

1375 2058 1482 2103 nistri
1499 2057 1716 2101 Generalis
1728 2056 1843 2099 illico
1855 2070 2084 2101 convocare
2098 2066 2312 2099 teneatur.
2335 2057 2417 2098 At-

1373 2133 1451 2175 que
1465 2118 1521 2159 ita
1537 2114 1694 2171 semper
1709 2116 1745 2160 in
1762 2114 1942 2158 futurum
1955 2115 2102 2158 servari
2131 2114 2342 2167 volumu83
2361 2116 2415 2157 Et

1372 2188 1570 2235 proptera
1601 2175 1852 2230 praecipimus
1883 2175 2035 2218 dilecto
2066 2172 2171 2217 Filio
2212 2172 2415 2215 moderno

1372 2236 1636 2281 Procuratori
1655 2235 1856 2278 Generali
1873 2234 2037 2277 Ordinis
2062 2231 2240 2287 praefati,
2274 2242 2316 2274 ut
2331 2234 2418 2274 Ca-

1373 2293 1760 2352 pitulumGenerale
1778 2292 1945 2337 Ordinis
1961 2291 2187 2347 hujusmodi
2202 2292 2239 2332 in
2254 2288 2417 2345 tempo-

1373 2367 1435 2405 re,
1447 2355 1486 2394 &
1500 2352 1768 2406 termino-,per
1779 2352 2105 2395 Constitutiones
2117 2347 2300 2403 praefatas
2312 2362 2415 2403 praef

1369 2413 1523 2466 scriptis
1538 2440 1551 2463 ,
1568 2424 1640 2465 pro
1658 2411 1858 2458 electione
1883 2413 1975 2454 novi
2001 2408 2173 2453 Ministri
2190 2405 2413 2450 Generalis

1369 2469 1547 2525 ejusdem
1562 2468 1726 2511 Ordinis
1749 2469 2045 2513 celebrandum
2073 2467 2413 2523 quamprimum-³

1369 2538 1568 2570 convocet
1585 2555 1600 2577 ,
1623 2541 1668 2569 ac
1697 2527 1775 2569 illis
1791 2555 1806 2572 ,
1837 2528 1886 2569 ad
1903 2543 2001 2584 quos
2016 2528 2164 2580 spectat
2179 2553 2194 2573 ,
2222 2525 2381 2565 intimet
2397 2548 2413 2572 ,

1371 2588 1435 2630 seu
1467 2585 1642 2629 intimari
1662 2595 1804 2636 curet,
1829 2588 1869 2627 &
1895 2587 2015 2630 faciat
2043 2597 2054 2626 ε
2083 2581 2314 2637 supradictis
2340 2595 2415 2623 no-

1317 2640 1322 2643 *
1367 2647 1456 2690 stris
1473 2645 1600 2689 literis
1613 2644 1746 2700 quoad
1763 2647 1949 2699 ceterain
1963 2647 2031 2686 suo
2047 2643 2188 2698 vigore
2202 2653 2414 2684 remanen-

1368 2707 1474 2749 tibus
1491 2733 1501 2746 .
1539 2706 1824 2748 Decernentes
1839 2704 1998 2747 easdem
2027 2700 2240 2757 praesentes
2268 2700 2410 2741 literas

1370 2766 1524 2819 semper
1539 2761 1672 2806 firmas
1683 2792 1698 2814 ,
1712 2761 1866 2805 validas
1880 2791 1894 2812 ,
1907 2763 1948 2802 ὃς
1959 2759 2138 2802 efficaces
2153 2756 2329 2799 existere
2344 2784 2357 2806 ,
2371 2757 2412 2797 δι

1371 2821 1459 2866 fore
1484 2850 1499 2872 ,
1525 2818 1688 2875 suosque
1717 2819 1946 2873 plenarios,
1973 2820 2012 2859 &
2039 2818 2216 2870 integros
2249 2814 2414 2856 effeetus

1371 2882 1503 2926 sortiri
1524 2909 1538 2929 ,
1561 2880 1797 2924 &obtinere
1813 2906 1828 2930 ,
1862 2893 1905 2921 ac
1921 2875 2090 2925 abillis,
2115 2875 2164 2916 ad
2198 2888 2299 2929 quos
2328 2873 2416 2927 spe-

1369 2949 1451 2985 c‘tat
1465 2969 1480 2992 ,
1501 2940 1539 2981 ssc
1555 2952 1627 2994 pro
1643 2952 1826 2994 tempore
1841 2939 2166 2993 quandocunque
2182 2932 2377 2987 spectabit
2399 2959 2415 2983 ,

1371 3003 1410 3044 in
1422 2999 1603 3043 omnibus
1618 3001 1658 3042 &
1673 3010 1743 3052 per
1754 2998 1888 3038 omnia
1905 2996 1942 3036 in
1952 2993 2201 3036 violabiliter
2217 2992 2411 3033 observa·
2466 2995 2469 2999 '

1371 3063 1429 3104 ri:
1459 3059 1592 3115 licque
1605 3057 1643 3101 in
1661 3053 1857 3112 praemiffis
1873 3067 1944 3109 per
1957 3054 2217 3107 quoscunque
2247 3049 2409 3104 Judices

1367 3119 1590 3164 ordinarios
1606 3142 1620 3165 ,
1631 3118 1671 3159 8(-
1684 3115 1914 3168 delegatos,
1928 3111 2052 3152 etiam
2067 3106 2276 3150 causarum
2296 3108 2414 3149 Pala·

1366 3180 1414 3223 tii
1445 3174 1667 3232 Apostolici
1693 3172 1914 3217 Auditores
1947 3168 2147 3225 judicari,
2178 3169 2218 3208 &
2248 3165 2409 3207 definiri

1363 3237 1519 3282 debere
1536 3263 1552 3286 ,
1578 3247 1624 3275 ac
1641 3234 1803 3277 irritum
1816 3232 1986 3274 &inane
2002 3257 2016 3278 ,
2042 3228 2067 3268 sl
2086 3226 2197 3268 secus
2216 3224 2332 3279 super
2350 3226 2411 3266 his

1364 3298 1386 3341 a
1410 3306 1614 3351 quoquam
1645 3291 1786 3350 quavis
1817 3284 2065 3333 authoritate
2097 3286 2304 3333 scienter,
2340 3283 2408 3325 vel

1364 3356 1598 3410 ignoranter
1627 3349 1850 3405 contigerit
1878 3346 2098 3390 attentari.
2131 3347 2224 3385 Non
2254 3343 2414 3384 obstan-

1363 3415 1473 3457 tibus
1489 3415 1674 3455 Decreto
1689 3437 1703 3460 ,
1718 3411 1756 3452 &
1776 3407 1904 3451 literis
1922 3404 2063 3448 nostris
2080 3399 2250 3457 praefatis
2268 3431 2282 3452 ,
2309 3400 2415 3443 aliis-

1364 3487 1442 3529 que
1454 3470 1796 3519 ordinationibus,
1808 3462 2223 3509 &constitutionibus
2241 3460 2416 3516 Aposto-

1367 3532 1480 3583 licis,
1507 3528 1737 3584 caeterisque
1749 3523 1959 3568 contrariis
1975 3520 2301 3577 quibuscunque.
2331 3522 2418 3562 Vo-

1367 3591 1496 3632 lumus
1518 3597 1655 3632 autem
1679 3613 1693 3637 ,
1725 3595 1768 3627 ut
1793 3581 1968 3639 ipsarum
1996 3578 2247 3635 praesentium
2273 3579 2417 3620 litera-

1369 3664 1458 3692 rum
1473 3644 1730 3700 transumptis
1742 3671 1756 3693 ‚
1785 3641 1849 3683 seu
1863 3639 2090 3695 exemplis,
2106 3639 2230 3682 etiam
2249 3633 2416 3692 impres-

1380 3708 1444 3758 ῦς,
1459 3717 1573 3749 manu
1591 3701 1757 3758 alicujus
1782 3700 1941 3743 Notarii
1961 3699 2109 3755 publici
2131 3695 2415 3752 subscriptis,&

268 3760 419 3804 tionem
436 3787 449 3812 ‚
472 3761 512 3801 δι
537 3774 694 3806 maneat
722 3767 758 3807 in
774 3765 909 3808 officio
933 3765 1052 3822 usque
1067 3763 1118 3808 ad
1135 3764 1318 3820 comple·
1379 3762 1524 3821 sigillo
1540 3760 1715 3818 personae
1743 3760 1782 3803 in
1797 3758 2072 3802 Ecclefiastica
2090 3758 2299 3815 Dignitate
2315 3766 2413 3795 con-

2217 3814 2355 3855 stitutae
