2658 4244
85 2291 155 2329 plex
170 2308 180 2318 .

936 311 1096 400 Sub
1156 309 1537 400 Clemente
1595 311 1795 400 XII,

288 431 498 493 ptennium
514 434 669 478 tantum
687 430 888 477 vilitatis.
921 430 1121 474 Volumus
1148 439 1286 471 autem
1305 457 1333 479 ,.

289 508 349 546 ut,
364 495 388 535 fi
402 509 476 550 pro
491 494 774 551 impetratione
790 521 808 542 ‚
821 489 1125 547 praesentatione
1139 515 1154 537 2
1173 486 1335 530 admi&

290 555 397 598 sio-ne
412 582 426 604 ,
458 553 523 597 seu
556 552 828 609 publicatione
869 546 1120 605 praesentium
1163 546 1318 603 aliquid

289 613 355 655 vel
382 613 587 654 minimum
611 611 757 664 detur,
776 620 843 653 aut
857 608 997 665 sponte
1009 605 1196 648 oblatum
1211 607 1319 648 reci-

289 673 436 728 piatur,
450 669 662 725 praesentes
675 671 793 713 nullae
807 668 880 711 {int
893 698 911 718 ,
923 677 1047 722 utque
1063 664 1317 720 praesentium

289 727 564 784 transumptis,
572 730 639 771 seu
651 728 859 784 exempliS,
870 729 992 770 etiam
1005 722 1217 779 impressis,
1233 737 1319 765 ma-

287 803 339 832 nu
362 787 528 844 alicujus
558 789 718 831 Notarii
746 786 895 842 publici
915 783 1175 841 subscriptis,
1206 785 1246 824 &
1269 780 1318 822 fi-

288 846 386 903 gillo
399 847 573 902 persona!
598 848 636 888 in
660 843 931 888 Ecclefiastica
957 843 1159 898 dignitate
1173 841 1318 884 consti-

287 917 381 949 tutae
395 906 583 956 munitis,
598 905 744 947 eadem
757 903 915 959 prorsus
931 902 1028 943 fides
1053 901 1292 945 adhibeatur
1307 925 1325 947 2

288 979 371 1021 quae
398 963 659 1006 adhiberetur
689 962 778 1017 ipsis
807 961 1068 1018 pra-sentibus
1088 989 1106 1011 2
1131 962 1158 1000 fi
1182 957 1323 1000 forent

287 1023 474 1066 exhibitae
489 1050 504 1072 ,
535 1022 601 1063 vel
626 1017 806 1062 ostensae.
853 1024 1009 1078 Datum*
1037 1022 1175 1076 Roma:
1215 1014 1323 1072 apud

290 1083 475 1125 Sanuam
486 1081 657 1122 Mariam
674 1079 871 1137 Majorem
885 1077 951 1120 sub
970 1079 1134 1120 Annulo
1148 1078 1323 1119 Piscato—

289 1141 346 1183 ris
371 1139 449 1181 Die
466 1137 726 1193 xx111.Julii
754 1145 1031 1181 MDccxxxvr.
1058 1134 1326 1179 Pontificatus

291 1197 426 1245 Nostri
451 1199 572 1240 Anno
594 1196 806 1252 Septimo.

868 1259 916 1300 F.
951 1255 1067 1299 card.
1104 1256 1293 1298 Oliverius
1309 1282 1320 1294 .

353 1355 462 1408 Orig-
484 1355 530 1395 in
543 1362 721 1410 pergam.
747 1366 833 1395 cum
864 1355 955 1396 aliis
983 1355 1140 1408 exempl.
1154 1353 1321 1399 habetur

392 1410 474 1468 stab
500 1413 564 1454 lit.
595 1414 648 1454 R.
671 1426 776 1454 num.
807 1423 872 1463 50.

519 1563 1102 1607 RESCRIPTO.

291 1647 518 1699 Concedit
534 1683 552 1705 ,
583 1662 634 1698 ut
651 1647 795 1697 Miffae
813 1683 829 1704 ,
854 1666 951 1712 quae
966 1664 1021 1696 ex
1041 1647 1206 1699 statuto
1224 1683 1241 1706 ‚
1273 1647 1322 1699 ὃς

323 1717 408 1766 usu
445 1717 698 1784 Religionis
727 1733 811 1781 pro
849 1714 1086 1765 Defunffis
1116 1721 1319 1767 Summis

327 1784 624 1837 Pontificibus
637 1821 652 1842 ,
670 1786 794 1835 Emis
814 1785 1150 1835 Prote&oribus
1167 1823 1182 1845 ,
1198 1791 1322 1838 Prin-

329 1858 504 1924 cipibus
516 1853 609 1907 &c.
623 1891 639 1913 ‚
667 1854 716 1907 ὃς
730 1854 1048 1924 Superioribus
1069 1859 1323 1921 Majoribus

335 1926 526 1976 Ordinis
543 1958 559 1983 ,
584 1925 983 1976 &provinciarum
999 1963 1015 1984 ,
1043 1944 1216 1977 necnon
1242 1947 1326 1997 pto

336 1995 568 2045 Fratribus
587 1996 817 2054 dicuntur,
833 1998 1015 2046 valeant
1028 2032 1045 2055 ,
1059 2015 1110 2046 ac
1129 1997 1160 2048 si
1178 1997 1328 2049 forent

336 2066 467 2116 dietae
482 2068 528 2114 in
550 2067 702 2117 Altari
721 2067 1018 2137 Privilegiato
1034 2104 1047 2116 .

602 2166 840 2234 Beatiffi'me
871 2166 997 2218 Pater
1010 2205 1025 2218 .

92 2248 215 2279 Lfb‘um
232 2248 282 2280 δ”·
305 2256 387 2369 P
407 2255 642 2296 Rocurator
673 2253 890 2296 Generalis
923 2255 1226 2312 Capucinorum
1259 2270 1329 2298 re·

421 2322 612 2354 verenter
628 2313 846 2367 prostratus
860 2313 909 2355 ad
924 2312 1057 2358 Pedes
1065 2314 1177 2356 Sacri
1194 2316 1326 2357 Thro-

300 2374 340 2415 ni
370 2371 596 2416 Sanctitatis
627 2371 776 2412 Vestrae
792 2402 808 2421 ,
832 2371 1056 2414 humillime
1081 2373 1227 2415 Eidem
1252 2388 1324 2416 ex-

299 2432 414 2487 ponit
432 2459 445 2482 ,
460 2430 568 2486 quod
584 2429 605 2471 a
623 2430 984 2473 Constitutionibus
1009 2432 1081 2472 suae
1095 2431 1322 2487 Religionis

298 2489 535 2534 ordinatum
547 2487 594 2530 fit
609 2516 624 2539 ,
638 2498 712 2539 ut,
731 2491 756 2530 fi
771 2491 857 2545 quis
877 2490 1021 2533 Frater
1035 2490 1058 2531 ὲ
1079 2491 1180 2531 vivis
1195 2490 1321 2535 disce-

297 2546 398 2596 dat,
425 2546 597 2603 quilibet
613 2545 686 2588 suae
698 2549 919 2590 Provinciae
935 2546 1132 2590 Sacerdos
1149 2548 1327 2592 eidem.»

296 2604 416 2648 unius
441 2602 562 2647 Miffae
576 2604 785 2647 Sacrificio
809 2606 859 2648 ad
873 2605 987 2647 divas
1001 2619 1086 2648 aras
1098 2618 1288 2661 parentet
1302 2638 1324 2659 ,.

297 2664 515 2718 vigeatque
531 2663 686 2714 pariter
702 2665 742 2705 in
767 2678 815 2706 ea
828 2663 1080 2707 consuetudo
1093 2693 1113 2714 ,
1136 2677 1181 2708 ut
1197 2667 1318 2723 quili-

296 2722 367 2763 bet
389 2716 567 2778 ejusdem
596 2721 824 2775 Religionis
855 2724 1055 2766 Sacerdos
1079 2733 1161 2767 tres
1188 2725 1322 2770 Miffas-

294 2793 368 2837 pro
386 2780 556 2822 Summis
578 2780 870 2832 Pontificibus,
895 2795 971 2836 pro
994 2783 1318 2826 Eminentissimis

296 2838 599 2881 Protefioribus
617 2867 632 2890 ,
662 2853 737 2895 pro
767 2842 1055 2895 Imperatore,
1083 2855 1158 2897 pro
1189 2845 1319 2899 Regi-

295 2901 398 2946 bus,
423 2897 639 2950 &proiis‚
663 2898 732 2952 qui
748 2897 941 2953 majorem
966 2899 1131 2941 Ordinis
1157 2901 1321 2944 clavum·

297 2956 563 2998 moderantur
578 2983 592 3005 ‚
622 2954 720 2998 ficut
743 2970 816 3011 pro
844 2956 1101 3010 Principibus
1125 2957 1316 3013 supremis

296 3008 513 3069 respective
542 3013 580 3055 in
618 3025 762 3056 eorum
788 3015 1013 3056 Provinciis
1030 3040 1044 3062 ,
1070 3030 1115 3057 ac
1144 3019 1315 3063 harum..

295 3071 581 3127 Superioribus
608 3072 823 3130 majoribus
848 3072 1063 3125 celebret3
1086 3075 1189 3118 Inde
1217 3081 1318 3120 San-

294 3130 421 3172 &irati
444 3130 591 3172 Vestrae
613 3130 837 3173 humillime
864 3129 1059 3187 supplicat
1074 3163 1090 3184 ,
1114 3145 1318 3189 quatenus

295 3187 523 3231 concedere
537 3188 752 3243 dignetur,
766 3201 836 3241 ut,
854 3190 922 3231 ubi
939 3189 1077 3233 satisfit
1094 3192 1214 3234 Miffis
1231 3210 1316 3238 me-

294 3246 459 3288 moratis
476 3275 489 3297 ,
514 3248 572 3288 hae
599 3247 790 3298 valeant,
818 3262 864 3290 ac
887 3249 914 3288 fi
940 3246 1076 3292 forent
1101 3252 1319 3297 celebrata.-

296 3307 338 3346 in
354 3304 557 3348 Altaribus
581 3305 855 3361 Privilcgiatis
871 3336 882 3348 .
906 3308 1039 3366 Qam
1055 3312 1164 3352 Deus
1181 3313 1258 3353 &c.

296 3398 426 3447 Foris
444 3433 455 3445 .
527 3393 782 3459 Sanc‘liffi'mo
813 3396 995 3445 Domino
1018 3395 1171 3465 Nostro
1201 3402 1325 3470 Papae

648 3466 851 3514 Clementi
881 3465 1003 3518 XII.

1125 3540 1199 3583 Pro

430 3598 685 3638 Procuratore
715 3596 900 3637 Generali
924 3599 1205 3652 Capacinorum
1220 3629 1233 3640 .

663 3667 916 3727 Rescriptum
932 3699 943 3711 .

525 3731 603 3770 Dic
638 3736 701 3770 16.
719 3727 950 3784 Septembris
970 3733 1089 3786 1736.

392 3787 656 3832 sanstiffimus
687 3789 824 3830 annuit
848 3787 898 3830 ad
926 3791 1191 3845 Septennium
1209 3821 1220 3833 .

350 3883 460 3937 Orig.
476 3883 518 3922 in
536 3882 702 3924 Archino
721 3884 900 3938 generali
921 3885 1023 3925 Tam.
1051 3885 1102 3925 R.
1128 3896 1229 3925 num.
1245 3897 1316 3937 44.

1381 429 1699 496 I-ndulgentias
1721 464 1737 486 ,
1760 428 1809 479 ὃς
1839 427 2075 483 facultates
2110 436 2424 488 Confessario-

1414 518 1518 550 rum
1545 502 1591 547 in
1616 500 1869 549 Provinciis
1897 502 2267 556 Ultramontanis
2284 544 2299 567 ,
2337 525 2422 576 pto

1413 571 1643 631 Oratione
1675 570 1733 617 ad
1763 569 2061 640 quadraginta
2102 577 2231 624 horas
2273 581 2422 627 conti-

1413 654 1601 698 nuatas,
1630 639 1773 688 nostis
1805 655 1957 692 tamen
1984 657 2191 711 tempore
2216 648 2419 716 interpoe

1412 714 1523 767 latas
1537 746 1556 769 ,
1584 708 1756 764 ultimo
1773 709 2019 766 confirmat
2035 748 2051 762 .

1485 842 1880 891 CLEMENS
1931 844 2132 893 PAPA
2184 847 2310 897 XII.

1574 958 1644 1002 Ad
1651 955 1843 1016 fhturam
1867 962 1931 1002 rei
1955 963 2205 1004 memoriam.

1506 1078 1544 1121 D
1560 1089 1606 1118 ea
1621 1103 1636 1127 ,
1662 1090 1736 1133 per
1750 1091 1831 1133 que
1842 1077 2178 1122 Christifidelium
2194 1077 2297 1121 salus
2316 1094 2414 1134 pro-

1522 1135 1686 1177 curatur
1700 1137 1954 1187 Animarum,
1966 1136 2143 1180 libenter
2159 1137 2411 1179 intendimus

1382 1208 1510 1250 eaque
1544 1190 1991 1256 favoreprosequimur
2015 1208 2249 1252 opportuno
2265 1226 2275 1236 .
2306 1200 2417 1239 Cum

1380 1254 1514 1312 itaque
1530 1281 1544 1304 ,
1570 1252 1668 1296 sicut
1697 1253 1926 1309 accepimus
1945 1284 1958 1306 ,
1981 1253 2119 1297 dilecti
2137 1256 2227 1298 Filii
2245 1257 2416 1297 Fratres

1379 1312 1543 1354 Ordinis
1572 1312 1781 1355 Minorum
1797 1312 1929 1356 saneti
1956 1313 2157 1361 francisci
2177 1314 2416 1370 Capucino-

1380 1385 1474 1415 rum
1488 1381 1832 1426 nuncupatorum,
1846 1373 2094 1417 Orationem
2108 1372 2412 1429 quadraginta„

1382 1433 1575 1472 horarum
1597 1429 1646 1471 ad
1661 1429 1899 1471 Animarum
1915 1430 2086 1474 salutem
2114 1432 2341 1487 augendam
2369 1431 2409 1472 in

1382 1488 1708 1530 Ultramontanis
1736 1489 1915 1540 partibus
1931 1516 1945 1538 ,
1974 1489 2016 1529 in
2053 1489 2240 1532 Ecclefiis
2253 1489 2414 1531 Civita-

1383 1555 1470 1586 tum
1486 1570 1500 1592 2
1512 1546 1555 1584 δε,
1569 1547 1773 1587 Locorum
1788 1572 1801 1593 ,
1817 1546 1883 1586 ubi
1901 1545 1969 1599 ips»
1985 1550 2225 1589 Conventus
2244 1546 2416 1596 habent,

1379 1602 1589 1645 instituere
1613 1601 1799 1653 soleant3
1827 1605 1917 1645 Nos.
1940 1602 2048 1658 pium
2080 1633 2093 1656 ,
2128 1607 2169 1647 δε
2195 1608 2384 1648 sanetum
2403 1632 2419 1655 2

1381 1672 1541 1701 necnon¹
1554 1661 1646 1700 Deo
1671 1660 1925 1713 acceptabile
1944 1675 2042 1714 opus
2066 1663 2297 1719 hujusmodi
2324 1677 2421 1718 pro-

1381 1730 1552 1758 movere
1576 1716 1814 1771 cupienteS,
1842 1718 2030 1760 omnibus
2049 1719 2261 1775 utriusque
2290 1719 2417 1762 Sexus

1383 1772 1725 1817 Christifidelibus
1744 1774 1841 1816 vere
1856 1776 2148 1830 poenitentibus
2164 1806 2178 1829 ,
2201 1780 2240 1818 δι
2258 1777 2418 1820 confes-

1383 1833 1429 1875 fis
1446 1861 1460 1884 ,
1487 1846 1531 1874 ac
1550 1836 1670 1875 Sacra
1683 1835 1983 1876 Communione
1999 1833 2155 1878 refectis
2172 1866 2187 1887 ,
2218 1838 2287 1890 qui
2305 1839 2413 1879 Ora-

1384 1891 1485 1933 tioni
1513 1890 1776 1946 quadraginta
1803 1892 1997 1934 horarum
2022 1893 2247 1950 hujusmodi
2274 1895 2408 1938 conti-

1385 1961 1596 1995 nuatarum
1626 1950 1739 2005 (non
1755 1961 1891 1993 autem
1918 1952 1983 1993 nisi
2006 1955 2137 1996 noctis
2153 1965 2336 2011 tempore
2352 1955 2415 2001 inq

1385 2007 1694 2063 terpolatarum)
1709 2006 1762 2050 de
1777 2008 1882 2051 licen
1890 2009 1943 2051 tia
1958 2012 2279 2055 Ordinariorum
2296 2013 2414 2056 loco-

1385 2080 1475 2109 rum
1491 2067 1528 2108 in
1540 2066 1790 2121 quibuslibet
1803 2068 1999 2110 Ecclefiis
2010 2069 2210 2113 dictorum
2224 2070 2412 2113 locorum

1385 2124 1508 2167 semel
1523 2124 1559 2165 in
1571 2138 1674 2166 anno
1687 2125 2025 2182 instituendae,per
2039 2128 2205 2183 aliquod·
2215 2128 2413 2183 temporis

1384 2184 1552 2239 spatium
1567 2183 1717 2226 devote
1741 2183 2001 2226 interfuerint
2017 2213 2031 2235 ,
2058 2187 2099 2226 &
2119 2187 2175 2227 ibi
2188 2200 2268 2240 pro
2282 2187 2411 2229 Chri-

1384 2243 1598 2284 stianorum
1612 2242 1839 2296 Principum
1853 2242 2272 2300 concordia,heresum
2284 2246 2412 2287 extir-

1383 2300 1549 2356 patione
1565 2329 1578 2351 ,
1605 2314 1648 2342 ac
1664 2304 1811 2342 sanetae
1828 2302 1969 2343 Matris
1987 2302 2176 2345 Ecclefiae
2196 2304 2412 2345 exaltatio-

1384 2373 1459 2409 ne,
1474 2359 1554 2414 pias
1570 2359 1619 2400 ad
1635 2362 1768 2400 Deum
1783 2373 1925 2415 preces
1940 2359 2174 2413 effuderint,
2188 2362 2411 2417 plenariam

1382 2418 1560 2460 omnium
1577 2428 1838 2472 peccatorum
1852 2416 2012 2461 suorum
2025 2419 2324 2474 indulgen-tiam
2339 2449 2353 2471 ,
2368 2422 2408 2461 &

1380 2473 1645 2519 remissionem
1661 2474 1978 2519 misericorditer
2003 2477 2040 2518 in
2067 2479 2241 2519 Domino
2258 2491 2412 2519 conce·

1380 2534 1510 2575 dimus
1525 2546 1540 2585 3
1563 2533 1752 2575 omnibus
1767 2536 1867 2576 vero
1879 2561 1893 2583 ,
1909 2536 1944 2575 Sc
1961 2534 2116 2589 singulis
2131 2532 2408 2587 Confeffariis,

1380 2593 1431 2634 ab
1454 2591 1678 2633 Ordinariis
1695 2592 1879 2634 locorum
1897 2591 2116 2650 respet‘tive
2144 2594 2377 2649 approbatis
2392 2622 2407 2645 ,

1378 2651 1446 2708 qui
1473 2650 1512 2691 in
1532 2650 1718 2693 Ecclefiis
1733 2651 1931 2707 praediffis
1942 2653 2149 2695 occasione
2165 2652 2275 2694 dicta:
2296 2654 2407 2694 Ora-

1378 2709 1502 2752 tionis
1515 2707 1564 2750 ad
1579 2708 1798 2753 audiendas
1821 2709 2097 2754 confessiones
2113 2710 2300 2764 deputati
2315 2710 2407 2753 fue-

1378 2770 1488 2818 rint,
1518 2781 1656 2809 omnes
1673 2796 1687 2819 ,
1714 2769 1751 2809 &
1766 2766 2023 2826 quoscunque
2046 2768 2254 2824 utriusque
2278 2767 2405 2811 Sexi'is

1378 2824 1670 2870 Christifideles
1686 2826 1933 2882 poenitentes
1946 2855 1960 2878 ,
1973 2826 2023 2868 ab
2036 2828 2221 2870 omnstms
2244 2826 2407 2883 quibus-

1377 2898 1547 2940 cumque
1561 2914 1580 2936 ,.
1605 2884 1644 2926 in
1662 2885 1910 2940 praeteritum
1935 2886 2060 2941 usq-ue
2088 2886 2140 2928 ad
2168 2885 2278 2928 diem
2298 2886 2401 2928 datae

1375 2942 1620 3000 praesentium
1644 2942 1852 2984 commiffis
1883 2944 2115 2989 criminibus
2131 2973 2145 2996 ,
2170 2946 2211 2986 &
2235 2943 2400 2986 exceffi-

1378 3005 1466 3053 bus,
1477 3002 1597 3044 etiam
1614 3001 1741 3043 Nobis
1757 3031 1772 3051 ,
1786 3003 1830 3042 &1
1845 3002 2082 3060 Apostolicae
2101 3003 2196 3047 Sedi
2222 3001 2404 3044 reserva-

1378 3061 1427 3102 tis
1454 3059 1667 3115 (haeresis,
1689 3058 1882 3112 (imoniae,
1908 3075 1954 3104 ac
1968 3061 2095 3104 duelli
2111 3091 2126 3113 ,
2152 3064 2191 3103 &
2214 3060 2401 3103 violatio-

1376 3120 1437 3162 nis
1450 3117 1640 3162 clausurae
1656 3119 1992 3164 Monasteriorum
2006 3120 2242 3164 Monialium
2252 3147 2266 3169 ,
2282 3121 2322 3159 &
2336 3131 2401 3160 re-

1376 3175 1513 3220 cursfis
1530 3177 1580 3221 ad
1588 3177 1753 3235 Judices
1769 3177 1893 3220 laicos
1908 3189 2050 3221 contra
2068 3177 2238 3219 formam
2253 3178 2401 3218 Sacro·

1375 3251 1464 3278 rum
1477 3239 1687 3280 Canonum
1707 3236 1920 3293 exceptis)
1944 3247 2102 3279 necnon
2121 3234 2401 3277 excommuni-

1380 3295 1550 3338 cationis
1564 3323 1578 3346 ,
1601 3293 1766 3350 aliisque
1775 3294 1984 3336 sententiis
1995 3323 2010 3344 ,
2033 3292 2206 3336 censuris
2220 3321 2237 3344 ,
2257 3294 2297 3334 &
2309 3307 2398 3348 poe«

1380 3354 1440 3396 nis
1455 3381 1470 3404 ,
1490 3354 1610 3395 etiam
1637 3354 1674 3394 in
1693 3354 1842 3398 Literis
1855 3352 1950 3402 ‚die
1963 3356 2103 3395 Coenae
2124 3350 2286 3393 Domini
2314 3351 2397 3407 legi

1379 3409 1501 3454 solitis
1517 3414 1744 3461 contentis,
1756 3411 1793 3451 in
1810 3411 2060 3463 praeteritum
2079 3409 2259 3452 (imiliter
2275 3405 2400 3465 usque

1379 3470 1430 3512 ad
1457 3470 1562 3514 diem
1589 3470 1692 3512 datae
1721 3468 1973 3524 praesentium
1999 3468 2190 3518 incurfis,
2212 3467 2397 3524 imposita

1377 3528 1544 3570 cuilibet
1559 3528 1729 3570 arbitrio
1742 3525 1811 3569 suo
1825 3526 2071 3582 poenitentia
2086 3525 2268 3578 salutari,
2277 3527 2318 3570 in
2333 3525 2397 3569 fo-

1376 3601 1423 3629 ro
1436 3587 1684 3629 conscientiae
1696 3586 1851 3628 tantum
1864 3584 2115 3637 absolvendi,
2128 3584 2369 3629 facultatem
2384 3615 2400 3637 ,

1377 3647 1418 3687 &
1433 3646 1707 3688 aucioritatem
1730 3659 1803 3699 pro
1817 3645 1944 3699 prima
1960 3644 2050 3687 vice
2063 3644 2236 3695 tantum,
2253 3652 2396 3687 tenore

1377 3705 1626 3759 praesentium
1639 3703 1902 3748 concedimus
1914 3731 1928 3754 ,
1942 3704 2247 3759 &impertimur
2260 3733 2273 3744 .
2300 3707 2396 3747 Non

1376 3763 1618 3805 obstantibus
1637 3761 1874 3817 Apostolicis
1887 3792 1906 3812 ‚
1931 3762 2029 3804 acin
2046 3762 2367 3805 provincialibus
2383 3790 2397 3813 ,

1375 3822 1415 3862 &
1442 3821 1707 3864 Generalibus
1734 3821 1932 3863 Conciliis
1956 3821 2076 3864 editis
2103 3821 2365 3878 generalibus
2381 3851 2395 3872 ,

1376 3879 1443 3922 vel
1469 3880 1704 3937 specialibus
1730 3880 2124 3931 constitutionibus,
2149 3883 2189 3922 &
2213 3880 2395 3923 Ordina-

2163 3939 2336 3981 tionibus
