<?xml version="1.0" encoding="UTF-8"?>
<!DOCTYPE html PUBLIC "-//W3C//DTD XHTML 1.0 Transitional//EN"
    "http://www.w3.org/TR/xhtml1/DTD/xhtml1-transitional.dtd">
<html xmlns="http://www.w3.org/1999/xhtml" xml:lang="en" lang="en">
 <head>
  <title>
</title>
<meta http-equiv="Content-Type" content="text/html;charset=utf-8" />
  <meta name='ocr-system' content='tesseract 3.04.00' />
  <meta name='ocr-capabilities' content='ocr_page ocr_carea ocr_par ocr_line ocrx_word'/>
</head>
<body>
  <div class='ocr_page' id='page_1' title='image "./bullariumordinis01cath_0275.png"; bbox 0 0 2658 4244; ppageno 0'>
   <div class='ocr_carea' id='block_1_1' title="bbox 955 275 1795 370">
    <p class='ocr_par' dir='ltr' id='par_1_1' title="bbox 955 275 1795 370">
     <span class='ocr_line' id='line_1_1' title="bbox 955 275 1795 370; baseline -0.013 0"><span class='ocrx_word' id='word_1_1' title='bbox 955 278 1114 370; x_wconf 74' lang='lat' dir='ltr'>sub</span> <span class='ocrx_word' id='word_1_2' title='bbox 1176 277 1556 364; x_wconf 72' lang='lat' dir='ltr'>Clemente</span> <span class='ocrx_word' id='word_1_3' title='bbox 1616 275 1795 362; x_wconf 83' lang='lat' dir='ltr'><em>XII.</em></span> 
     </span>
    </p>
   </div>
   <div class='ocr_carea' id='block_1_2' title="bbox 301 397 1338 743">
    <p class='ocr_par' dir='ltr' id='par_1_2' title="bbox 301 397 1338 743">
     <span class='ocr_line' id='line_1_2' title="bbox 304 397 1338 454; baseline -0.01 -6"><span class='ocrx_word' id='word_1_4' title='bbox 304 404 408 449; x_wconf 67' lang='lat' dir='ltr'>dinis</span> <span class='ocrx_word' id='word_1_5' title='bbox 438 399 597 446; x_wconf 83' lang='lat' dir='ltr'>munitis</span> <span class='ocrx_word' id='word_1_6' title='bbox 621 400 634 452; x_wconf 66' lang='grc' dir='ltr'>ζ,</span> <span class='ocrx_word' id='word_1_7' title='bbox 665 400 805 443; x_wconf 87' lang='lat' dir='ltr'>eadem</span> <span class='ocrx_word' id='word_1_8' title='bbox 832 398 990 454; x_wconf 85' lang='lat' dir='ltr'>prorsus</span> <span class='ocrx_word' id='word_1_9' title='bbox 1017 398 1115 441; x_wconf 70' lang='lat' dir='ltr'>fides</span> <span class='ocrx_word' id='word_1_10' title='bbox 1142 397 1338 439; x_wconf 88' lang='lat' dir='ltr'>adhibea—</span> 
     </span>
     <span class='ocr_line' id='line_1_3' title="bbox 304 453 1336 520; baseline -0.011 -14"><span class='ocrx_word' id='word_1_11' title='bbox 304 475 372 508; x_wconf 83' lang='lat' dir='ltr'>tur</span> <span class='ocrx_word' id='word_1_12' title='bbox 388 493 400 515; x_wconf 84' lang='lat'>‚</span> <span class='ocrx_word' id='word_1_13' title='bbox 422 476 506 520; x_wconf 88' lang='lat' dir='ltr'>quae</span> <span class='ocrx_word' id='word_1_14' title='bbox 523 461 785 504; x_wconf 84' lang='lat' dir='ltr'>adhiberetur</span> <span class='ocrx_word' id='word_1_15' title='bbox 802 457 889 512; x_wconf 84' lang='lat' dir='ltr'>ipsis</span> <span class='ocrx_word' id='word_1_16' title='bbox 906 457 1165 513; x_wconf 82' lang='lat' dir='ltr'>praesentibus</span> <span class='ocrx_word' id='word_1_17' title='bbox 1180 486 1194 507; x_wconf 82' lang='lat'>‚</span> <span class='ocrx_word' id='word_1_18' title='bbox 1220 457 1246 495; x_wconf 85' lang='lat' dir='ltr'>fi</span> <span class='ocrx_word' id='word_1_19' title='bbox 1271 453 1336 496; x_wconf 86' lang='lat' dir='ltr'>fo-</span> 
     </span>
     <span class='ocr_line' id='line_1_4' title="bbox 301 516 1337 571; baseline -0.009 -5"><span class='ocrx_word' id='word_1_20' title='bbox 301 535 394 566; x_wconf 75' lang='lat' dir='ltr'>rent</span> <span class='ocrx_word' id='word_1_21' title='bbox 423 522 608 565; x_wconf 65' lang='lat' dir='ltr'>exhibita</span> <span class='ocrx_word' id='word_1_22' title='bbox 636 549 649 571; x_wconf 87' lang='lat'>,</span> <span class='ocrx_word' id='word_1_23' title='bbox 694 517 760 562; x_wconf 87' lang='lat' dir='ltr'>vei</span> <span class='ocrx_word' id='word_1_24' title='bbox 783 516 955 560; x_wconf 81' lang='lat' dir='ltr'>ostensae.</span> <span class='ocrx_word' id='word_1_25' title='bbox 1010 518 1160 558; x_wconf 85' lang='lat' dir='ltr'>Datum</span> <span class='ocrx_word' id='word_1_26' title='bbox 1198 516 1337 557; x_wconf 84' lang='lat' dir='ltr'>Romae</span> 
     </span>
     <span class='ocr_line' id='line_1_5' title="bbox 305 572 1336 638; baseline -0.01 -14"><span class='ocrx_word' id='word_1_27' title='bbox 305 581 408 638; x_wconf 87' lang='lat' dir='ltr'>apud</span> <span class='ocrx_word' id='word_1_28' title='bbox 424 589 464 625; x_wconf 76' lang='grc'>5.</span> <span class='ocrx_word' id='word_1_29' title='bbox 481 582 652 622; x_wconf 83' lang='lat' dir='ltr'>Mariam</span> <span class='ocrx_word' id='word_1_30' title='bbox 668 575 870 632; x_wconf 81' lang='lat' dir='ltr'><strong>Maiorem</strong></span> <span class='ocrx_word' id='word_1_31' title='bbox 890 576 961 619; x_wconf 90' lang='lat' dir='ltr'>sub</span> <span class='ocrx_word' id='word_1_32' title='bbox 976 573 1139 618; x_wconf 87' lang='lat' dir='ltr'>Annulo</span> <span class='ocrx_word' id='word_1_33' title='bbox 1158 572 1336 616; x_wconf 84' lang='lat' dir='ltr'>Piscato-</span> 
     </span>
     <span class='ocr_line' id='line_1_6' title="bbox 304 631 1334 683; baseline -0.008 -1"><span class='ocrx_word' id='word_1_34' title='bbox 304 644 358 683; x_wconf 86' lang='lat' dir='ltr'>ris</span> <span class='ocrx_word' id='word_1_35' title='bbox 375 642 450 683; x_wconf 90' lang='lat' dir='ltr'>Die</span> <span class='ocrx_word' id='word_1_36' title='bbox 463 652 583 681; x_wconf 84' lang='lat' dir='ltr'>xxiv.</span> <span class='ocrx_word' id='word_1_37' title='bbox 600 635 844 681; x_wconf 88' lang='lat' dir='ltr'>Novembris</span> <span class='ocrx_word' id='word_1_38' title='bbox 861 647 1138 679; x_wconf 78' lang='lat' dir='ltr'>Moccxxxix.</span> <span class='ocrx_word' id='word_1_39' title='bbox 1165 631 1334 678; x_wconf 86' lang='lat' dir='ltr'>Pontifi-</span> 
     </span>
     <span class='ocr_line' id='line_1_7' title="bbox 305 697 898 743; baseline -0.01 -2"><span class='ocrx_word' id='word_1_40' title='bbox 305 709 414 743; x_wconf 85' lang='lat' dir='ltr'>catus</span> <span class='ocrx_word' id='word_1_41' title='bbox 429 698 567 743; x_wconf 89' lang='lat' dir='ltr'>Nostri</span> <span class='ocrx_word' id='word_1_42' title='bbox 581 711 684 741; x_wconf 87' lang='lat' dir='ltr'>anno</span> <span class='ocrx_word' id='word_1_43' title='bbox 701 697 873 739; x_wconf 88' lang='lat' dir='ltr'>Decimo</span> <span class='ocrx_word' id='word_1_44' title='bbox 888 723 898 735; x_wconf 92' lang='lat'>.</span> 
     </span>
    </p>
   </div>
   <div class='ocr_carea' id='block_1_3' title="bbox 743 810 1221 870">
    <p class='ocr_par' dir='ltr' id='par_1_3' title="bbox 743 810 1221 870">
     <span class='ocr_line' id='line_1_8' title="bbox 743 810 1221 870; baseline -0.008 -14"><span class='ocrx_word' id='word_1_45' title='bbox 743 817 798 856; x_wconf 92' lang='lat' dir='ltr'>D.</span> <span class='ocrx_word' id='word_1_46' title='bbox 834 813 952 856; x_wconf 80' lang='lat' dir='ltr'>Card.</span> <span class='ocrx_word' id='word_1_47' title='bbox 985 810 1191 870; x_wconf 80' lang='lat' dir='ltr'>Paffloneus</span> <span class='ocrx_word' id='word_1_48' title='bbox 1208 838 1221 852; x_wconf 83' lang='lat'>.</span> 
     </span>
    </p>
   </div>
   <div class='ocr_carea' id='block_1_4' title="bbox 545 943 1098 1011">
    <p class='ocr_par' dir='ltr' id='par_1_4' title="bbox 545 943 1098 1011">
     <span class='ocr_line' id='line_1_9' title="bbox 545 943 1098 1011; baseline -0.011 0"><span class='ocrx_word' id='word_1_49' title='bbox 545 943 1098 1011; x_wconf 91' lang='lat' dir='ltr'><strong>NOTA.</strong></span> 
     </span>
    </p>
   </div>
   <div class='ocr_carea' id='block_1_5' title="bbox 297 1086 1337 1380">
    <p class='ocr_par' dir='ltr' id='par_1_5' title="bbox 396 1086 1337 1136">
     <span class='ocr_line' id='line_1_10' title="bbox 396 1086 1337 1136; baseline -0.003 -9"><span class='ocrx_word' id='word_1_50' title='bbox 396 1087 575 1127; x_wconf 82' lang='lat' dir='ltr'>Onceffam</span> <span class='ocrx_word' id='word_1_51' title='bbox 597 1087 694 1124; x_wconf 70' lang='lat' dir='ltr'>fuisse</span> <span class='ocrx_word' id='word_1_52' title='bbox 718 1087 807 1124; x_wconf 85' lang='lat' dir='ltr'>hanc</span> <span class='ocrx_word' id='word_1_53' title='bbox 834 1087 1084 1134; x_wconf 80' lang='lat' dir='ltr'>indulgentiam</span> <span class='ocrx_word' id='word_1_54' title='bbox 1093 1086 1163 1136; x_wconf 76' lang='lat' dir='ltr'>jam</span> <span class='ocrx_word' id='word_1_55' title='bbox 1182 1099 1260 1126; x_wconf 88' lang='lat' dir='ltr'>ante</span> <span class='ocrx_word' id='word_1_56' title='bbox 1277 1089 1337 1125; x_wconf 71' lang='grc' dir='ltr'>Γω-</span> 
     </span>
    </p>

    <p class='ocr_par' dir='ltr' id='par_1_6' title="bbox 297 1136 1337 1380">
     <span class='ocr_line' id='line_1_11' title="bbox 407 1136 1333 1186; baseline -0.003 -11"><span class='ocrx_word' id='word_1_57' title='bbox 407 1140 536 1182; x_wconf 86' lang='lat' dir='ltr'>culum,</span> <span class='ocrx_word' id='word_1_58' title='bbox 551 1138 587 1172; x_wconf 90' lang='lat'>&amp;</span> <span class='ocrx_word' id='word_1_59' title='bbox 599 1137 800 1172; x_wconf 77' lang='lat' dir='ltr'>immInente</span> <span class='ocrx_word' id='word_1_60' title='bbox 812 1136 968 1183; x_wconf 77' lang='lat' dir='ltr'>Capituli</span> <span class='ocrx_word' id='word_1_61' title='bbox 979 1137 1161 1173; x_wconf 85' lang='lat' dir='ltr'>Generalis</span> <span class='ocrx_word' id='word_1_62' title='bbox 1177 1148 1333 1186; x_wconf 85' lang='lat' dir='ltr'>tempore</span> 
     </span>
     <span class='ocr_line' id='line_1_12' title="bbox 297 1185 1336 1236; baseline -0.005 -11"><span class='ocrx_word' id='word_1_63' title='bbox 297 1189 428 1236; x_wconf 83' lang='lat' dir='ltr'>semper</span> <span class='ocrx_word' id='word_1_64' title='bbox 441 1187 557 1234; x_wconf 88' lang='lat' dir='ltr'>postea</span> <span class='ocrx_word' id='word_1_65' title='bbox 572 1186 772 1222; x_wconf 83' lang='lat' dir='ltr'>innovatam</span> <span class='ocrx_word' id='word_1_66' title='bbox 784 1209 798 1228; x_wconf 84' lang='lat'>,</span> <span class='ocrx_word' id='word_1_67' title='bbox 824 1186 946 1221; x_wconf 87' lang='lat' dir='ltr'>docent</span> <span class='ocrx_word' id='word_1_68' title='bbox 973 1185 1099 1222; x_wconf 81' lang='lat' dir='ltr'>Brevia</span> <span class='ocrx_word' id='word_1_69' title='bbox 1112 1185 1254 1223; x_wconf 81' lang='lat' dir='ltr'>formata</span> <span class='ocrx_word' id='word_1_70' title='bbox 1270 1212 1283 1230; x_wconf 89' lang='lat'>,</span> <span class='ocrx_word' id='word_1_71' title='bbox 1300 1186 1336 1221; x_wconf 90' lang='lat' dir='ltr'>in</span> 
     </span>
     <span class='ocr_line' id='line_1_13' title="bbox 299 1233 1333 1282; baseline -0.003 -9"><span class='ocrx_word' id='word_1_72' title='bbox 299 1237 457 1273; x_wconf 78' lang='lat' dir='ltr'>Archivo</span> <span class='ocrx_word' id='word_1_73' title='bbox 502 1235 651 1279; x_wconf 86' lang='lat' dir='ltr'>generali</span> <span class='ocrx_word' id='word_1_74' title='bbox 690 1234 725 1269; x_wconf 91' lang='lat' dir='ltr'>in</span> <span class='ocrx_word' id='word_1_75' title='bbox 762 1233 921 1271; x_wconf 80' lang='lat' dir='ltr'>fasciculo</span> <span class='ocrx_word' id='word_1_76' title='bbox 963 1234 1107 1282; x_wconf 87' lang='lat' dir='ltr'>proprio</span> <span class='ocrx_word' id='word_1_77' title='bbox 1133 1233 1299 1272; x_wconf 76' lang='lat' dir='ltr'>asservata</span> <span class='ocrx_word' id='word_1_78' title='bbox 1322 1259 1333 1270; x_wconf 86' lang='lat'>.</span> 
     </span>
     <span class='ocr_line' id='line_1_14' title="bbox 299 1280 1337 1330; baseline 0 -11"><span class='ocrx_word' id='word_1_79' title='bbox 299 1285 382 1320; x_wconf 75' lang='lat' dir='ltr'>Fuit</span> <span class='ocrx_word' id='word_1_80' title='bbox 413 1292 526 1319; x_wconf 89' lang='lat' dir='ltr'>autem</span> <span class='ocrx_word' id='word_1_81' title='bbox 559 1282 630 1330; x_wconf 86' lang='lat' dir='ltr'>jam</span> <span class='ocrx_word' id='word_1_82' title='bbox 664 1284 708 1318; x_wconf 90' lang='lat' dir='ltr'>ab</span> <span class='ocrx_word' id='word_1_83' title='bbox 729 1282 903 1330; x_wconf 82' lang='lat' dir='ltr'>aliquibus</span> <span class='ocrx_word' id='word_1_84' title='bbox 928 1280 1023 1319; x_wconf 84' lang='lat' dir='ltr'>annis</span> <span class='ocrx_word' id='word_1_85' title='bbox 1055 1282 1230 1330; x_wconf 75' lang='lat' dir='ltr'>etiamad</span> <span class='ocrx_word' id='word_1_86' title='bbox 1259 1284 1337 1320; x_wconf 88' lang='lat' dir='ltr'>Mo-</span> 
     </span>
     <span class='ocr_line' id='line_1_15' title="bbox 300 1330 811 1380; baseline -0.01 -9"><span class='ocrx_word' id='word_1_87' title='bbox 300 1333 439 1380; x_wconf 70' lang='lat' dir='ltr'>nialiurn</span> <span class='ocrx_word' id='word_1_88' title='bbox 463 1331 628 1369; x_wconf 86' lang='lat' dir='ltr'>Ecclesias</span> <span class='ocrx_word' id='word_1_89' title='bbox 650 1330 811 1369; x_wconf 84' lang='lat' dir='ltr'>extensa.</span> 
     </span>
    </p>
   </div>
   <div class='ocr_carea' id='block_1_6' title="bbox 1083 1462 1314 1475">
    <p class='ocr_par' dir='ltr' id='par_1_7' title="bbox 1083 1462 1314 1475">
     <span class='ocr_line' id='line_1_16' title="bbox 1083 1462 1314 1475; baseline 0 2769"><span class='ocrx_word' id='word_1_90' title='bbox 1083 1462 1314 1475; x_wconf 95' lang='lat' dir='ltr'> </span> 
     </span>
    </p>
   </div>
   <div class='ocr_carea' id='block_1_7' title="bbox 299 1552 1330 1629">
    <p class='ocr_par' dir='ltr' id='par_1_8' title="bbox 299 1552 1330 1629">
     <span class='ocr_line' id='line_1_17' title="bbox 299 1552 1330 1629; baseline -0.01 -19"><span class='ocrx_word' id='word_1_91' title='bbox 299 1559 641 1629; x_wconf 82' lang='lat' dir='ltr'>Indulgentiam</span> <span class='ocrx_word' id='word_1_92' title='bbox 674 1559 948 1625; x_wconf 84' lang='lat' dir='ltr'>plenariam,</span> <span class='ocrx_word' id='word_1_93' title='bbox 983 1558 1120 1603; x_wconf 87' lang='lat' dir='ltr'>etiam</span> <span class='ocrx_word' id='word_1_94' title='bbox 1155 1552 1330 1604; x_wconf 79' lang='lat' dir='ltr'>Defun-</span> 
     </span>
    </p>
   </div>
   <div class='ocr_carea' id='block_1_8' title="bbox 328 1622 1331 1762">
    <p class='ocr_par' dir='ltr' id='par_1_9' title="bbox 328 1622 1331 1762">
     <span class='ocr_line' id='line_1_18' title="bbox 328 1622 1331 1696; baseline -0.012 -17"><span class='ocrx_word' id='word_1_95' title='bbox 328 1627 493 1679; x_wconf 67' lang='lat' dir='ltr'>funstis</span> <span class='ocrx_word' id='word_1_96' title='bbox 522 1645 600 1696; x_wconf 88' lang='lat' dir='ltr'>per</span> <span class='ocrx_word' id='word_1_97' title='bbox 626 1625 820 1675; x_wconf 88' lang='lat' dir='ltr'>modum</span> <span class='ocrx_word' id='word_1_98' title='bbox 850 1622 1065 1690; x_wconf 82' lang='lat' dir='ltr'>suffragii</span> <span class='ocrx_word' id='word_1_99' title='bbox 1103 1623 1331 1687; x_wconf 84' lang='lat' dir='ltr'>applican-</span> 
     </span>
     <span class='ocr_line' id='line_1_19' title="bbox 330 1691 1331 1762; baseline -0.005 -18"><span class='ocrx_word' id='word_1_100' title='bbox 330 1699 470 1753; x_wconf 87' lang='lat' dir='ltr'><strong>dam,</strong></span> <span class='ocrx_word' id='word_1_101' title='bbox 505 1713 590 1762; x_wconf 90' lang='lat' dir='ltr'>pro</span> <span class='ocrx_word' id='word_1_102' title='bbox 621 1691 851 1741; x_wconf 82' lang='lat' dir='ltr'>menstrua</span> <span class='ocrx_word' id='word_1_103' title='bbox 888 1693 1229 1739; x_wconf 88' lang='lat' dir='ltr'>Communione</span> <span class='ocrx_word' id='word_1_104' title='bbox 1255 1704 1331 1758; x_wconf 81' lang='lat' dir='ltr'>ge-</span> 
     </span>
    </p>
   </div>
   <div class='ocr_carea' id='block_1_9' title="bbox 331 1759 1340 1963">
    <p class='ocr_par' dir='ltr' id='par_1_10' title="bbox 331 1759 1340 1963">
     <span class='ocr_line' id='line_1_20' title="bbox 331 1759 1332 1822; baseline -0.009 -7"><span class='ocrx_word' id='word_1_105' title='bbox 331 1768 470 1815; x_wconf 87' lang='lat' dir='ltr'>nerali</span> <span class='ocrx_word' id='word_1_106' title='bbox 486 1799 502 1822; x_wconf 89' lang='lat'>,</span> <span class='ocrx_word' id='word_1_107' title='bbox 534 1764 608 1813; x_wconf 86' lang='lat' dir='ltr'>vei</span> <span class='ocrx_word' id='word_1_108' title='bbox 628 1764 671 1811; x_wconf 92' lang='lat' dir='ltr'>in</span> <span class='ocrx_word' id='word_1_109' title='bbox 691 1759 893 1811; x_wconf 82' lang='lat' dir='ltr'>Ecclesiis</span> <span class='ocrx_word' id='word_1_110' title='bbox 913 1759 1138 1817; x_wconf 85' lang='lat' dir='ltr'>Ordinis,</span> <span class='ocrx_word' id='word_1_111' title='bbox 1167 1761 1240 1808; x_wconf 91' lang='lat' dir='ltr'>vel</span> <span class='ocrx_word' id='word_1_112' title='bbox 1259 1777 1332 1807; x_wconf 83' lang='lat' dir='ltr'>ex-</span> 
     </span>
     <span class='ocr_line' id='line_1_21' title="bbox 331 1827 1340 1887; baseline -0.009 -1"><span class='ocrx_word' id='word_1_113' title='bbox 331 1850 403 1886; x_wconf 85' lang='lat' dir='ltr'>tra</span> <span class='ocrx_word' id='word_1_114' title='bbox 434 1834 664 1887; x_wconf 84' lang='lat' dir='ltr'>Ordinem</span> <span class='ocrx_word' id='word_1_115' title='bbox 702 1833 727 1879; x_wconf 66' lang='lat' dir='ltr'>a</span> <span class='ocrx_word' id='word_1_116' title='bbox 758 1830 991 1880; x_wconf 85' lang='lat' dir='ltr'>Fratribus</span> <span class='ocrx_word' id='word_1_117' title='bbox 1023 1827 1181 1879; x_wconf 92' lang='lat' dir='ltr'>nostris</span> <span class='ocrx_word' id='word_1_118' title='bbox 1218 1827 1340 1878; x_wconf 86' lang='lat' dir='ltr'>insti-</span> 
     </span>
     <span class='ocr_line' id='line_1_22' title="bbox 334 1899 1029 1963; baseline -0.012 -7"><span class='ocrx_word' id='word_1_119' title='bbox 334 1904 499 1956; x_wconf 88' lang='lat' dir='ltr'>tuenda</span> <span class='ocrx_word' id='word_1_120' title='bbox 518 1941 534 1963; x_wconf 96' lang='lat'>,</span> <span class='ocrx_word' id='word_1_121' title='bbox 553 1901 731 1953; x_wconf 71' lang='lat' dir='ltr'>ultimo</span> <span class='ocrx_word' id='word_1_122' title='bbox 762 1899 1002 1950; x_wconf 87' lang='lat' dir='ltr'>confirmat</span> <span class='ocrx_word' id='word_1_123' title='bbox 1017 1936 1029 1948; x_wconf 93' lang='lat'><strong>.</strong></span> 
     </span>
    </p>
   </div>
   <div class='ocr_carea' id='block_1_10' title="bbox 393 2030 1230 2084">
    <p class='ocr_par' dir='ltr' id='par_1_11' title="bbox 393 2030 1230 2084">
     <span class='ocr_line' id='line_1_23' title="bbox 393 2030 1230 2084; baseline -0.008 0"><span class='ocrx_word' id='word_1_124' title='bbox 393 2032 798 2084; x_wconf 87' lang='lat' dir='ltr'>CLEMENS</span> <span class='ocrx_word' id='word_1_125' title='bbox 849 2031 1056 2078; x_wconf 93' lang='lat' dir='ltr'>PAPA</span> <span class='ocrx_word' id='word_1_126' title='bbox 1106 2030 1230 2078; x_wconf 90' lang='lat' dir='ltr'>XII.</span> 
     </span>
    </p>
   </div>
   <div class='ocr_carea' id='block_1_11' title="bbox 298 2147 1328 2318">
    <p class='ocr_par' dir='ltr' id='par_1_12' title="bbox 298 2147 1328 2318">
     <span class='ocr_line' id='line_1_24' title="bbox 298 2147 1328 2217; baseline -0.011 -10"><span class='ocrx_word' id='word_1_127' title='bbox 298 2161 488 2217; x_wconf 76' lang='lat' dir='ltr'>Unitmsts</span> <span class='ocrx_word' id='word_1_128' title='bbox 502 2147 1037 2216; x_wconf 63' lang='lat' dir='ltr'>Christifi&#39;delibisspraestntes</span> <span class='ocrx_word' id='word_1_129' title='bbox 1053 2157 1190 2198; x_wconf 76' lang='lat' dir='ltr'>literas</span> <span class='ocrx_word' id='word_1_130' title='bbox 1204 2155 1328 2214; x_wconf 80' lang='lat' dir='ltr'>inspe-</span> 
     </span>
     <span class='ocr_line' id='line_1_25' title="bbox 451 2214 1166 2272; baseline -0.006 -11"><span class='ocrx_word' id='word_1_131' title='bbox 451 2219 572 2261; x_wconf 59' lang='lat' dir='ltr'>&amp;uris</span> <span class='ocrx_word' id='word_1_132' title='bbox 585 2246 601 2269; x_wconf 81' lang='lat'>,</span> <span class='ocrx_word' id='word_1_133' title='bbox 615 2218 788 2259; x_wconf 72' lang='lat' dir='ltr'>Salutem</span> <span class='ocrx_word' id='word_1_134' title='bbox 805 2245 819 2267; x_wconf 87' lang='lat'>,</span> <span class='ocrx_word' id='word_1_135' title='bbox 843 2214 895 2265; x_wconf 70' lang='lat'>&amp;¹</span> <span class='ocrx_word' id='word_1_136' title='bbox 914 2215 1166 2272; x_wconf 80' lang='lat' dir='ltr'>Apostolicam</span> 
     </span>
     <span class='ocr_line' id='line_1_26' title="bbox 641 2274 974 2318; baseline -0.006 -2"><span class='ocrx_word' id='word_1_137' title='bbox 641 2274 946 2318; x_wconf 67' lang='lat' dir='ltr'>Benediei&#39;ionem</span> <span class='ocrx_word' id='word_1_138' title='bbox 961 2302 974 2315; x_wconf 84' lang='lat'><strong><em>.</em></strong></span> 
     </span>
    </p>
   </div>
   <div class='ocr_carea' id='block_1_12' title="bbox 431 2381 1331 2440">
    <p class='ocr_par' dir='ltr' id='par_1_13' title="bbox 431 2381 1331 2440">
     <span class='ocr_line' id='line_1_27' title="bbox 431 2381 1331 2440; baseline -0.006 -12"><span class='ocrx_word' id='word_1_139' title='bbox 431 2390 471 2428; x_wconf 93' lang='lat' dir='ltr'>D</span> <span class='ocrx_word' id='word_1_140' title='bbox 494 2386 719 2440; x_wconf 83' lang='lat' dir='ltr'>augendam</span> <span class='ocrx_word' id='word_1_141' title='bbox 746 2381 947 2425; x_wconf 81' lang='lat' dir='ltr'>Fidelium</span> <span class='ocrx_word' id='word_1_142' title='bbox 975 2384 1260 2440; x_wconf 75' lang='lat' dir='ltr'>Religionem,</span> <span class='ocrx_word' id='word_1_143' title='bbox 1290 2383 1331 2423; x_wconf 90' lang='lat'>&amp;</span> 
     </span>
    </p>
   </div>
   <div class='ocr_carea' id='block_1_13' title="bbox 448 2440 1353 2486">
    <p class='ocr_par' dir='ltr' id='par_1_14' title="bbox 448 2440 1353 2486">
     <span class='ocr_line' id='line_1_28' title="bbox 448 2440 1353 2486; baseline -0.006 0"><span class='ocrx_word' id='word_1_144' title='bbox 448 2445 668 2486; x_wconf 88' lang='lat' dir='ltr'>animarum</span> <span class='ocrx_word' id='word_1_145' title='bbox 682 2442 854 2483; x_wconf 82' lang='lat' dir='ltr'>salutem</span> <span class='ocrx_word' id='word_1_146' title='bbox 870 2442 1113 2485; x_wconf 87' lang='lat' dir='ltr'>Coelestibus</span> <span class='ocrx_word' id='word_1_147' title='bbox 1144 2440 1329 2485; x_wconf 81' lang='lat' dir='ltr'>Ecclefiae</span> <span class='ocrx_word' id='word_1_148' title='bbox 1351 2444 1353 2446; x_wconf 82' lang='grc'><strong>’</strong></span> 
     </span>
    </p>
   </div>
   <div class='ocr_carea' id='block_1_14' title="bbox 293 2500 1330 2675">
    <p class='ocr_par' dir='ltr' id='par_1_15' title="bbox 293 2500 1330 2675">
     <span class='ocr_line' id='line_1_29' title="bbox 295 2500 1330 2558; baseline -0.002 -16"><span class='ocrx_word' id='word_1_149' title='bbox 295 2504 492 2545; x_wconf 77' lang='lat' dir='ltr'>thesauris</span> <span class='ocrx_word' id='word_1_150' title='bbox 517 2504 580 2558; x_wconf 90' lang='lat' dir='ltr'>pia</span> <span class='ocrx_word' id='word_1_151' title='bbox 606 2501 819 2544; x_wconf 82' lang='lat' dir='ltr'>Charitate</span> <span class='ocrx_word' id='word_1_152' title='bbox 847 2501 992 2542; x_wconf 89' lang='lat' dir='ltr'>intenti</span> <span class='ocrx_word' id='word_1_153' title='bbox 1018 2529 1032 2551; x_wconf 61' lang='lat'>2</span> <span class='ocrx_word' id='word_1_154' title='bbox 1055 2501 1239 2541; x_wconf 82' lang='lat' dir='ltr'>omnibus</span> <span class='ocrx_word' id='word_1_155' title='bbox 1255 2527 1269 2550; x_wconf 81' lang='lat'>,</span> <span class='ocrx_word' id='word_1_156' title='bbox 1291 2500 1330 2540; x_wconf 73' lang='grc' dir='ltr'>δε</span> 
     </span>
     <span class='ocr_line' id='line_1_30' title="bbox 294 2557 1324 2616; baseline -0.004 -14"><span class='ocrx_word' id='word_1_157' title='bbox 294 2560 456 2614; x_wconf 84' lang='lat' dir='ltr'>fingulis</span> <span class='ocrx_word' id='word_1_158' title='bbox 481 2560 687 2616; x_wconf 87' lang='lat' dir='ltr'>utriusque</span> <span class='ocrx_word' id='word_1_159' title='bbox 714 2557 824 2599; x_wconf 69' lang='lat' dir='ltr'>sexus</span> <span class='ocrx_word' id='word_1_160' title='bbox 850 2558 1191 2601; x_wconf 80' lang='lat' dir='ltr'>Christifidelibus</span> <span class='ocrx_word' id='word_1_161' title='bbox 1229 2557 1324 2599; x_wconf 75' lang='lat' dir='ltr'>vere</span> 
     </span>
     <span class='ocr_line' id='line_1_31' title="bbox 293 2614 1326 2675; baseline -0.003 -14"><span class='ocrx_word' id='word_1_162' title='bbox 293 2620 586 2675; x_wconf 87' lang='lat' dir='ltr'>poenitentibus</span> <span class='ocrx_word' id='word_1_163' title='bbox 601 2621 640 2660; x_wconf 89' lang='lat'>&amp;</span> <span class='ocrx_word' id='word_1_164' title='bbox 654 2614 851 2666; x_wconf 83' lang='lat' dir='ltr'>confeffis,</span> <span class='ocrx_word' id='word_1_165' title='bbox 865 2618 1121 2674; x_wconf 47' lang='lat' dir='ltr'>qui&#39;aliquam</span> <span class='ocrx_word' id='word_1_166' title='bbox 1139 2619 1326 2659; x_wconf 83' lang='lat' dir='ltr'>Fratrum</span> 
     </span>
    </p>
   </div>
   <div class='ocr_carea' id='block_1_15' title="bbox 2234 315 2384 378">
    <p class='ocr_par' dir='ltr' id='par_1_16' title="bbox 2234 315 2384 378">
     <span class='ocr_line' id='line_1_32' title="bbox 2234 315 2384 378; baseline 0.007 -19"><span class='ocrx_word' id='word_1_167' title='bbox 2234 315 2384 378; x_wconf 84' lang='lat'>219</span> 
     </span>
    </p>
   </div>
   <div class='ocr_carea' id='block_1_16' title="bbox 1386 392 2451 2314">
    <p class='ocr_par' dir='ltr' id='par_1_17' title="bbox 1386 392 2451 2261">
     <span class='ocr_line' id='line_1_33' title="bbox 1401 392 2449 451; baseline 0.006 -16"><span class='ocrx_word' id='word_1_168' title='bbox 1401 393 1569 434; x_wconf 85' lang='lat' dir='ltr'>Ordinis</span> <span class='ocrx_word' id='word_1_169' title='bbox 1594 394 1801 434; x_wconf 88' lang='lat' dir='ltr'>Minorum</span> <span class='ocrx_word' id='word_1_170' title='bbox 1824 393 1863 432; x_wconf 90' lang='lat' dir='ltr'>S.</span> <span class='ocrx_word' id='word_1_171' title='bbox 1885 392 2080 434; x_wconf 82' lang='lat' dir='ltr'>Francisci</span> <span class='ocrx_word' id='word_1_172' title='bbox 2113 397 2449 451; x_wconf 71' lang='lat' dir='ltr'>Capucinorum..</span> 
     </span>
     <span class='ocr_line' id='line_1_34' title="bbox 1398 451 2449 510; baseline -0.003 -16"><span class='ocrx_word' id='word_1_173' title='bbox 1398 451 1970 505; x_wconf 82' lang='lat' dir='ltr'>nuncupatorum,Provinciae</span> <span class='ocrx_word' id='word_1_174' title='bbox 1986 454 2097 492; x_wconf 87' lang='lat' dir='ltr'><strong>N.N.</strong></span> <span class='ocrx_word' id='word_1_175' title='bbox 2116 481 2128 503; x_wconf 80' lang='lat'>,</span> <span class='ocrx_word' id='word_1_176' title='bbox 2143 453 2211 495; x_wconf 88' lang='lat' dir='ltr'>seu</span> <span class='ocrx_word' id='word_1_177' title='bbox 2228 471 2449 510; x_wconf 71' lang='lat' dir='ltr'>quamcun-</span> 
     </span>
     <span class='ocr_line' id='line_1_35' title="bbox 1398 508 2451 568; baseline 0.003 -16"><span class='ocrx_word' id='word_1_178' title='bbox 1398 525 1476 568; x_wconf 88' lang='lat' dir='ltr'>que</span> <span class='ocrx_word' id='word_1_179' title='bbox 1507 509 1625 553; x_wconf 87' lang='lat' dir='ltr'>aiiam</span> <span class='ocrx_word' id='word_1_180' title='bbox 1661 509 1904 550; x_wconf 86' lang='lat' dir='ltr'>Saecularem</span> <span class='ocrx_word' id='word_1_181' title='bbox 1934 508 2155 550; x_wconf 86' lang='lat' dir='ltr'>Ecclesiam</span> <span class='ocrx_word' id='word_1_182' title='bbox 2173 513 2209 553; x_wconf 88' lang='lat' dir='ltr'>in</span> <span class='ocrx_word' id='word_1_183' title='bbox 2226 515 2329 556; x_wconf 59' lang='lat' dir='ltr'>dicta</span> <span class='ocrx_word' id='word_1_184' title='bbox 2347 518 2451 557; x_wconf 91' lang='lat' dir='ltr'>Pro-</span> 
     </span>
     <span class='ocr_line' id='line_1_36' title="bbox 1397 566 2448 625; baseline -0.001 -13"><span class='ocrx_word' id='word_1_185' title='bbox 1397 570 1527 612; x_wconf 86' lang='lat' dir='ltr'>vincia</span> <span class='ocrx_word' id='word_1_186' title='bbox 1542 568 1782 610; x_wconf 88' lang='lat' dir='ltr'>existentem</span> <span class='ocrx_word' id='word_1_187' title='bbox 1795 596 1809 618; x_wconf 82' lang='lat'>‚</span> <span class='ocrx_word' id='word_1_188' title='bbox 1821 566 1859 608; x_wconf 89' lang='lat' dir='ltr'>in</span> <span class='ocrx_word' id='word_1_189' title='bbox 1873 581 1949 622; x_wconf 86' lang='lat' dir='ltr'>qua</span> <span class='ocrx_word' id='word_1_190' title='bbox 1965 569 2211 611; x_wconf 87' lang='lat' dir='ltr'>Communio</span> <span class='ocrx_word' id='word_1_191' title='bbox 2226 573 2448 625; x_wconf 81' lang='lat' dir='ltr'>generalis,</span> 
     </span>
     <span class='ocr_line' id='line_1_37' title="bbox 1394 625 2449 675; baseline 0.005 -5"><span class='ocrx_word' id='word_1_192' title='bbox 1394 627 1669 670; x_wconf 87' lang='lat' dir='ltr'>sollicitudine</span> <span class='ocrx_word' id='word_1_193' title='bbox 1696 625 1893 667; x_wconf 63' lang='lat' dir='ltr'>distorum</span> <span class='ocrx_word' id='word_1_194' title='bbox 1927 625 2121 668; x_wconf 83' lang='lat' dir='ltr'>Filiorum</span> <span class='ocrx_word' id='word_1_195' title='bbox 2138 629 2322 672; x_wconf 82' lang='lat' dir='ltr'>Fratrum</span> <span class='ocrx_word' id='word_1_196' title='bbox 2351 632 2449 675; x_wconf 66' lang='lat' dir='ltr'>dieti</span> 
     </span>
     <span class='ocr_line' id='line_1_38' title="bbox 1393 685 2449 740; baseline -0.002 -9"><span class='ocrx_word' id='word_1_197' title='bbox 1393 687 1562 731; x_wconf 86' lang='lat' dir='ltr'>Ordinis</span> <span class='ocrx_word' id='word_1_198' title='bbox 1580 714 1593 736; x_wconf 84' lang='lat'>,</span> <span class='ocrx_word' id='word_1_199' title='bbox 1609 686 1661 728; x_wconf 91' lang='lat' dir='ltr'>de</span> <span class='ocrx_word' id='word_1_200' title='bbox 1678 685 1843 726; x_wconf 85' lang='lat' dir='ltr'>licentia</span> <span class='ocrx_word' id='word_1_201' title='bbox 1863 685 2176 727; x_wconf 80' lang='lat' dir='ltr'>Ordinatiorum</span> <span class='ocrx_word' id='word_1_202' title='bbox 2193 687 2394 740; x_wconf 79' lang='lat' dir='ltr'>locorum,</span> <span class='ocrx_word' id='word_1_203' title='bbox 2408 691 2449 729; x_wconf 69' lang='grc' dir='ltr'>ὃς</span> 
     </span>
     <span class='ocr_line' id='line_1_39' title="bbox 1398 743 2448 804; baseline 0.001 -16"><span class='ocrx_word' id='word_1_204' title='bbox 1398 746 1532 804; x_wconf 88' lang='lat' dir='ltr'>quoad</span> <span class='ocrx_word' id='word_1_205' title='bbox 1559 743 1759 787; x_wconf 79' lang='lat' dir='ltr'>Ecclesias</span> <span class='ocrx_word' id='word_1_206' title='bbox 1790 743 2011 786; x_wconf 57' lang='lat' dir='ltr'>saeculares</span> <span class='ocrx_word' id='word_1_207' title='bbox 2039 743 2091 785; x_wconf 91' lang='lat' dir='ltr'>de</span> <span class='ocrx_word' id='word_1_208' title='bbox 2117 744 2278 788; x_wconf 87' lang='lat' dir='ltr'>illarum</span> <span class='ocrx_word' id='word_1_209' title='bbox 2296 750 2448 789; x_wconf 53' lang='lat' dir='ltr'>Retio-</span> 
     </span>
     <span class='ocr_line' id='line_1_40' title="bbox 1399 802 2442 863; baseline -0.003 -14"><span class='ocrx_word' id='word_1_210' title='bbox 1399 819 1488 849; x_wconf 89' lang='lat' dir='ltr'>rum</span> <span class='ocrx_word' id='word_1_211' title='bbox 1515 802 1705 847; x_wconf 88' lang='lat' dir='ltr'>consensu</span> <span class='ocrx_word' id='word_1_212' title='bbox 1721 834 1736 854; x_wconf 86' lang='lat'>,</span> <span class='ocrx_word' id='word_1_213' title='bbox 1764 804 1803 845; x_wconf 92' lang='lat' dir='ltr'>in</span> <span class='ocrx_word' id='word_1_214' title='bbox 1821 817 1896 845; x_wconf 90' lang='lat' dir='ltr'>una</span> <span class='ocrx_word' id='word_1_215' title='bbox 1911 816 1961 844; x_wconf 88' lang='lat' dir='ltr'>ex</span> <span class='ocrx_word' id='word_1_216' title='bbox 1982 803 2202 847; x_wconf 85' lang='lat' dir='ltr'>Dominicis</span> <span class='ocrx_word' id='word_1_217' title='bbox 2221 805 2442 863; x_wconf 88' lang='lat' dir='ltr'>cujuslibet</span> 
     </span>
     <span class='ocr_line' id='line_1_41' title="bbox 1400 861 2447 919; baseline -0.002 -11"><span class='ocrx_word' id='word_1_218' title='bbox 1400 865 1548 908; x_wconf 82' lang='lat' dir='ltr'>Mensis</span> <span class='ocrx_word' id='word_1_219' title='bbox 1565 863 1785 919; x_wconf 64' lang='lat' dir='ltr'>respective</span> <span class='ocrx_word' id='word_1_220' title='bbox 1801 873 1946 918; x_wconf 90' lang='lat' dir='ltr'>agetur</span> <span class='ocrx_word' id='word_1_221' title='bbox 1964 889 1978 912; x_wconf 83' lang='lat'>,</span> <span class='ocrx_word' id='word_1_222' title='bbox 2009 861 2161 903; x_wconf 80' lang='lat' dir='ltr'>devote</span> <span class='ocrx_word' id='word_1_223' title='bbox 2178 866 2447 916; x_wconf 79' lang='lat' dir='ltr'>visitaverint,</span> 
     </span>
     <span class='ocr_line' id='line_1_42' title="bbox 1398 920 2447 979; baseline 0 -14"><span class='ocrx_word' id='word_1_224' title='bbox 1398 924 1536 979; x_wconf 85' lang='lat' dir='ltr'>ibique</span> <span class='ocrx_word' id='word_1_225' title='bbox 1552 921 1839 965; x_wconf 59' lang='lat' dir='ltr'>Saneiiffimum</span> <span class='ocrx_word' id='word_1_226' title='bbox 1854 920 2108 963; x_wconf 71' lang='lat' dir='ltr'>Eucharistiae</span> <span class='ocrx_word' id='word_1_227' title='bbox 2139 925 2447 965; x_wconf 85' lang='lat' dir='ltr'>Sacramentum</span> 
     </span>
     <span class='ocr_line' id='line_1_43' title="bbox 1397 978 2448 1038; baseline -0.005 -14"><span class='ocrx_word' id='word_1_228' title='bbox 1397 978 1658 1038; x_wconf 80' lang='lat' dir='ltr'>sumpserint,</span> <span class='ocrx_word' id='word_1_229' title='bbox 1690 995 1737 1023; x_wconf 92' lang='lat' dir='ltr'>ac</span> <span class='ocrx_word' id='word_1_230' title='bbox 1760 994 1834 1037; x_wconf 89' lang='lat' dir='ltr'>pro</span> <span class='ocrx_word' id='word_1_231' title='bbox 1857 979 2180 1022; x_wconf 82' lang='lat' dir='ltr'>Christianorum</span> <span class='ocrx_word' id='word_1_232' title='bbox 2203 981 2448 1035; x_wconf 66' lang='lat' dir='ltr'>‚Principum</span> 
     </span>
     <span class='ocr_line' id='line_1_44' title="bbox 1398 1039 2448 1094; baseline -0.007 -8"><span class='ocrx_word' id='word_1_233' title='bbox 1398 1039 1621 1086; x_wconf 67' lang='lat' dir='ltr'>concordia</span> <span class='ocrx_word' id='word_1_234' title='bbox 1638 1068 1652 1091; x_wconf 90' lang='lat'>,</span> <span class='ocrx_word' id='word_1_235' title='bbox 1686 1040 1875 1082; x_wconf 86' lang='lat' dir='ltr'>haeresnm</span> <span class='ocrx_word' id='word_1_236' title='bbox 1893 1039 2174 1094; x_wconf 85' lang='lat' dir='ltr'>extirpatione</span> <span class='ocrx_word' id='word_1_237' title='bbox 2190 1067 2203 1089; x_wconf 81' lang='lat'>,</span> <span class='ocrx_word' id='word_1_238' title='bbox 2236 1053 2280 1081; x_wconf 80' lang='lat' dir='ltr'>ae</span> <span class='ocrx_word' id='word_1_239' title='bbox 2300 1041 2448 1080; x_wconf 68' lang='lat' dir='ltr'>Sanstae</span> 
     </span>
     <span class='ocr_line' id='line_1_45' title="bbox 1395 1096 2449 1153; baseline -0.006 -8"><span class='ocrx_word' id='word_1_240' title='bbox 1395 1101 1539 1145; x_wconf 86' lang='lat' dir='ltr'>Matris</span> <span class='ocrx_word' id='word_1_241' title='bbox 1559 1099 1744 1142; x_wconf 77' lang='lat' dir='ltr'>Ecclesiae</span> <span class='ocrx_word' id='word_1_242' title='bbox 1757 1097 2009 1140; x_wconf 82' lang='lat' dir='ltr'>exaltatione</span> <span class='ocrx_word' id='word_1_243' title='bbox 2023 1098 2108 1152; x_wconf 89' lang='lat' dir='ltr'>pias</span> <span class='ocrx_word' id='word_1_244' title='bbox 2123 1096 2172 1138; x_wconf 85' lang='lat' dir='ltr'>ad</span> <span class='ocrx_word' id='word_1_245' title='bbox 2194 1100 2323 1140; x_wconf 90' lang='lat' dir='ltr'>Deum</span> <span class='ocrx_word' id='word_1_246' title='bbox 2354 1111 2449 1153; x_wconf 90' lang='lat' dir='ltr'>pre·</span> 
     </span>
     <span class='ocr_line' id='line_1_46' title="bbox 1394 1155 2443 1212; baseline -0.006 -8"><span class='ocrx_word' id='word_1_247' title='bbox 1394 1175 1462 1204; x_wconf 90' lang='lat' dir='ltr'>ces</span> <span class='ocrx_word' id='word_1_248' title='bbox 1493 1158 1713 1204; x_wconf 86' lang='lat' dir='ltr'>effuderint</span> <span class='ocrx_word' id='word_1_249' title='bbox 1741 1187 1757 1208; x_wconf 86' lang='lat'>,</span> <span class='ocrx_word' id='word_1_250' title='bbox 1790 1157 2014 1212; x_wconf 88' lang='lat' dir='ltr'>plenariam</span> <span class='ocrx_word' id='word_1_251' title='bbox 2040 1155 2223 1198; x_wconf 91' lang='lat' dir='ltr'>omnium</span> <span class='ocrx_word' id='word_1_252' title='bbox 2247 1166 2443 1210; x_wconf 86' lang='lat' dir='ltr'>peccato-</span> 
     </span>
     <span class='ocr_line' id='line_1_47' title="bbox 1396 1214 2445 1270; baseline -0.007 -8"><span class='ocrx_word' id='word_1_253' title='bbox 1396 1234 1484 1262; x_wconf 86' lang='lat' dir='ltr'>rum</span> <span class='ocrx_word' id='word_1_254' title='bbox 1511 1218 1670 1260; x_wconf 86' lang='lat' dir='ltr'>suorum</span> <span class='ocrx_word' id='word_1_255' title='bbox 1702 1216 2007 1270; x_wconf 78' lang='lat' dir='ltr'>Indulgentiam</span> <span class='ocrx_word' id='word_1_256' title='bbox 2027 1243 2039 1264; x_wconf 85' lang='lat'>,</span> <span class='ocrx_word' id='word_1_257' title='bbox 2070 1217 2106 1256; x_wconf 86' lang='lat'>&amp;</span> <span class='ocrx_word' id='word_1_258' title='bbox 2145 1214 2413 1256; x_wconf 77' lang='lat' dir='ltr'>remissionem</span> <span class='ocrx_word' id='word_1_259' title='bbox 2431 1243 2445 1266; x_wconf 82' lang='lat'>‚</span> 
     </span>
     <span class='ocr_line' id='line_1_48' title="bbox 1395 1272 2446 1332; baseline -0.009 -12"><span class='ocrx_word' id='word_1_260' title='bbox 1395 1292 1514 1332; x_wconf 86' lang='lat' dir='ltr'>quam</span> <span class='ocrx_word' id='word_1_261' title='bbox 1542 1278 1669 1320; x_wconf 85' lang='lat' dir='ltr'>etiam</span> <span class='ocrx_word' id='word_1_262' title='bbox 1695 1276 1902 1318; x_wconf 83' lang='lat' dir='ltr'>animabus</span> <span class='ocrx_word' id='word_1_263' title='bbox 1935 1272 2275 1316; x_wconf 80' lang='lat' dir='ltr'>Chrisiifidelium</span> <span class='ocrx_word' id='word_1_264' title='bbox 2301 1302 2314 1324; x_wconf 88' lang='lat'>,</span> <span class='ocrx_word' id='word_1_265' title='bbox 2362 1288 2446 1328; x_wconf 83' lang='lat' dir='ltr'>quae</span> 
     </span>
     <span class='ocr_line' id='line_1_49' title="bbox 1396 1332 2445 1391; baseline -0.008 -11"><span class='ocrx_word' id='word_1_266' title='bbox 1396 1340 1491 1379; x_wconf 85' lang='lat' dir='ltr'>Deo</span> <span class='ocrx_word' id='word_1_267' title='bbox 1516 1337 1731 1379; x_wconf 86' lang='lat' dir='ltr'>Charitate</span> <span class='ocrx_word' id='word_1_268' title='bbox 1759 1333 1978 1391; x_wconf 67' lang='lat' dir='ltr'>conjundiae</span> <span class='ocrx_word' id='word_1_269' title='bbox 2005 1333 2055 1374; x_wconf 91' lang='lat' dir='ltr'>ab</span> <span class='ocrx_word' id='word_1_270' title='bbox 2079 1334 2149 1375; x_wconf 87' lang='lat' dir='ltr'>hac</span> <span class='ocrx_word' id='word_1_271' title='bbox 2179 1333 2272 1374; x_wconf 91' lang='lat' dir='ltr'>luce</span> <span class='ocrx_word' id='word_1_272' title='bbox 2292 1332 2445 1387; x_wconf 88' lang='lat' dir='ltr'>migra-</span> 
     </span>
     <span class='ocr_line' id='line_1_50' title="bbox 1394 1391 2441 1450; baseline -0.006 -12"><span class='ocrx_word' id='word_1_273' title='bbox 1394 1397 1529 1438; x_wconf 88' lang='lat' dir='ltr'>verint</span> <span class='ocrx_word' id='word_1_274' title='bbox 1544 1424 1558 1446; x_wconf 84' lang='lat'>,</span> <span class='ocrx_word' id='word_1_275' title='bbox 1590 1410 1662 1450; x_wconf 90' lang='lat' dir='ltr'>per</span> <span class='ocrx_word' id='word_1_276' title='bbox 1676 1394 1840 1437; x_wconf 88' lang='lat' dir='ltr'>modum</span> <span class='ocrx_word' id='word_1_277' title='bbox 1857 1391 2042 1446; x_wconf 82' lang='lat' dir='ltr'>Suffragii</span> <span class='ocrx_word' id='word_1_278' title='bbox 2057 1391 2263 1447; x_wconf 77' lang='lat' dir='ltr'>applicare</span> <span class='ocrx_word' id='word_1_279' title='bbox 2279 1391 2441 1447; x_wconf 80' lang='lat' dir='ltr'>poffint,</span> 
     </span>
     <span class='ocr_line' id='line_1_51' title="bbox 1394 1450 2444 1496; baseline -0.007 0"><span class='ocrx_word' id='word_1_280' title='bbox 1394 1450 1709 1496; x_wconf 82' lang='lat' dir='ltr'>misericorditer</span> <span class='ocrx_word' id='word_1_281' title='bbox 1735 1454 1775 1494; x_wconf 89' lang='lat' dir='ltr'>in</span> <span class='ocrx_word' id='word_1_282' title='bbox 1805 1451 1983 1493; x_wconf 90' lang='lat' dir='ltr'>Domino</span> <span class='ocrx_word' id='word_1_283' title='bbox 2012 1450 2299 1493; x_wconf 90' lang='lat' dir='ltr'>concedimus.</span> <span class='ocrx_word' id='word_1_284' title='bbox 2336 1453 2444 1492; x_wconf 88' lang='lat' dir='ltr'>Prae-</span> 
     </span>
     <span class='ocr_line' id='line_1_52' title="bbox 1391 1508 2442 1562; baseline -0.005 -10"><span class='ocrx_word' id='word_1_285' title='bbox 1391 1512 1568 1552; x_wconf 82' lang='lat' dir='ltr'>sentibus</span> <span class='ocrx_word' id='word_1_286' title='bbox 1595 1512 1645 1551; x_wconf 83' lang='lat' dir='ltr'>ad</span> <span class='ocrx_word' id='word_1_287' title='bbox 1674 1510 1930 1562; x_wconf 85' lang='lat' dir='ltr'>septennium</span> <span class='ocrx_word' id='word_1_288' title='bbox 1969 1509 2154 1550; x_wconf 82' lang='lat' dir='ltr'>valituris</span> <span class='ocrx_word' id='word_1_289' title='bbox 2176 1538 2186 1548; x_wconf 92' lang='lat'>.</span> <span class='ocrx_word' id='word_1_290' title='bbox 2237 1508 2442 1550; x_wconf 85' lang='lat' dir='ltr'>Volumus</span> 
     </span>
     <span class='ocr_line' id='line_1_53' title="bbox 1389 1565 2442 1621; baseline -0.002 -13"><span class='ocrx_word' id='word_1_291' title='bbox 1389 1577 1550 1614; x_wconf 87' lang='lat' dir='ltr'>autem,</span> <span class='ocrx_word' id='word_1_292' title='bbox 1581 1577 1625 1607; x_wconf 90' lang='lat' dir='ltr'>ut</span> <span class='ocrx_word' id='word_1_293' title='bbox 1641 1594 1654 1615; x_wconf 81' lang='lat'>,</span> <span class='ocrx_word' id='word_1_294' title='bbox 1673 1565 1698 1606; x_wconf 88' lang='lat' dir='ltr'>si</span> <span class='ocrx_word' id='word_1_295' title='bbox 1713 1581 1786 1621; x_wconf 90' lang='lat' dir='ltr'>pro</span> <span class='ocrx_word' id='word_1_296' title='bbox 1810 1565 2098 1620; x_wconf 86' lang='lat' dir='ltr'>impetratione</span> <span class='ocrx_word' id='word_1_297' title='bbox 2114 1594 2128 1617; x_wconf 61' lang='lat'>2</span> <span class='ocrx_word' id='word_1_298' title='bbox 2162 1565 2442 1621; x_wconf 82' lang='lat' dir='ltr'>praesentatio-</span> 
     </span>
     <span class='ocr_line' id='line_1_54' title="bbox 1389 1621 2439 1679; baseline 0.001 -15"><span class='ocrx_word' id='word_1_299' title='bbox 1389 1636 1467 1672; x_wconf 83' lang='lat' dir='ltr'>ne,</span> <span class='ocrx_word' id='word_1_300' title='bbox 1498 1622 1730 1664; x_wconf 83' lang='lat' dir='ltr'>admiffione</span> <span class='ocrx_word' id='word_1_301' title='bbox 1748 1651 1762 1672; x_wconf 86' lang='lat'>,</span> <span class='ocrx_word' id='word_1_302' title='bbox 1793 1621 1863 1664; x_wconf 88' lang='lat' dir='ltr'>seu</span> <span class='ocrx_word' id='word_1_303' title='bbox 1876 1623 2158 1677; x_wconf 83' lang='lat' dir='ltr'>publicatione</span> <span class='ocrx_word' id='word_1_304' title='bbox 2180 1624 2439 1679; x_wconf 67' lang='lat' dir='ltr'>praesentium</span> 
     </span>
     <span class='ocr_line' id='line_1_55' title="bbox 1390 1679 2440 1736; baseline 0.001 -14"><span class='ocrx_word' id='word_1_305' title='bbox 1390 1679 1571 1736; x_wconf 82' lang='lat' dir='ltr'>aliquid,</span> <span class='ocrx_word' id='word_1_306' title='bbox 1604 1680 1669 1722; x_wconf 88' lang='lat' dir='ltr'>vel</span> <span class='ocrx_word' id='word_1_307' title='bbox 1688 1680 1898 1721; x_wconf 90' lang='lat' dir='ltr'>minimum</span> <span class='ocrx_word' id='word_1_308' title='bbox 1910 1681 2067 1731; x_wconf 79' lang='lat' dir='ltr'>detur,</span> <span class='ocrx_word' id='word_1_309' title='bbox 2098 1692 2167 1722; x_wconf 89' lang='lat' dir='ltr'>aut</span> <span class='ocrx_word' id='word_1_310' title='bbox 2196 1681 2338 1736; x_wconf 88' lang='lat' dir='ltr'>sponte</span> <span class='ocrx_word' id='word_1_311' title='bbox 2365 1683 2440 1723; x_wconf 93' lang='lat' dir='ltr'>ob-</span> 
     </span>
     <span class='ocr_line' id='line_1_56' title="bbox 1389 1737 2439 1796; baseline 0.002 -16"><span class='ocrx_word' id='word_1_312' title='bbox 1389 1738 1517 1780; x_wconf 87' lang='lat' dir='ltr'>latum</span> <span class='ocrx_word' id='word_1_313' title='bbox 1534 1738 1783 1793; x_wconf 88' lang='lat' dir='ltr'>recipiatur,</span> <span class='ocrx_word' id='word_1_314' title='bbox 1816 1737 2027 1794; x_wconf 84' lang='lat' dir='ltr'>praesentes</span> <span class='ocrx_word' id='word_1_315' title='bbox 2050 1737 2170 1780; x_wconf 86' lang='lat' dir='ltr'>nuilae</span> <span class='ocrx_word' id='word_1_316' title='bbox 2188 1739 2289 1791; x_wconf 81' lang='lat' dir='ltr'>fint3</span> <span class='ocrx_word' id='word_1_317' title='bbox 2313 1749 2439 1796; x_wconf 90' lang='lat' dir='ltr'>utque</span> 
     </span>
     <span class='ocr_line' id='line_1_57' title="bbox 1399 1795 2438 1852; baseline 0.002 -15"><span class='ocrx_word' id='word_1_318' title='bbox 1399 1795 1653 1852; x_wconf 66' lang='lat' dir='ltr'>praesentium</span> <span class='ocrx_word' id='word_1_319' title='bbox 1667 1796 1925 1851; x_wconf 85' lang='lat' dir='ltr'>transumptis</span> <span class='ocrx_word' id='word_1_320' title='bbox 1939 1824 1953 1846; x_wconf 84' lang='lat'>,</span> <span class='ocrx_word' id='word_1_321' title='bbox 1987 1796 2050 1840; x_wconf 91' lang='lat' dir='ltr'>seu</span> <span class='ocrx_word' id='word_1_322' title='bbox 2065 1798 2260 1852; x_wconf 88' lang='lat' dir='ltr'>exemplis</span> <span class='ocrx_word' id='word_1_323' title='bbox 2279 1827 2292 1849; x_wconf 84' lang='lat'>‚</span> <span class='ocrx_word' id='word_1_324' title='bbox 2314 1800 2438 1841; x_wconf 85' lang='lat' dir='ltr'>etiam</span> 
     </span>
     <span class='ocr_line' id='line_1_58' title="bbox 1398 1853 2438 1911; baseline 0.002 -15"><span class='ocrx_word' id='word_1_325' title='bbox 1398 1854 1619 1910; x_wconf 74' lang='lat' dir='ltr'>impressis,</span> <span class='ocrx_word' id='word_1_326' title='bbox 1651 1869 1771 1897; x_wconf 85' lang='lat' dir='ltr'>manu</span> <span class='ocrx_word' id='word_1_327' title='bbox 1798 1853 1965 1909; x_wconf 85' lang='lat' dir='ltr'>alicujus</span> <span class='ocrx_word' id='word_1_328' title='bbox 1997 1856 2438 1911; x_wconf 86' lang='lat' dir='ltr'>Notariipubiicisub-</span> 
     </span>
     <span class='ocr_line' id='line_1_59' title="bbox 1396 1911 2438 1970; baseline 0.004 -16"><span class='ocrx_word' id='word_1_329' title='bbox 1396 1911 1551 1967; x_wconf 86' lang='lat' dir='ltr'>scriptis</span> <span class='ocrx_word' id='word_1_330' title='bbox 1566 1942 1580 1964; x_wconf 76' lang='lat'>,</span> <span class='ocrx_word' id='word_1_331' title='bbox 1607 1915 1647 1954; x_wconf 89' lang='lat'>&amp;</span> <span class='ocrx_word' id='word_1_332' title='bbox 1662 1913 1791 1969; x_wconf 85' lang='lat' dir='ltr'>sigillo</span> <span class='ocrx_word' id='word_1_333' title='bbox 1809 1914 1989 1956; x_wconf 86' lang='lat' dir='ltr'>Personae</span> <span class='ocrx_word' id='word_1_334' title='bbox 2005 1914 2260 1970; x_wconf 80' lang='lat' dir='ltr'>indignitate</span> <span class='ocrx_word' id='word_1_335' title='bbox 2288 1916 2438 1958; x_wconf 90' lang='lat' dir='ltr'>Eccle-</span> 
     </span>
     <span class='ocr_line' id='line_1_60' title="bbox 1394 1972 2443 2027; baseline 0.003 -15"><span class='ocrx_word' id='word_1_336' title='bbox 1394 1972 1539 2015; x_wconf 79' lang='lat' dir='ltr'>fiastica</span> <span class='ocrx_word' id='word_1_337' title='bbox 1550 1973 1770 2014; x_wconf 79' lang='lat' dir='ltr'>constituta:</span> <span class='ocrx_word' id='word_1_338' title='bbox 1785 1974 1948 2014; x_wconf 84' lang='lat' dir='ltr'>munitis</span> <span class='ocrx_word' id='word_1_339' title='bbox 1963 2002 1977 2024; x_wconf 79' lang='lat'>,</span> <span class='ocrx_word' id='word_1_340' title='bbox 2000 1973 2145 2014; x_wconf 86' lang='lat' dir='ltr'>eadem</span> <span class='ocrx_word' id='word_1_341' title='bbox 2162 1973 2317 2027; x_wconf 88' lang='lat' dir='ltr'>prorsus</span> <span class='ocrx_word' id='word_1_342' title='bbox 2333 1974 2443 2016; x_wconf 67' lang='lat' dir='ltr'>fides·</span> 
     </span>
     <span class='ocr_line' id='line_1_61' title="bbox 1391 2030 2436 2087; baseline 0.003 -16"><span class='ocrx_word' id='word_1_343' title='bbox 1391 2030 1658 2081; x_wconf 87' lang='lat' dir='ltr'>adhibeatur,</span> <span class='ocrx_word' id='word_1_344' title='bbox 1689 2045 1774 2087; x_wconf 88' lang='lat' dir='ltr'>quae</span> <span class='ocrx_word' id='word_1_345' title='bbox 1796 2031 2068 2073; x_wconf 88' lang='lat' dir='ltr'>adhiberetur</span> <span class='ocrx_word' id='word_1_346' title='bbox 2101 2031 2186 2086; x_wconf 79' lang='lat' dir='ltr'>ip-fis</span> <span class='ocrx_word' id='word_1_347' title='bbox 2225 2031 2436 2087; x_wconf 83' lang='lat' dir='ltr'>praesenti-</span> 
     </span>
     <span class='ocr_line' id='line_1_62' title="bbox 1392 2088 2431 2138; baseline 0.002 -8"><span class='ocrx_word' id='word_1_348' title='bbox 1392 2090 1493 2137; x_wconf 82' lang='lat' dir='ltr'>bus,</span> <span class='ocrx_word' id='word_1_349' title='bbox 1525 2088 1547 2129; x_wconf 85' lang='lat' dir='ltr'>si</span> <span class='ocrx_word' id='word_1_350' title='bbox 1573 2088 1705 2130; x_wconf 92' lang='lat' dir='ltr'>forent</span> <span class='ocrx_word' id='word_1_351' title='bbox 1721 2090 1936 2138; x_wconf 69' lang='lat' dir='ltr'>exhibitae,</span> <span class='ocrx_word' id='word_1_352' title='bbox 1967 2089 2235 2130; x_wconf 84' lang='lat' dir='ltr'>velostensae.</span> <span class='ocrx_word' id='word_1_353' title='bbox 2279 2094 2431 2132; x_wconf 88' lang='lat' dir='ltr'>Datum</span> 
     </span>
     <span class='ocr_line' id='line_1_63' title="bbox 1389 2146 2433 2204; baseline 0.003 -16"><span class='ocrx_word' id='word_1_354' title='bbox 1389 2147 1529 2188; x_wconf 83' lang='lat' dir='ltr'>Romae</span> <span class='ocrx_word' id='word_1_355' title='bbox 1550 2146 1667 2202; x_wconf 72' lang='lat' dir='ltr'>,apud</span> <span class='ocrx_word' id='word_1_356' title='bbox 1699 2148 1879 2188; x_wconf 60' lang='lat' dir='ltr'>SanRam</span> <span class='ocrx_word' id='word_1_357' title='bbox 1901 2147 2073 2203; x_wconf 71' lang='lat' dir='ltr'>‘Mariam</span> <span class='ocrx_word' id='word_1_358' title='bbox 2119 2147 2317 2204; x_wconf 67' lang='lat' dir='ltr'>Maiorem</span> <span class='ocrx_word' id='word_1_359' title='bbox 2361 2150 2433 2191; x_wconf 86' lang='lat' dir='ltr'>sub</span> 
     </span>
     <span class='ocr_line' id='line_1_64' title="bbox 1386 2200 2393 2261; baseline 0.002 -15"><span class='ocrx_word' id='word_1_360' title='bbox 1386 2205 1554 2246; x_wconf 91' lang='lat' dir='ltr'>Annulo</span> <span class='ocrx_word' id='word_1_361' title='bbox 1573 2204 1786 2247; x_wconf 82' lang='lat' dir='ltr'>Piscatoris</span> <span class='ocrx_word' id='word_1_362' title='bbox 1807 2205 1882 2245; x_wconf 87' lang='lat' dir='ltr'>Die</span> <span class='ocrx_word' id='word_1_363' title='bbox 1900 2200 2123 2261; x_wconf 74' lang='lat' dir='ltr'>xxvi-Jan.</span> <span class='ocrx_word' id='word_1_364' title='bbox 2144 2221 2393 2250; x_wconf 79' lang='lat' dir='ltr'>Moccxxxx.</span> 
     </span>
    </p>

    <p class='ocr_par' dir='ltr' id='par_1_18' title="bbox 1389 2262 2399 2314">
     <span class='ocr_line' id='line_1_65' title="bbox 1389 2262 2399 2314; baseline 0.001 -9"><span class='ocrx_word' id='word_1_365' title='bbox 1389 2262 1655 2314; x_wconf 71' lang='lat' dir='ltr'>Pontificatus&#39;</span> <span class='ocrx_word' id='word_1_366' title='bbox 1666 2263 1801 2307; x_wconf 89' lang='lat' dir='ltr'>Nostri</span> <span class='ocrx_word' id='word_1_367' title='bbox 1818 2268 1939 2309; x_wconf 82' lang='lat' dir='ltr'>Anno</span> <span class='ocrx_word' id='word_1_368' title='bbox 1959 2264 2131 2310; x_wconf 88' lang='lat' dir='ltr'>Decimo</span> <span class='ocrx_word' id='word_1_369' title='bbox 2144 2294 2156 2305; x_wconf 88' lang='lat'><strong>.</strong></span> <span class='ocrx_word' id='word_1_370' title='bbox 2396 2270 2399 2273; x_wconf 83' lang='grc'><strong>’</strong></span> 
     </span>
    </p>
   </div>
   <div class='ocr_carea' id='block_1_17' title="bbox 1826 2380 2308 2438">
    <p class='ocr_par' dir='ltr' id='par_1_19' title="bbox 1826 2380 2308 2438">
     <span class='ocr_line' id='line_1_66' title="bbox 1826 2380 2308 2438; baseline 0 -12"><span class='ocrx_word' id='word_1_371' title='bbox 1826 2386 1885 2426; x_wconf 85' lang='lat' dir='ltr'>D.</span> <span class='ocrx_word' id='word_1_372' title='bbox 1915 2382 2042 2425; x_wconf 78' lang='lat' dir='ltr'>Card.</span> <span class='ocrx_word' id='word_1_373' title='bbox 2079 2380 2282 2438; x_wconf 82' lang='lat' dir='ltr'>Paffloneus</span> <span class='ocrx_word' id='word_1_374' title='bbox 2298 2414 2308 2425; x_wconf 90' lang='lat'><strong>.</strong></span> 
     </span>
    </p>
   </div>
   <div class='ocr_carea' id='block_1_18' title="bbox 1446 2494 2431 2673">
    <p class='ocr_par' dir='ltr' id='par_1_20' title="bbox 1446 2494 2431 2673">
     <span class='ocr_line' id='line_1_67' title="bbox 1446 2494 2431 2558; baseline 0.001 -18"><span class='ocrx_word' id='word_1_375' title='bbox 1446 2500 1593 2543; x_wconf 73' lang='lat' dir='ltr'>Brevia</span> <span class='ocrx_word' id='word_1_376' title='bbox 1607 2498 1795 2558; x_wconf 81' lang='lat' dir='ltr'>formata</span> <span class='ocrx_word' id='word_1_377' title='bbox 1811 2501 1854 2540; x_wconf 83' lang='lat' dir='ltr'>in</span> <span class='ocrx_word' id='word_1_378' title='bbox 1875 2499 2074 2542; x_wconf 76' lang='lat' dir='ltr'>Archiviis</span> <span class='ocrx_word' id='word_1_379' title='bbox 2094 2494 2431 2552; x_wconf 44' lang='lat' dir='ltr'>*1³rovirzciaram,¹</span> 
     </span>
     <span class='ocr_line' id='line_1_68' title="bbox 1500 2557 2423 2614; baseline 0 -14"><span class='ocrx_word' id='word_1_380' title='bbox 1500 2560 1542 2600; x_wconf 84' lang='lat' dir='ltr'>in</span> <span class='ocrx_word' id='word_1_381' title='bbox 1569 2559 1707 2613; x_wconf 79' lang='lat' dir='ltr'>quibus</span> <span class='ocrx_word' id='word_1_382' title='bbox 1734 2560 1882 2600; x_wconf 77' lang='lat' dir='ltr'>devotio</span> <span class='ocrx_word' id='word_1_383' title='bbox 1917 2557 2198 2604; x_wconf 76' lang='lat' dir='ltr'>communionis</span> <span class='ocrx_word' id='word_1_384' title='bbox 2223 2560 2423 2614; x_wconf 78' lang='lat' dir='ltr'>generalis</span> 
     </span>
     <span class='ocr_line' id='line_1_69' title="bbox 1502 2622 1630 2673; baseline 0.023 -14"><span class='ocrx_word' id='word_1_385' title='bbox 1502 2622 1630 2673; x_wconf 81' lang='lat' dir='ltr'>viget.</span> 
     </span>
    </p>
   </div>
   <div class='ocr_carea' id='block_1_19' title="bbox 1003 2746 1694 2812">
    <p class='ocr_par' dir='ltr' id='par_1_21' title="bbox 1003 2746 1694 2812">
     <span class='ocr_line' id='line_1_70' title="bbox 1003 2746 1694 2812; baseline 0.003 -2"><span class='ocrx_word' id='word_1_386' title='bbox 1003 2746 1694 2812; x_wconf 88' lang='lat' dir='ltr'>NOTA.</span> 
     </span>
    </p>
   </div>
   <div class='ocr_carea' id='block_1_20' title="bbox 273 2889 2419 3864">
    <p class='ocr_par' dir='ltr' id='par_1_22' title="bbox 282 2889 2419 3231">
     <span class='ocr_line' id='line_1_71' title="bbox 287 2889 2419 2983; baseline -0.001 -52"><span class='ocrx_word' id='word_1_387' title='bbox 287 2893 360 2983; x_wconf 85' lang='lat' dir='ltr'><strong>P</strong></span> <span class='ocrx_word' id='word_1_388' title='bbox 377 2895 488 2931; x_wconf 81' lang='lat' dir='ltr'>Raxis</span> <span class='ocrx_word' id='word_1_389' title='bbox 499 2894 584 2939; x_wconf 58' lang='lat' dir='ltr'>{seu</span> <span class='ocrx_word' id='word_1_390' title='bbox 599 2893 768 2930; x_wconf 89' lang='lat' dir='ltr'>devotum</span> <span class='ocrx_word' id='word_1_391' title='bbox 782 2916 795 2936; x_wconf 87' lang='lat'><strong>‚</strong></span> <span class='ocrx_word' id='word_1_392' title='bbox 819 2893 1074 2938; x_wconf 83' lang='lat' dir='ltr'>animarumque</span> <span class='ocrx_word' id='word_1_393' title='bbox 1095 2892 1208 2929; x_wconf 86' lang='lat' dir='ltr'>Saluti</span> <span class='ocrx_word' id='word_1_394' title='bbox 1227 2890 1374 2928; x_wconf 74' lang='lat' dir='ltr'>maxime</span> <span class='ocrx_word' id='word_1_395' title='bbox 1400 2890 1594 2938; x_wconf 83' lang='lat' dir='ltr'>proficuum</span> <span class='ocrx_word' id='word_1_396' title='bbox 1620 2889 1888 2927; x_wconf 76' lang='lat' dir='ltr'>communionis</span> <span class='ocrx_word' id='word_1_397' title='bbox 1911 2892 2096 2929; x_wconf 76' lang='lat' dir='ltr'>Generalis</span> <span class='ocrx_word' id='word_1_398' title='bbox 2125 2891 2324 2929; x_wconf 87' lang='lat' dir='ltr'>exercitium</span> <span class='ocrx_word' id='word_1_399' title='bbox 2353 2892 2419 2929; x_wconf 78' lang='lat' dir='ltr'>in.-</span> 
     </span>
     <span class='ocr_line' id='line_1_72' title="bbox 386 2938 2415 2988; baseline -0.002 -9"><span class='ocrx_word' id='word_1_400' title='bbox 386 2944 496 2980; x_wconf 88' lang='lat' dir='ltr'>nostra</span> <span class='ocrx_word' id='word_1_401' title='bbox 522 2943 708 2987; x_wconf 86' lang='lat' dir='ltr'>Religione</span> <span class='ocrx_word' id='word_1_402' title='bbox 737 2941 908 2988; x_wconf 86' lang='lat' dir='ltr'>hucusque</span> <span class='ocrx_word' id='word_1_403' title='bbox 933 2951 1002 2974; x_wconf 91' lang='lat' dir='ltr'>non</span> <span class='ocrx_word' id='word_1_404' title='bbox 1025 2941 1072 2976; x_wconf 88' lang='lat' dir='ltr'>est</span> <span class='ocrx_word' id='word_1_405' title='bbox 1094 2938 1295 2981; x_wconf 58' lang='lat' dir='ltr'>indubium,</span> <span class='ocrx_word' id='word_1_406' title='bbox 1320 2939 1381 2974; x_wconf 85' lang='lat' dir='ltr'>nili</span> <span class='ocrx_word' id='word_1_407' title='bbox 1403 2940 1438 2985; x_wconf 86' lang='lat' dir='ltr'>in</span> <span class='ocrx_word' id='word_1_408' title='bbox 1471 2938 1644 2986; x_wconf 84' lang='lat' dir='ltr'>aliquibus</span> <span class='ocrx_word' id='word_1_409' title='bbox 1667 2939 1831 2975; x_wconf 84' lang='lat' dir='ltr'>duntaxat</span> <span class='ocrx_word' id='word_1_410' title='bbox 1859 2940 2096 2987; x_wconf 79' lang='lat' dir='ltr'>(diversarum</span> <span class='ocrx_word' id='word_1_411' title='bbox 2136 2951 2244 2978; x_wconf 90' lang='lat' dir='ltr'>tamen</span> <span class='ocrx_word' id='word_1_412' title='bbox 2285 2941 2415 2976; x_wconf 80' lang='lat' dir='ltr'>Natio-</span> 
     </span>
     <span class='ocr_line' id='line_1_73' title="bbox 286 2985 2418 3038; baseline -0.001 -11"><span class='ocrx_word' id='word_1_413' title='bbox 286 2993 396 3038; x_wconf 85' lang='lat' dir='ltr'>num)</span> <span class='ocrx_word' id='word_1_414' title='bbox 436 2993 627 3028; x_wconf 86' lang='lat' dir='ltr'>Provinciis</span> <span class='ocrx_word' id='word_1_415' title='bbox 650 3003 660 3025; x_wconf 72' lang='grc' dir='ltr'><em>τ</em></span> <span class='ocrx_word' id='word_1_416' title='bbox 680 2989 758 3024; x_wconf 89' lang='lat' dir='ltr'>hinc</span> <span class='ocrx_word' id='word_1_417' title='bbox 793 2989 895 3024; x_wconf 89' lang='lat' dir='ltr'>etiam</span> <span class='ocrx_word' id='word_1_418' title='bbox 918 2988 1161 3035; x_wconf 87' lang='lat' dir='ltr'>suprapositum</span> <span class='ocrx_word' id='word_1_419' title='bbox 1186 2987 1483 3032; x_wconf 76' lang='lat' dir='ltr'>indulgentiarum</span> <span class='ocrx_word' id='word_1_420' title='bbox 1513 2989 1624 3024; x_wconf 87' lang='lat' dir='ltr'>Breve</span> <span class='ocrx_word' id='word_1_421' title='bbox 1651 2985 1846 3031; x_wconf 78' lang='lat' dir='ltr'>singillatim</span> <span class='ocrx_word' id='word_1_422' title='bbox 1871 2999 1940 3035; x_wconf 84' lang='lat' dir='ltr'>pro</span> <span class='ocrx_word' id='word_1_423' title='bbox 1962 3001 2078 3026; x_wconf 89' lang='lat' dir='ltr'>earum</span> <span class='ocrx_word' id='word_1_424' title='bbox 2117 2989 2268 3036; x_wconf 85' lang='lat' dir='ltr'>qualibet</span> <span class='ocrx_word' id='word_1_425' title='bbox 2314 3001 2418 3024; x_wconf 88' lang='lat' dir='ltr'>reno-</span> 
     </span>
     <span class='ocr_line' id='line_1_74' title="bbox 282 3035 2417 3087; baseline -0.001 -12"><span class='ocrx_word' id='word_1_426' title='bbox 282 3041 360 3075; x_wconf 86' lang='lat' dir='ltr'>vari</span> <span class='ocrx_word' id='word_1_427' title='bbox 388 3051 550 3087; x_wconf 84' lang='lat' dir='ltr'>oportet.</span> <span class='ocrx_word' id='word_1_428' title='bbox 574 3039 762 3082; x_wconf 85' lang='lat' dir='ltr'>Originem</span> <span class='ocrx_word' id='word_1_429' title='bbox 786 3037 881 3073; x_wconf 64' lang='lat' dir='ltr'>naaa</span> <span class='ocrx_word' id='word_1_430' title='bbox 903 3037 950 3072; x_wconf 84' lang='lat' dir='ltr'>est</span> <span class='ocrx_word' id='word_1_431' title='bbox 977 3036 1045 3071; x_wconf 85' lang='lat' dir='ltr'>haec</span> <span class='ocrx_word' id='word_1_432' title='bbox 1070 3037 1216 3073; x_wconf 86' lang='lat' dir='ltr'>devotio</span> <span class='ocrx_word' id='word_1_433' title='bbox 1238 3037 1273 3070; x_wconf 93' lang='lat' dir='ltr'>in</span> <span class='ocrx_word' id='word_1_434' title='bbox 1290 3037 1383 3072; x_wconf 82' lang='lat' dir='ltr'>Urbe</span> <span class='ocrx_word' id='word_1_435' title='bbox 1404 3039 1582 3077; x_wconf 82' lang='lat' dir='ltr'>Romana,</span> <span class='ocrx_word' id='word_1_436' title='bbox 1605 3035 1641 3070; x_wconf 90' lang='lat' dir='ltr'>in</span> <span class='ocrx_word' id='word_1_437' title='bbox 1666 3047 1735 3083; x_wconf 90' lang='lat' dir='ltr'>qua</span> <span class='ocrx_word' id='word_1_438' title='bbox 1750 3061 1763 3079; x_wconf 89' lang='lat'>‚</span> <span class='ocrx_word' id='word_1_439' title='bbox 1789 3048 1827 3073; x_wconf 93' lang='lat' dir='ltr'>ut</span> <span class='ocrx_word' id='word_1_440' title='bbox 1851 3039 1903 3082; x_wconf 85' lang='lat' dir='ltr'>gl.</span> <span class='ocrx_word' id='word_1_441' title='bbox 1928 3049 2026 3074; x_wconf 88' lang='lat' dir='ltr'>mem.</span> <span class='ocrx_word' id='word_1_442' title='bbox 2054 3039 2181 3074; x_wconf 88' lang='lat' dir='ltr'>Paulus</span> <span class='ocrx_word' id='word_1_443' title='bbox 2213 3038 2277 3073; x_wconf 76' lang='lat'>1²1².</span> <span class='ocrx_word' id='word_1_444' title='bbox 2295 3037 2340 3072; x_wconf 92' lang='lat' dir='ltr'>V.</span> <span class='ocrx_word' id='word_1_445' title='bbox 2361 3047 2417 3072; x_wconf 92' lang='lat' dir='ltr'>te-</span> 
     </span>
     <span class='ocr_line' id='line_1_75' title="bbox 282 3083 2416 3135; baseline -0.001 -12"><span class='ocrx_word' id='word_1_446' title='bbox 282 3088 473 3135; x_wconf 87' lang='lat' dir='ltr'>pescentem</span> <span class='ocrx_word' id='word_1_447' title='bbox 513 3088 664 3124; x_wconf 89' lang='lat' dir='ltr'>nonnihil</span> <span class='ocrx_word' id='word_1_448' title='bbox 692 3086 747 3123; x_wconf 82' lang='lat' dir='ltr'>,ad</span> <span class='ocrx_word' id='word_1_449' title='bbox 773 3088 837 3124; x_wconf 89' lang='lat' dir='ltr'>SS.</span> <span class='ocrx_word' id='word_1_450' title='bbox 865 3084 1016 3121; x_wconf 75' lang='lat' dir='ltr'>Ecclesiae</span> <span class='ocrx_word' id='word_1_451' title='bbox 1047 3087 1266 3121; x_wconf 88' lang='lat' dir='ltr'>Sacramenta</span> <span class='ocrx_word' id='word_1_452' title='bbox 1297 3084 1440 3120; x_wconf 80' lang='lat' dir='ltr'>Civium</span> <span class='ocrx_word' id='word_1_453' title='bbox 1465 3083 1628 3120; x_wconf 78' lang='lat' dir='ltr'>accessum</span> <span class='ocrx_word' id='word_1_454' title='bbox 1650 3108 1663 3127; x_wconf 87' lang='lat'>‚</span> <span class='ocrx_word' id='word_1_455' title='bbox 1690 3085 1810 3121; x_wconf 86' lang='lat' dir='ltr'>oblato</span> <span class='ocrx_word' id='word_1_456' title='bbox 1847 3086 2034 3133; x_wconf 83' lang='lat' dir='ltr'>spiritualis</span> <span class='ocrx_word' id='word_1_457' title='bbox 2062 3086 2148 3122; x_wconf 89' lang='lat' dir='ltr'>boni</span> <span class='ocrx_word' id='word_1_458' title='bbox 2175 3087 2269 3121; x_wconf 90' lang='lat' dir='ltr'>lucro</span> <span class='ocrx_word' id='word_1_459' title='bbox 2298 3097 2416 3121; x_wconf 86' lang='lat' dir='ltr'>accen-</span> 
     </span>
     <span class='ocr_line' id='line_1_76' title="bbox 283 3133 2415 3183; baseline -0.001 -13"><span class='ocrx_word' id='word_1_460' title='bbox 283 3136 380 3172; x_wconf 86' lang='lat' dir='ltr'>derer</span> <span class='ocrx_word' id='word_1_461' title='bbox 396 3160 409 3180; x_wconf 89' lang='lat'><strong>‚</strong></span> <span class='ocrx_word' id='word_1_462' title='bbox 433 3136 467 3170; x_wconf 91' lang='lat' dir='ltr'>in</span> <span class='ocrx_word' id='word_1_463' title='bbox 493 3149 558 3172; x_wconf 85' lang='lat' dir='ltr'>una</span> <span class='ocrx_word' id='word_1_464' title='bbox 583 3134 768 3183; x_wconf 83' lang='lat' dir='ltr'>cujuslibet</span> <span class='ocrx_word' id='word_1_465' title='bbox 795 3133 912 3170; x_wconf 86' lang='lat' dir='ltr'>mensis</span> <span class='ocrx_word' id='word_1_466' title='bbox 938 3133 1125 3170; x_wconf 89' lang='lat' dir='ltr'>Dominica</span> <span class='ocrx_word' id='word_1_467' title='bbox 1156 3133 1408 3176; x_wconf 81' lang='lat' dir='ltr'>indulgentiam</span> <span class='ocrx_word' id='word_1_468' title='bbox 1433 3133 1640 3181; x_wconf 85' lang='lat' dir='ltr'>plenariam,</span> <span class='ocrx_word' id='word_1_469' title='bbox 1666 3144 1770 3179; x_wconf 89' lang='lat' dir='ltr'>quam</span> <span class='ocrx_word' id='word_1_470' title='bbox 1799 3134 1986 3171; x_wconf 67' lang='lat' dir='ltr'>Defunstis.</span> <span class='ocrx_word' id='word_1_471' title='bbox 2020 3146 2080 3182; x_wconf 86' lang='lat' dir='ltr'>per</span> <span class='ocrx_word' id='word_1_472' title='bbox 2107 3135 2245 3169; x_wconf 87' lang='lat' dir='ltr'>modum</span> <span class='ocrx_word' id='word_1_473' title='bbox 2277 3133 2415 3169; x_wconf 85' lang='lat' dir='ltr'>Suffra-</span> 
     </span>
     <span class='ocr_line' id='line_1_77' title="bbox 282 3180 2412 3231; baseline -0 -13"><span class='ocrx_word' id='word_1_474' title='bbox 282 3182 332 3228; x_wconf 81' lang='lat' dir='ltr'>gii</span> <span class='ocrx_word' id='word_1_475' title='bbox 354 3183 516 3231; x_wconf 85' lang='lat' dir='ltr'>applicari</span> <span class='ocrx_word' id='word_1_476' title='bbox 535 3183 626 3231; x_wconf 80' lang='lat' dir='ltr'>posse</span> <span class='ocrx_word' id='word_1_477' title='bbox 640 3207 652 3226; x_wconf 94' lang='lat'>,</span> <span class='ocrx_word' id='word_1_478' title='bbox 676 3181 890 3218; x_wconf 73' lang='lat' dir='ltr'>successores</span> <span class='ocrx_word' id='word_1_479' title='bbox 908 3181 1088 3217; x_wconf 83' lang='lat' dir='ltr'>Pontifices</span> <span class='ocrx_word' id='word_1_480' title='bbox 1104 3182 1219 3229; x_wconf 87' lang='lat' dir='ltr'>postea</span> <span class='ocrx_word' id='word_1_481' title='bbox 1235 3180 1404 3219; x_wconf 74' lang='lat' dir='ltr'>indulsere</span> <span class='ocrx_word' id='word_1_482' title='bbox 1418 3206 1430 3226; x_wconf 94' lang='lat'>,</span> <span class='ocrx_word' id='word_1_483' title='bbox 1458 3181 1647 3229; x_wconf 75' lang='lat' dir='ltr'>praescripta</span> <span class='ocrx_word' id='word_1_484' title='bbox 1671 3180 1809 3228; x_wconf 88' lang='lat' dir='ltr'>pietatis</span> <span class='ocrx_word' id='word_1_485' title='bbox 1829 3193 1931 3230; x_wconf 84' lang='lat' dir='ltr'>opera</span> <span class='ocrx_word' id='word_1_486' title='bbox 1958 3181 2199 3230; x_wconf 77' lang='lat' dir='ltr'>peragentibus</span> <span class='ocrx_word' id='word_1_487' title='bbox 2225 3181 2387 3217; x_wconf 83' lang='lat' dir='ltr'>conceffit</span> <span class='ocrx_word' id='word_1_488' title='bbox 2401 3206 2412 3217; x_wconf 89' lang='lat'><strong><em>.</em></strong></span> 
     </span>
    </p>

    <p class='ocr_par' dir='ltr' id='par_1_23' title="bbox 280 3228 2414 3374">
     <span class='ocr_line' id='line_1_78' title="bbox 381 3228 2414 3276; baseline -0 -9"><span class='ocrx_word' id='word_1_489' title='bbox 381 3232 440 3267; x_wconf 75' lang='lat' dir='ltr'>Ad</span> <span class='ocrx_word' id='word_1_490' title='bbox 459 3231 621 3269; x_wconf 84' lang='lat' dir='ltr'>Ecclesias</span> <span class='ocrx_word' id='word_1_491' title='bbox 649 3231 735 3266; x_wconf 79' lang='lat' dir='ltr'>RR.</span> <span class='ocrx_word' id='word_1_492' title='bbox 763 3230 900 3265; x_wconf 87' lang='lat' dir='ltr'>Parrum</span> <span class='ocrx_word' id='word_1_493' title='bbox 926 3230 1108 3267; x_wconf 88' lang='lat' dir='ltr'>Societatis</span> <span class='ocrx_word' id='word_1_494' title='bbox 1136 3230 1210 3274; x_wconf 81' lang='lat' dir='ltr'>Iesu</span> <span class='ocrx_word' id='word_1_495' title='bbox 1224 3254 1237 3272; x_wconf 84' lang='lat'>,</span> <span class='ocrx_word' id='word_1_496' title='bbox 1262 3228 1297 3264; x_wconf 91' lang='lat' dir='ltr'>in</span> <span class='ocrx_word' id='word_1_497' title='bbox 1324 3230 1451 3276; x_wconf 87' lang='lat' dir='ltr'>quibus</span> <span class='ocrx_word' id='word_1_498' title='bbox 1475 3231 1542 3266; x_wconf 69' lang='lat' dir='ltr'>haec</span> <span class='ocrx_word' id='word_1_499' title='bbox 1573 3231 1789 3267; x_wconf 79' lang='lat' dir='ltr'>Communio</span> <span class='ocrx_word' id='word_1_500' title='bbox 1819 3231 2039 3272; x_wconf 82' lang='lat' dir='ltr'>solemniter,</span> <span class='ocrx_word' id='word_1_501' title='bbox 2068 3229 2182 3276; x_wconf 74' lang='lat' dir='ltr'>prImb</span> <span class='ocrx_word' id='word_1_502' title='bbox 2203 3253 2215 3273; x_wconf 93' lang='lat'>‚</span> <span class='ocrx_word' id='word_1_503' title='bbox 2240 3230 2275 3264; x_wconf 74' lang='lat'>8&lt;</span> <span class='ocrx_word' id='word_1_504' title='bbox 2301 3242 2414 3266; x_wconf 73' lang='lat' dir='ltr'>cum..</span> 
     </span>
     <span class='ocr_line' id='line_1_79' title="bbox 284 3276 2411 3326; baseline -0.001 -10"><span class='ocrx_word' id='word_1_505' title='bbox 284 3282 371 3316; x_wconf 86' lang='lat' dir='ltr'>DD.</span> <span class='ocrx_word' id='word_1_506' title='bbox 388 3279 624 3316; x_wconf 86' lang='lat' dir='ltr'>Cardinalium</span> <span class='ocrx_word' id='word_1_507' title='bbox 651 3276 816 3314; x_wconf 86' lang='lat' dir='ltr'>concursu</span> <span class='ocrx_word' id='word_1_508' title='bbox 837 3278 945 3313; x_wconf 86' lang='lat' dir='ltr'>fuerat</span> <span class='ocrx_word' id='word_1_509' title='bbox 971 3277 1122 3314; x_wconf 85' lang='lat' dir='ltr'>instituta</span> <span class='ocrx_word' id='word_1_510' title='bbox 1138 3302 1150 3321; x_wconf 94' lang='lat'><strong>‚</strong></span> <span class='ocrx_word' id='word_1_511' title='bbox 1172 3279 1254 3313; x_wconf 88' lang='lat' dir='ltr'>talls</span> <span class='ocrx_word' id='word_1_512' title='bbox 1280 3277 1376 3313; x_wconf 77' lang='lat' dir='ltr'>illico</span> <span class='ocrx_word' id='word_1_513' title='bbox 1400 3278 1492 3313; x_wconf 80' lang='lat' dir='ltr'>visus</span> <span class='ocrx_word' id='word_1_514' title='bbox 1517 3279 1582 3314; x_wconf 86' lang='lat' dir='ltr'>fuit</span> <span class='ocrx_word' id='word_1_515' title='bbox 1611 3278 1809 3324; x_wconf 85' lang='lat' dir='ltr'>poenitentis</span> <span class='ocrx_word' id='word_1_516' title='bbox 1836 3279 1959 3326; x_wconf 87' lang='lat' dir='ltr'>populi</span> <span class='ocrx_word' id='word_1_517' title='bbox 1975 3279 2210 3321; x_wconf 83' lang='lat' dir='ltr'>confluxusut</span> <span class='ocrx_word' id='word_1_518' title='bbox 2226 3279 2411 3325; x_wconf 88' lang='lat' dir='ltr'>aliquoties</span> 
     </span>
     <span class='ocr_line' id='line_1_80' title="bbox 280 3325 2119 3374; baseline -0.001 -11"><span class='ocrx_word' id='word_1_519' title='bbox 280 3339 416 3364; x_wconf 88' lang='lat' dir='ltr'>centum</span> <span class='ocrx_word' id='word_1_520' title='bbox 438 3326 703 3364; x_wconf 84' lang='lat' dir='ltr'>Confeffionarii</span> <span class='ocrx_word' id='word_1_521' title='bbox 729 3326 763 3360; x_wconf 92' lang='lat' dir='ltr'>in</span> <span class='ocrx_word' id='word_1_522' title='bbox 791 3325 935 3361; x_wconf 83' lang='lat' dir='ltr'>Ecclesia</span> <span class='ocrx_word' id='word_1_523' title='bbox 959 3327 1094 3362; x_wconf 78' lang='lat' dir='ltr'>Domfis</span> <span class='ocrx_word' id='word_1_524' title='bbox 1119 3326 1269 3374; x_wconf 80' lang='lat' dir='ltr'>profeffae</span> <span class='ocrx_word' id='word_1_525' title='bbox 1297 3327 1512 3373; x_wconf 85' lang='lat' dir='ltr'>excip-iendis</span> <span class='ocrx_word' id='word_1_526' title='bbox 1535 3325 1792 3364; x_wconf 69' lang='lat' dir='ltr'>confessionibus</span> <span class='ocrx_word' id='word_1_527' title='bbox 1817 3329 1879 3362; x_wconf 82' lang='lat' dir='ltr'>vix</span> <span class='ocrx_word' id='word_1_528' title='bbox 1906 3326 2119 3362; x_wconf 82' lang='lat' dir='ltr'>sufficerent.</span> 
     </span>
    </p>

    <p class='ocr_par' dir='ltr' id='par_1_24' title="bbox 277 3373 2412 3664">
     <span class='ocr_line' id='line_1_81' title="bbox 380 3373 2412 3422; baseline -0 -9"><span class='ocrx_word' id='word_1_529' title='bbox 380 3376 529 3414; x_wconf 67' lang='lat' dir='ltr'>lnduEtae</span> <span class='ocrx_word' id='word_1_530' title='bbox 549 3387 613 3412; x_wconf 90' lang='lat' dir='ltr'>tam</span> <span class='ocrx_word' id='word_1_531' title='bbox 641 3376 804 3422; x_wconf 83' lang='lat' dir='ltr'>praeclaro</span> <span class='ocrx_word' id='word_1_532' title='bbox 818 3374 883 3409; x_wconf 91' lang='lat' dir='ltr'>hoc</span> <span class='ocrx_word' id='word_1_533' title='bbox 902 3373 1070 3420; x_wconf 84' lang='lat' dir='ltr'>Jesuiticae</span> <span class='ocrx_word' id='word_1_534' title='bbox 1083 3375 1265 3412; x_wconf 85' lang='lat' dir='ltr'>Societatis</span> <span class='ocrx_word' id='word_1_535' title='bbox 1279 3374 1366 3409; x_wconf 87' lang='lat' dir='ltr'>Zelo</span> <span class='ocrx_word' id='word_1_536' title='bbox 1380 3398 1391 3417; x_wconf 88' lang='lat'>,</span> <span class='ocrx_word' id='word_1_537' title='bbox 1418 3377 1520 3421; x_wconf 75' lang='lat' dir='ltr'>quam</span> <span class='ocrx_word' id='word_1_538' title='bbox 1548 3375 1608 3410; x_wconf 85' lang='lat' dir='ltr'>viii</span> <span class='ocrx_word' id='word_1_539' title='bbox 1635 3375 1766 3411; x_wconf 58' lang='lat' dir='ltr'>fruatis</span> <span class='ocrx_word' id='word_1_540' title='bbox 1787 3375 1949 3420; x_wconf 85' lang='lat' dir='ltr'>exemplo</span> <span class='ocrx_word' id='word_1_541' title='bbox 1961 3374 2084 3410; x_wconf 84' lang='lat' dir='ltr'>excitae</span> <span class='ocrx_word' id='word_1_542' title='bbox 2099 3400 2111 3418; x_wconf 88' lang='lat'>,</span> <span class='ocrx_word' id='word_1_543' title='bbox 2130 3377 2246 3421; x_wconf 85' lang='lat' dir='ltr'>plures</span> <span class='ocrx_word' id='word_1_544' title='bbox 2259 3376 2412 3413; x_wconf 84' lang='lat' dir='ltr'>Ordinis</span> 
     </span>
     <span class='ocr_line' id='line_1_82' title="bbox 277 3423 2411 3471; baseline -0 -10"><span class='ocrx_word' id='word_1_545' title='bbox 277 3424 382 3461; x_wconf 88' lang='lat' dir='ltr'>nostri</span> <span class='ocrx_word' id='word_1_546' title='bbox 407 3425 595 3461; x_wconf 65' lang='lat' dir='ltr'>Provinciae</span> <span class='ocrx_word' id='word_1_547' title='bbox 621 3425 706 3459; x_wconf 89' lang='lat' dir='ltr'>hanc</span> <span class='ocrx_word' id='word_1_548' title='bbox 727 3424 920 3467; x_wconf 86' lang='lat' dir='ltr'>generalem</span> <span class='ocrx_word' id='word_1_549' title='bbox 945 3423 1235 3458; x_wconf 87' lang='lat' dir='ltr'>Communionem</span> <span class='ocrx_word' id='word_1_550' title='bbox 1259 3423 1292 3457; x_wconf 89' lang='lat' dir='ltr'>in</span> <span class='ocrx_word' id='word_1_551' title='bbox 1316 3423 1382 3458; x_wconf 85' lang='lat' dir='ltr'>suis</span> <span class='ocrx_word' id='word_1_552' title='bbox 1407 3435 1547 3471; x_wconf 86' lang='lat' dir='ltr'>quoque</span> <span class='ocrx_word' id='word_1_553' title='bbox 1575 3423 1730 3459; x_wconf 82' lang='lat' dir='ltr'>Ecclesiis</span> <span class='ocrx_word' id='word_1_554' title='bbox 1756 3423 1988 3458; x_wconf 86' lang='lat' dir='ltr'>menstruatim</span> <span class='ocrx_word' id='word_1_555' title='bbox 2016 3423 2215 3460; x_wconf 82' lang='lat' dir='ltr'>instituendi</span> <span class='ocrx_word' id='word_1_556' title='bbox 2244 3448 2258 3468; x_wconf 92' lang='lat'><strong>‚</strong></span> <span class='ocrx_word' id='word_1_557' title='bbox 2297 3426 2411 3460; x_wconf 90' lang='lat' dir='ltr'>muni-</span> 
     </span>
     <span class='ocr_line' id='line_1_83' title="bbox 278 3470 2411 3520; baseline 0 -12"><span class='ocrx_word' id='word_1_558' title='bbox 278 3482 350 3509; x_wconf 88' lang='lat' dir='ltr'>tam</span> <span class='ocrx_word' id='word_1_559' title='bbox 375 3473 583 3520; x_wconf 85' lang='lat' dir='ltr'>Apostolico</span> <span class='ocrx_word' id='word_1_560' title='bbox 607 3473 709 3508; x_wconf 86' lang='lat' dir='ltr'>Brevi</span> <span class='ocrx_word' id='word_1_561' title='bbox 731 3472 925 3507; x_wconf 84' lang='lat' dir='ltr'>facultatem</span> <span class='ocrx_word' id='word_1_562' title='bbox 950 3470 1173 3517; x_wconf 72' lang='lat' dir='ltr'>impetrarunt</span> <span class='ocrx_word' id='word_1_563' title='bbox 1189 3482 1281 3517; x_wconf 87' lang='lat' dir='ltr'>:quo</span> <span class='ocrx_word' id='word_1_564' title='bbox 1294 3471 1335 3506; x_wconf 85' lang='lat' dir='ltr'>ad</span> <span class='ocrx_word' id='word_1_565' title='bbox 1349 3472 1477 3518; x_wconf 83' lang='lat' dir='ltr'>lapsum</span> <span class='ocrx_word' id='word_1_566' title='bbox 1490 3472 1653 3519; x_wconf 88' lang='lat' dir='ltr'>temporis</span> <span class='ocrx_word' id='word_1_567' title='bbox 1666 3481 1855 3515; x_wconf 88' lang='lat' dir='ltr'>renovato,</span> <span class='ocrx_word' id='word_1_568' title='bbox 1879 3471 1975 3507; x_wconf 79' lang='lat' dir='ltr'>illam</span> <span class='ocrx_word' id='word_1_569' title='bbox 1990 3484 2034 3507; x_wconf 90' lang='lat' dir='ltr'>eo</span> <span class='ocrx_word' id='word_1_570' title='bbox 2047 3471 2177 3519; x_wconf 87' lang='lat' dir='ltr'>semper</span> <span class='ocrx_word' id='word_1_571' title='bbox 2189 3472 2302 3510; x_wconf 66' lang='lat' dir='ltr'>fruGtu</span> <span class='ocrx_word' id='word_1_572' title='bbox 2323 3485 2411 3509; x_wconf 89' lang='lat' dir='ltr'>con-</span> 
     </span>
     <span class='ocr_line' id='line_1_84' title="bbox 278 3518 2407 3566; baseline -0 -9"><span class='ocrx_word' id='word_1_573' title='bbox 278 3521 436 3565; x_wconf 83' lang='lat' dir='ltr'>tinuant,</span> <span class='ocrx_word' id='word_1_574' title='bbox 459 3532 498 3557; x_wconf 89' lang='lat' dir='ltr'>ut</span> <span class='ocrx_word' id='word_1_575' title='bbox 520 3533 586 3557; x_wconf 76' lang='lat' dir='ltr'>una</span> <span class='ocrx_word' id='word_1_576' title='bbox 611 3521 682 3556; x_wconf 86' lang='lat' dir='ltr'>sola</span> <span class='ocrx_word' id='word_1_577' title='bbox 696 3518 881 3556; x_wconf 87' lang='lat' dir='ltr'>Provincia</span> <span class='ocrx_word' id='word_1_578' title='bbox 908 3520 992 3554; x_wconf 82' lang='lat' dir='ltr'>ultra</span> <span class='ocrx_word' id='word_1_579' title='bbox 1018 3531 1150 3556; x_wconf 88' lang='lat' dir='ltr'>centum</span> <span class='ocrx_word' id='word_1_580' title='bbox 1176 3520 1428 3566; x_wconf 82' lang='lat' dir='ltr'>quinquaginta</span> <span class='ocrx_word' id='word_1_581' title='bbox 1454 3520 1562 3556; x_wconf 86' lang='lat' dir='ltr'>millia</span> <span class='ocrx_word' id='word_1_582' title='bbox 1589 3520 1895 3557; x_wconf 76' lang='lat' dir='ltr'>sacramentalium</span> <span class='ocrx_word' id='word_1_583' title='bbox 1933 3520 2190 3556; x_wconf 85' lang='lat' dir='ltr'>Confesiionum</span> <span class='ocrx_word' id='word_1_584' title='bbox 2215 3522 2252 3557; x_wconf 64' lang='lat' dir='ltr'>in&gt;</span> <span class='ocrx_word' id='word_1_585' title='bbox 2281 3522 2407 3558; x_wconf 86' lang='lat' dir='ltr'>talibus</span> 
     </span>
     <span class='ocr_line' id='line_1_85' title="bbox 277 3567 2407 3616; baseline 0.001 -12"><span class='ocrx_word' id='word_1_586' title='bbox 277 3569 474 3606; x_wconf 86' lang='lat' dir='ltr'>Dominicis</span> <span class='ocrx_word' id='word_1_587' title='bbox 498 3570 662 3605; x_wconf 86' lang='lat' dir='ltr'>duntaxat</span> <span class='ocrx_word' id='word_1_588' title='bbox 677 3593 692 3612; x_wconf 85' lang='lat'>,</span> <span class='ocrx_word' id='word_1_589' title='bbox 717 3580 778 3616; x_wconf 85' lang='lat' dir='ltr'>per</span> <span class='ocrx_word' id='word_1_590' title='bbox 795 3567 1008 3615; x_wconf 87' lang='lat' dir='ltr'>septennium</span> <span class='ocrx_word' id='word_1_591' title='bbox 1033 3578 1180 3616; x_wconf 85' lang='lat' dir='ltr'>excepta</span> <span class='ocrx_word' id='word_1_592' title='bbox 1196 3567 1290 3603; x_wconf 75' lang='lat' dir='ltr'>fuisse</span> <span class='ocrx_word' id='word_1_593' title='bbox 1307 3592 1321 3612; x_wconf 82' lang='lat'>‚</span> <span class='ocrx_word' id='word_1_594' title='bbox 1342 3579 1390 3604; x_wconf 84' lang='lat' dir='ltr'>ex</span> <span class='ocrx_word' id='word_1_595' title='bbox 1411 3568 1562 3605; x_wconf 70' lang='lat' dir='ltr'>colleeto</span> <span class='ocrx_word' id='word_1_596' title='bbox 1574 3593 1588 3613; x_wconf 89' lang='lat'>,</span> <span class='ocrx_word' id='word_1_597' title='bbox 1618 3569 1837 3616; x_wconf 80' lang='lat' dir='ltr'>Romamque</span> <span class='ocrx_word' id='word_1_598' title='bbox 1863 3567 1967 3604; x_wconf 85' lang='lat' dir='ltr'>miffo·</span> <span class='ocrx_word' id='word_1_599' title='bbox 1988 3568 2276 3608; x_wconf 84' lang='lat' dir='ltr'>Confessariorum</span> <span class='ocrx_word' id='word_1_600' title='bbox 2291 3571 2407 3607; x_wconf 88' lang='lat' dir='ltr'>calcu-</span> 
     </span>
     <span class='ocr_line' id='line_1_86' title="bbox 280 3618 624 3664; baseline 0.003 -12"><span class='ocrx_word' id='word_1_601' title='bbox 280 3619 319 3653; x_wconf 93' lang='lat' dir='ltr'>lo</span> <span class='ocrx_word' id='word_1_602' title='bbox 344 3618 624 3664; x_wconf 83' lang='lat' dir='ltr'>deprehenderit.</span> 
     </span>
    </p>

    <p class='ocr_par' dir='ltr' id='par_1_25' title="bbox 273 3665 2407 3864">
     <span class='ocr_line' id='line_1_87' title="bbox 375 3665 2405 3717; baseline 0.001 -15"><span class='ocrx_word' id='word_1_603' title='bbox 375 3667 576 3702; x_wconf 88' lang='lat' dir='ltr'>Notandum</span> <span class='ocrx_word' id='word_1_604' title='bbox 600 3675 715 3702; x_wconf 90' lang='lat' dir='ltr'>autem</span> <span class='ocrx_word' id='word_1_605' title='bbox 740 3666 786 3703; x_wconf 90' lang='lat' dir='ltr'>est</span> <span class='ocrx_word' id='word_1_606' title='bbox 804 3687 817 3707; x_wconf 84' lang='lat'>‚</span> <span class='ocrx_word' id='word_1_607' title='bbox 841 3665 935 3713; x_wconf 87' lang='lat' dir='ltr'>quod</span> <span class='ocrx_word' id='word_1_608' title='bbox 960 3665 1088 3701; x_wconf 86' lang='lat' dir='ltr'>etiarnsi</span> <span class='ocrx_word' id='word_1_609' title='bbox 1115 3677 1177 3712; x_wconf 81' lang='lat' dir='ltr'>pro</span> <span class='ocrx_word' id='word_1_610' title='bbox 1209 3666 1352 3702; x_wconf 78' lang='lat' dir='ltr'>aliarum</span> <span class='ocrx_word' id='word_1_611' title='bbox 1383 3665 1675 3709; x_wconf 84' lang='lat' dir='ltr'>indulgentiarum</span> <span class='ocrx_word' id='word_1_612' title='bbox 1717 3667 1962 3703; x_wconf 83' lang='lat' dir='ltr'>consecutione</span> <span class='ocrx_word' id='word_1_613' title='bbox 1993 3667 2132 3704; x_wconf 83' lang='lat' dir='ltr'>Sacram</span> <span class='ocrx_word' id='word_1_614' title='bbox 2177 3667 2331 3717; x_wconf 82' lang='lat' dir='ltr'>Synaxin</span> <span class='ocrx_word' id='word_1_615' title='bbox 2368 3668 2405 3704; x_wconf 90' lang='lat' dir='ltr'>in</span> 
     </span>
     <span class='ocr_line' id='line_1_88' title="bbox 275 3713 2405 3763; baseline 0.001 -14"><span class='ocrx_word' id='word_1_616' title='bbox 275 3714 423 3751; x_wconf 82' lang='lat' dir='ltr'>Ecclesia</span> <span class='ocrx_word' id='word_1_617' title='bbox 449 3726 679 3762; x_wconf 86' lang='lat' dir='ltr'>quacunque,</span> <span class='ocrx_word' id='word_1_618' title='bbox 701 3715 758 3750; x_wconf 86' lang='lat' dir='ltr'>seu</span> <span class='ocrx_word' id='word_1_619' title='bbox 780 3715 823 3750; x_wconf 87' lang='lat' dir='ltr'>ad</span> <span class='ocrx_word' id='word_1_620' title='bbox 849 3713 1008 3754; x_wconf 86' lang='lat' dir='ltr'>libitum,</span> <span class='ocrx_word' id='word_1_621' title='bbox 1029 3714 1180 3750; x_wconf 86' lang='lat' dir='ltr'>sumendi</span> <span class='ocrx_word' id='word_1_622' title='bbox 1210 3716 1350 3753; x_wconf 83' lang='lat' dir='ltr'>libertas</span> <span class='ocrx_word' id='word_1_623' title='bbox 1376 3715 1610 3761; x_wconf 70' lang='lat' dir='ltr'>relinquatur,</span> <span class='ocrx_word' id='word_1_624' title='bbox 1635 3726 1699 3762; x_wconf 88' lang='lat' dir='ltr'>pro</span> <span class='ocrx_word' id='word_1_625' title='bbox 1725 3716 1948 3760; x_wconf 76' lang='lat' dir='ltr'>indulgentiis</span> <span class='ocrx_word' id='word_1_626' title='bbox 1973 3727 2083 3752; x_wconf 89' lang='lat' dir='ltr'>tamen</span> <span class='ocrx_word' id='word_1_627' title='bbox 2099 3716 2200 3763; x_wconf 88' lang='lat' dir='ltr'>hujus</span> <span class='ocrx_word' id='word_1_628' title='bbox 2234 3720 2405 3755; x_wconf 84' lang='lat' dir='ltr'>Commu-</span> 
     </span>
     <span class='ocr_line' id='line_1_89' title="bbox 273 3762 2407 3813; baseline 0.001 -15"><span class='ocrx_word' id='word_1_629' title='bbox 273 3763 384 3798; x_wconf 85' lang='lat' dir='ltr'>nionis</span> <span class='ocrx_word' id='word_1_630' title='bbox 409 3763 573 3807; x_wconf 88' lang='lat' dir='ltr'>generalis</span> <span class='ocrx_word' id='word_1_631' title='bbox 596 3762 711 3799; x_wconf 86' lang='lat' dir='ltr'>necess</span> <span class='ocrx_word' id='word_1_632' title='bbox 727 3763 812 3798; x_wconf 88' lang='lat' dir='ltr'>rium</span> <span class='ocrx_word' id='word_1_633' title='bbox 832 3762 892 3805; x_wconf 83' lang='lat' dir='ltr'>sit,</span> <span class='ocrx_word' id='word_1_634' title='bbox 921 3774 958 3797; x_wconf 89' lang='lat' dir='ltr'>ut</span> <span class='ocrx_word' id='word_1_635' title='bbox 981 3763 1041 3799; x_wconf 88' lang='lat' dir='ltr'>illa</span> <span class='ocrx_word' id='word_1_636' title='bbox 1065 3763 1100 3797; x_wconf 90' lang='lat' dir='ltr'>in</span> <span class='ocrx_word' id='word_1_637' title='bbox 1124 3763 1279 3799; x_wconf 80' lang='lat' dir='ltr'>Ecclesiis</span> <span class='ocrx_word' id='word_1_638' title='bbox 1299 3786 1312 3805; x_wconf 92' lang='lat'>,</span> <span class='ocrx_word' id='word_1_639' title='bbox 1337 3762 1371 3797; x_wconf 90' lang='lat' dir='ltr'>in</span> <span class='ocrx_word' id='word_1_640' title='bbox 1396 3762 1523 3810; x_wconf 87' lang='lat' dir='ltr'>quibus</span> <span class='ocrx_word' id='word_1_641' title='bbox 1547 3764 1615 3800; x_wconf 82' lang='lat' dir='ltr'>haec</span> <span class='ocrx_word' id='word_1_642' title='bbox 1635 3762 1871 3811; x_wconf 78' lang='lat' dir='ltr'>sollicitudine</span> <span class='ocrx_word' id='word_1_643' title='bbox 1892 3762 2056 3801; x_wconf 80' lang='lat' dir='ltr'>Fratrum</span> <span class='ocrx_word' id='word_1_644' title='bbox 2093 3767 2287 3802; x_wconf 81' lang='lat' dir='ltr'>nostrorum</span> <span class='ocrx_word' id='word_1_645' title='bbox 2312 3778 2407 3813; x_wconf 86' lang='lat' dir='ltr'>pera-</span> 
     </span>
     <span class='ocr_line' id='line_1_90' title="bbox 274 3811 2405 3864; baseline 0.001 -18"><span class='ocrx_word' id='word_1_646' title='bbox 274 3812 368 3854; x_wconf 84' lang='lat' dir='ltr'>gitur</span> <span class='ocrx_word' id='word_1_647' title='bbox 389 3836 402 3854; x_wconf 88' lang='lat'>,</span> <span class='ocrx_word' id='word_1_648' title='bbox 436 3813 583 3847; x_wconf 84' lang='lat' dir='ltr'>sumatur</span> <span class='ocrx_word' id='word_1_649' title='bbox 607 3836 619 3854; x_wconf 90' lang='lat'><strong>‚</strong></span> <span class='ocrx_word' id='word_1_650' title='bbox 649 3814 703 3859; x_wconf 81' lang='lat' dir='ltr'>Ap</span> <span class='ocrx_word' id='word_1_651' title='bbox 739 3811 849 3848; x_wconf 76' lang='lat' dir='ltr'>&#39;tolico</span> <span class='ocrx_word' id='word_1_652' title='bbox 876 3811 979 3848; x_wconf 79' lang='lat' dir='ltr'>Brevi</span> <span class='ocrx_word' id='word_1_653' title='bbox 1004 3812 1161 3859; x_wconf 74' lang='lat' dir='ltr'>expresse</span> <span class='ocrx_word' id='word_1_654' title='bbox 1182 3812 1246 3848; x_wconf 89' lang='lat' dir='ltr'>hoc</span> <span class='ocrx_word' id='word_1_655' title='bbox 1272 3811 1501 3859; x_wconf 66' lang='lat' dir='ltr'>praescribente</span> <span class='ocrx_word' id='word_1_656' title='bbox 1528 3823 1587 3860; x_wconf 86' lang='lat' dir='ltr'>per</span> <span class='ocrx_word' id='word_1_657' title='bbox 1616 3813 1719 3848; x_wconf 79' lang='lat' dir='ltr'>verba</span> <span class='ocrx_word' id='word_1_658' title='bbox 1745 3825 1753 3847; x_wconf 88' lang='lat'>:</span> <span class='ocrx_word' id='word_1_659' title='bbox 1778 3814 1895 3861; x_wconf 75' lang='lat' dir='ltr'>ibique</span> <span class='ocrx_word' id='word_1_660' title='bbox 1919 3813 2163 3864; x_wconf 71' lang='lat' dir='ltr'>Sant&#39;liffimum</span> <span class='ocrx_word' id='word_1_661' title='bbox 2184 3814 2405 3864; x_wconf 75' lang='lat' dir='ltr'>Eucharistiae</span> 
     </span>
    </p>
   </div>
   <div class='ocr_carea' id='block_1_21' title="bbox 275 3860 2357 3951">
    <p class='ocr_par' dir='ltr' id='par_1_26' title="bbox 275 3860 2357 3951">
     <span class='ocr_line' id='line_1_91' title="bbox 275 3860 780 3910; baseline 0.006 -16"><span class='ocrx_word' id='word_1_662' title='bbox 275 3860 533 3903; x_wconf 71' lang='lat' dir='ltr'>Sacramentum</span> <span class='ocrx_word' id='word_1_663' title='bbox 550 3860 758 3910; x_wconf 76' lang='lat' dir='ltr'>ficmpfi’rint</span> <span class='ocrx_word' id='word_1_664' title='bbox 771 3885 780 3896; x_wconf 90' lang='grc'><strong>.</strong></span> 
     </span>
     <span class='ocr_line' id='line_1_92' title="bbox 2231 3913 2357 3951; baseline -0.024 0"><span class='ocrx_word' id='word_1_665' title='bbox 2231 3913 2357 3951; x_wconf 81' lang='lat' dir='ltr'>Obser-</span> 
     </span>
    </p>
   </div>
  </div>
 </body>
</html>
