2658 4244
338 211 489 280 132
905 177 1067 267 Sub
1128 177 1554 279 Innocentio
1610 177 1708 267 X
1703 177 1760 264 I.

263 296 383 338 lieres
400 292 577 345 adultas,
595 292 868 351 cujuscunque
883 295 1141 347 conditionis,
1160 300 1200 337 ὃ(
1218 310 1310 338 aeta-
1338 295 1554 350 {omnibus
1570 291 1852 339 Conventibus
1870 288 2063 346 praedic'tae
2089 292 2315 351 Religionis
2331 297 2414 341 Ca.

262 356 313 395 tis
334 353 594 408 suprascripta
622 355 736 407 loca,
769 352 836 394 sub
851 356 994 409 quovis
1020 367 1218 411 praetextu
1251 358 1314 396 in-
1344 354 1608 413 jpucinorum
1623 356 1761 398 exacte
1774 352 2047 394 observentur
2063 378 2075 389 .

261 414 498 467 gredientes
516 439 530 462 ‚
557 427 631 456 nec
657 428 738 457 non
756 416 984 467 Capucmos
1010 413 1099 455 i'llas
1122 414 1310 458 introdu-
1427 417 1581 457 Datum
1595 417 1733 456 Romae
1747 412 1814 454 die
1833 409 1988 465 1.Junii
2005 423 2282 455 moctxxxv.

263 483 405 514 centes
423 501 437 524 ,
467 482 534 514 aut
567 486 647 515 non
666 471 964 529 impedientes,
993 487 1133 529 poenas
1166 485 1308 517 contra

259 530 464 574 violantes
478 530 715 574 clausuram
730 546 781 574 eo
793 530 876 586 ipso
893 531 1099 575 incurrere
1116 548 1127 575 :
1160 534 1309 575 Mulie·
1438 531 1593 600 Caspar
1612 532 1852 584 Cardinalis
1880 528 2132 597 Carpineus.

262 604 327 632 res
344 593 446 632 verb
460 589 590 633 adhuc
606 605 688 634 non
703 590 848 634 adultae
864 593 990 633 aetatis
1007 592 1108 633 dieta
1136 591 1225 634 loca
1248 593 1309 634 in-

263 648 498 705 gredientes
514 650 715 693 subiacere
730 650 884 692 debere
898 651 1219 704 poenis‚arbitrio
1233 654 1313 693 Or·
1372 651 1502 693 Locus
1514 652 1564 705 »Β
1578 654 1706 709 sigilli
1721 683 1733 695 .

263 709 413 752 dinarii
458 708 642 752 locorum
674 707 967 765 imponendis3
1013 723 1058 751 ac
1091 722 1311 772 propterea
1378 727 1384 735 ·

263 768 418 810 censuit
440 766 460 824 (
477 767 759 812 fisano'tiffimo
783 766 958 808 Domino
975 768 1124 809 Nostro
1144 769 1310 823 placue-
1713 776 1761 813 B.
1781 770 2024 814 Panciatt‘cus
2039 768 2304 813 secretarius.

263 827 361 884 rit)
392 824 498 883 posse
531 826 648 883 super
678 824 900 881 hujusmodi
931 828 1115 868 Decreto
1151 829 1311 869 Literas

262 885 515 940 Apostolicas
544 887 583 928 in
602 885 730 929 forma
749 882 887 924 Brevis
903 883 1114 939 expediri,
1142 881 1308 940 illasque
1428 887 1599 940 Exempl.
1627 888 1751 930 Atetb.
1773 890 1817 930 in
1844 889 2015 932 Archino
2035 889 2220 946 generali
2250 885 2409 931 ordinis

263 945 453 999 proximo
486 945 683 1002 Capitulo
714 939 914 986 Generali
946 943 1161 995 intimari,
1190 954 1236 987 ut
1266 942 1307 984 in
1373 944 1541 986 Tom.E.
1572 947 1764 988 num.60.

986 1116 1684 1189 NOTA.

369 1295 463 1332 Perae
486 1291 633 1341 pretium
655 1291 796 1330 ductum
814 1292 862 1330 est
874 1319 887 1339 ,
903 1302 943 1329 ut
958 1319 971 1340 ,
1000 1305 1076 1342 quae
1090 1291 1183 1330 varie
1195 1317 1209 1337 ,
1236 1296 1358 1330 &ante
1379 1302 1568 1331 emanatum
1591 1294 1658 1330 hoc
1673 1295 1859 1330 Decretum
1871 1293 1957 1330 circa
1969 1293 2172 1332 clausuram
2187 1294 2323 1344 precise
2342 1306 2417 1344 pro
2452 1335 2459 1343 ,

385 1342 519 1380 Nostro
532 1342 662 1378 Ordine
676 1342 786 1380 decisa
798 1342 908 1388 fuere,
920 1343 972 1381 hic
985 1343 1206 1380 annectantur
1220 1367 1229 1376 .
1243 1344 1348 1380 Talia
1363 1342 1454 1387 sunt,
1466 1356 1540 1392 quoe
1552 1343 1623 1390 jam
1640 1344 1745 1379 Anno
1760 1353 1773 1376 ι
1783 1353 1798 1382 5
1808 1341 1863 1386 84.
1879 1353 1938 1389 pet
1950 1343 2023 1380 suas
2037 1344 2146 1381 literas
2158 1368 2173 1389 ,
2185 1345 2408 1389 originaliter

262 1391 298 1428 in
310 1391 468 1430 Archivo
480 1391 630 1435 generali
644 1392 792 1428 1·0m.E.
806 1404 888 1428 num
902 1393 959 1428 60.
973 1392 1152 1428 asservatas
1166 1391 1362 1428 Cardinalis
1377 1392 1632 1430 Alexandrinus
1644 1404 1688 1429 ex
1703 1393 1776 1430 Sac.
1794 1390 1971 1434 Congreg.
1986 1392 2104 1428 otdIne
2115 1393 2382 1430 communicavit
2393 1414 2410 1436 ,

262 1443 298 1477 8(
313 1453 388 1489 quae
412 1439 526 1487 postea
548 1439 737 1476 cardinalis
763 1440 954 1476 Franciscus
974 1439 1137 1487 jojosaeus
1165 1438 1348 1475 Proxeaor
1373 1441 1509 1482 repetiit
1524 1464 1539 1485 ,
1562 1453 1638 1477 cum
1662 1439 1876 1488 quorundam
1900 1441 2105 1487 punctorum
2123 1441 2158 1478 in
2173 1441 2239 1480 suis
2256 1441 2409 1480 itidem.-

263 1489 375 1527 literis
386 1512 400 1529 2
425 1499 501 1535 quae
513 1488 634 1535 pariter
643 1488 678 1523 in
691 1488 850 1525 Archivo
859 1512 874 1532 ,
905 1490 1023 1525 Tomo
1036 1487 1071 1523 8(
1082 1498 1229 1523 numero
1241 1487 1348 1525 citatis
1368 1487 1572 1538 asservantur
1581 1513 1594 1533 ,
1614 1489 1649 1524 8(
1661 1488 1708 1524 ita
1719 1488 1857 1524 sonant.
2245 1508 2249 1512 -
2403 1503 2406 1506 ·

313 1586 513 1626 Admodum
529 1585 731 1622 Reverende
748 1587 845 1622 Pater
859 1611 869 1622 .
893 1586 982 1622 Cum
995 1584 1042 1621 P.
1053 1581 1092 1620 V
1086 1584 1366 1622 icc-Procurator
1379 1609 1393 1628 ,
1405 1587 1466 1632 qui
1478 1586 1781 1633 impraesentiarum
1793 1586 1931 1631 negotia
1944 1586 2138 1636 Religionis
2147 1588 2187 1623 in
2204 1587 2317 1625 Curia
2331 1596 2411 1625 tra-

264 1635 346 1677 nat,
361 1634 526 1682 institerit
535 1642 597 1679 pro
612 1633 812 1680 resolutione
825 1632 1040 1679 quorundam
1051 1631 1234 1668 dubiorum
1247 1633 1341 1667 circa
1352 1633 1602 1679 observantiam
1613 1632 1788 1679 Clausurae
1800 1657 1814 1674 ,
1825 1633 1867 1671 ὼ·
1881 1634 2074 1672 Mulierum
2083 1635 2295 1683 exclusionem
2306 1637 2411 1685 juxta

266 1679 475 1728 Bullamfel.
492 1691 548 1716 rec
576 1679 640 1716 Pii
653 1678 697 1716 V.
711 1705 723 1724 ‚
751 1681 862 1715 Sacra
879 1680 1107 1727 Congregatio
1123 1679 1262 1727 desuper
1273 1679 1402 1716 decidit
1417 1705 1430 1724 ‚
1453 1681 1497 1722 ὠ·
1523 1679 1717 1716 declaravit
1729 1703 1743 1723 ,
1767 1680 1825 1714 uti
1839 1679 2000 1726 sequitur
2018 1695 2028 1717 ε

362 1730 390 1766 1.
416 1728 456 1765 In
492 1727 612 1763 ordine
640 1727 686 1763 ad
698 1727 938 1778 Anonasteria
951 1752 963 1772 ‚
1012 1730 1061 1763 ud
1084 1729 1222 1764 noviter
1239 1727 1452 1774 aedificantur
1468 1754 1481 1773 ‚
1502 1730 1544 1770 ὠ·
1555 1729 1593 1763 in
1613 1728 1736 1775 quibus
1763 1727 1963 1765 Conventus
1987 1729 2130 1765 necdum
2153 1741 2170 1765 e
2215 1729 2415 1779 formatus,

255 1778 433 1832 solimque
448 1777 498 1813 ibi
509 1775 621 1825 aliqui
636 1774 777 1813 Fratres
785 1777 899 1826 potius
913 1739 1050 1823 aedisicii
1058 1778 1161 1812 causa
1174 1802 1188 1822 ‚
1212 1775 1313 1825 quam
1329 1787 1368 1812 ex
1379 1776 1446 1813 alio
1461 1778 1586 1814 motivo
1601 1785 1850 1812 commorantur
1862 1799 1876 1819 ,
1899 1776 2098 1814 declaratur
2109 1802 2125 1822 ,
2159 1789 2229 1816 :cut
2237 1778 2309 1827 jam
2325 1776 2414 1814 alias

264 1828 389 1867 ‹Anno
407 1827 507 1874 1584.
529 1826 607 1875 fuit
620 1824 835 1863 declaratum
843 1851 858 1874 ,
881 1826 969 1875 quod
981 1825 1100 1875 nonsit
1113 1826 1283 1876 Clausura
1300 1823 1382 1862 talis
1393 1851 1408 1870 ,
1429 1827 1481 1863 ita
1494 1850 1508 1872 ‚
1531 1835 1572 1863 ut
1575 1825 1607 1876 fi
1617 1823 1774 1862 mulieres
1789 1825 2037 1905 ingrediantur
2051 1849 2065 1871 ‚
2091 1837 2278 1864 memorata
2305 1825 2416 1864 Bulla

286 1891 376 1917 oenas
389 1879 581 1914 incurrant
590 1899 601 1911 .
909 1912 910 1915 ,
1104 1915 1107 1918 ‚
2032 1888 2039 1897 ·
2296 1909 2298 1916 ,

257 1887 284 1929 p
363 1926 383 1962 Ι
385 1926 410 1962 l.
438 1924 583 1972 idipsum
595 1923 808 1972 quoquefuit
816 1924 998 1973 resolutum
1019 1925 1113 1961 circa
1139 1910 1262 1962 Domo}
1273 1949 1287 1969 ‚
1312 1935 1384 1972 quae
1398 1923 1487 1972 sunt
1510 1924 1549 1958 in
1563 1922 1783 1960 Civitatibus
1795 1944 1808 1963 ‚
1831 1916 1895 1968 se‘u
1919 1923 2016 1958 Locis
2042 1934 2095 1958 ma
2102 1922 2228 1959 ’oribus
2241 1945 2254 1965 ‚
2282 1923 2328 1959 ad
2366 1937 2418 1961 uae

264 1973 408 2012 Fratres
420 1972 550 2021 infirmi
560 1972 739 2010 ducuntur
750 1997 765 2019 ,
790 1974 833 2017 dy
845 1986 918 2022 quae
932 1997 945 2019 ,
965 1985 1040 2013 cum
1053 1985 1114 2010 nec
1130 1972 1301 2023 Ecclesiam
1311 1998 1326 2017 ,
1352 1986 1412 2010 nec
1437 1972 1652 2009 Conveniam
1671 1970 1819 2007 habeant
1829 1993 1842 2014 ,
1868 1970 1957 2007 Loca
1983 1935 2158 2021 Claujtirae
2184 1982 2252 2007 non
2282 1935 2418 2024 pofflant
2428 1986 2443 2004 ο

264 2035 438 2061 nominari
453 2049 464 2059 .

363 2072 429 2109 111.
456 2071 680 2108 Declaratum
697 2069 742 2119 est
755 2094 769 2115 ‚
794 2072 886 2119 quod
887 2070 1048 2122 sacristia
1062 2073 1152 2108 omni
1168 2072 1261 2109 modo
1267 2072 1337 2121 sub
1351 2071 1520 2119 Clausura
1534 2069 1838 2117 comprehendatur
1850 2094 1860 2104 .

362 2118 427 2157 IV.
451 2119 603 2170 Qando
621 2118 794 2170 Clausura
801 2120 873 2168 jam
883 2120 927 2171 est
937 2120 1131 2158 introducta
1143 2147 1156 2167 ,
1183 2133 1252 2157 non
1277 2119 1410 2207 peffunt
1429 2120 1591 2158 Mulieres
1604 2120 1702 2156 intra
1725 2117 1821 2154 illius
1837 2119 2000 2157 terminos
2026 2129 2067 2156 ex
2087 2127 2259 2169 praetextu
2288 2117 2417 2155 laboris

264 2169 406 2219 ingredi
419 2194 432 2213 ,
457 2169 500 2210 ἶς’
511 2193 523 2212 ,
545 2168 577 2217 fi
587 2169 855 2217 ingrederentur
871 2194 884 2214 ‚
910 2172 1102 2206 incurrunt
1110 2179 1227 2218 poenas
1239 2169 1302 2208 ‘Bu
1329 2182 1355 2207 ae
1365 2169 1515 2220 praefatae
1530 2194 1540 2206 .

367 2215 412 2255 V.
437 2216 516 2254 «Ad
538 2217 622 2254 alios
643 2217 738 2267 casus
749 2243 762 2261 ‚
779 2219 872 2256 circa
887 2219 1052 2268 quosfuit
1062 2219 1260 2256 dubitatum
1271 2244 1283 2262 ‚
1303 2217 1515 2270 generaliter
1525 2217 1597 2265 fuit
1608 2217 1752 2266 decisum
1768 2242 1781 2262 ,
1803 2216 1892 2263 quod
1916 2217 2040 2256 Patres
2053 2217 2245 2266 clausuram
2269 2216 2415 2253 debeant

268 2266 439 2303 maturius
450 2266 638 2301 terminare
650 2290 662 2309 ,
683 2266 864 2313 &signum
873 2292 888 2312 ,
913 2268 959 2303 ad
972 2266 1062 2322 quod
1072 2267 1112 2315 se
1126 2268 1289 2305 extendat
1302 2293 1315 2313 ‚
1332 2278 1458 2317 ponere
1470 2291 1482 2312 ‚
1495 2278 1556 2303 nec
1570 2266 1640 2304 ulla
1647 2267 1790 2316 foemina
1802 2264 1891 2303 illud
1902 2267 2042 2304 excedat
2055 2291 2068 2311 ,
2092 2277 2154 2304 aut
2165 2266 2386 2315 ingrediatur
2401 2288 2417 2309 ,

267 2313 356 2351 alias
367 2313 465 2350 dietis
471 2314 580 2360 poenis
607 2314 742 2362 ubjacet
753 2339 763 2348 .

365 2362 516 2398 “Poterit
529 2361 559 2398 P
622 2388 632 2398 .
646 2363 799 2398 omnibus
811 2362 998 2401 Fratribus
1005 2363 1083 2412 suis
1097 2373 1240 2400 mentem
1265 2366 1308 2407 &⁶
1319 2365 1498 2414 prasentes
1511 2365 1539 2403 S
1541 2376 1627 2402 acrae
1653 2365 1938 2414 Congregationis
1965 2365 2138 2416 decisiones
2163 2365 2327 2402 intimare
2338 2387 2352 2406 ‚
2375 2372 2417 2401 ut

268 2409 419 2462 quilibet
429 2421 485 2447 eas
501 2409 680 2459 observare
692 2435 706 2455 ,
725 2410 769 2454 (θ’
780 2423 856 2450 cum
868 2414 1087 2462 Animaesuae
1102 2413 1216 2460 quiete
1229 2413 1365 2450 Divino
1371 2415 1523 2462 servitio
1537 2416 1731 2452 incumbere
1757 2424 1861 2463 queat
1873 2414 1945 2457 &a
1958 2414 2084 2454 ,Romae
2103 2415 2157 2452 18.
2169 2411 2294 2463 April.
2315 2414 2415 2459 1605·

1487 2512 1716 2570 Promisi-us
1731 2513 1954 2555 cardinalis
1964 2512 2155 2569 &ojosaeus
2168 2540 2182 2575 5

367 2618 460 2656 Cum
476 2618 554 2655 dein
566 2618 672 2655 Anno
691 2618 793 2655 1616.
806 2619 896 2656 circa
910 2619 1072 2658 sacristias
1084 2631 1176 2657 nova
1191 2629 1379 2665 emergeret
1393 2618 1572 2659 difficultas
1582 2645 1596 2665 ,
1609 2633 1654 2658 ex
1666 2620 1858 2659 differentia
1873 2644 1887 2665 ‚
1912 2619 2007 2669 quod
2029 2619 2147 2655 hatum
2170 2619 2241 2655 aliae
2263 2608 2420 2654 Eccieiiis

273 2663 384 2703 forent
399 2667 502 2703 unita:
516 2666 613 2711 ‚aliae
628 2680 740 2703 autem
765 2670 808 2704 ab
829 2669 872 2705 iis
884 2669 1044 2717 separatae
1057 2694 1069 2714 ‚
1096 2672 1117 2706 ἃ,
1142 2668 1319 2706 astinem
1337 2671 1500 2705 Romano
1523 2672 1713 2708 Oraculum
1738 2675 1768 2706 S.
1782 2668 2078 2715 Congregationis
2106 2668 2215 2715 Episc-
2229 2668 2263 2705 ἃ
2286 2667 2418 2710 Regul-

270 2716 407 2751 noviter
418 2715 481 2752 fuit
496 2717 640 2764 petitum
651 2740 665 2760 ‚
689 2728 731 2752 an
750 2717 876 2754 scilicet
890 2718 1057 2755 Sacsistiae
1071 2730 1138 2754 tam
1152 2717 1254 2755 unitae
1271 2740 1286 2763 ,
1310 2718 1411 2764 quitm
1425 2718 1584 2764 separatae
1601 2720 1660 2756 sub
1680 2719 1835 2757 clausura
1861 2719 1972 2754 forent
1988 2718 2238 2762 comprehensae
2249 2719 2264 2749 ?
2287 2715 2420 2759 fuitque

268 2772 350 2799 tunc
358 2764 461 2811 juxta
473 2765 694 2810 originarium
710 2767 979 2812 Documentum,
989 2769 1008 2803 :i
1023 2778 1212 2804 memorato
1227 2767 1324 2803 Patre
1336 2767 1370 2803 in
1384 2767 1538 2803 Archivo
1548 2769 1699 2812 generali
1714 2765 1966 2802 Tom.E.num.
1978 2765 2035 2799 60.
2049 2763 2205 2804 celicium
2220 2787 2233 2806 ,
2251 2762 2413 2804 decisum,

269 2811 359 2860 quod
370 2811 546 2860 illasolitm
559 2838 571 2857 ,
600 2825 671 2862 quae
687 2815 729 2850 ab
745 2813 885 2864 Ecclesia
894 2815 1016 2864 forent
1032 2816 1202 2864 separatae
1217 2840 1230 2860 ,
1256 2818 1422 2852 rationem
1449 2813 1626 2863 Clausam
1654 2814 1866 2857 induerent,
1892 2825 1961 2848 non
1976 2821 2090 2848 autem
2117 2810 2276 2859 Ecclefiis
2292 2812 2414 2846 unitae.

369 2862 478 2909 Qod
491 2863 647 2898 ultimum
661 2864 777 2911 postea
792 2863 891 2911 supra
906 2864 1017 2911 pofito
1035 2867 1183 2902 Decreto
1197 2864 1260 2901 fuit
1276 2865 1491 2901 reformatum
1509 2888 1521 2908 ‚
1546 2864 1581 2900 8(
1595 2863 1753 2911 quamvis
1769 2861 1890 2897 modus
1901 2861 1967 2897 hoc
1978 2859 2174 2896 moderandi
2187 2859 2284 2896 varie
2310 2858 2419 2894 fuisset

274 2908 432 2955 quaesttus
446 2933 460 2954 ‚
485 2910 626 2947 effecius
641 2923 751 2949 tamen
765 2912 931 2960 impetrari
949 2925 1017 2950 non
1031 2914 1164 2962 potuit.
1194 2914 1274 2951 Inde
1293 2916 1475 2951 Decretum
1486 2914 1521 2949 in
1539 2913 1710 2960 Capitulo
1722 2909 1887 2948 Generaii
1901 2909 1967 2946 fuit
1980 2908 2191 2957 publicatum
2206 2932 2221 2953 ‚
2247 2908 2282 2944 8(
2298 2907 2419 2964 Literae

273 2957 455 2995 circulares
474 2970 536 3006 pro
557 2959 651 2995 illius
666 2960 886 2997 obsti-vanna
901 2963 943 2998 ad
964 2963 1160 3000 Provincias
1175 2963 1362 3007 ablegatae.

370 3007 490 3044 Literae
503 3019 618 3045 autem
634 3009 664 3043 A
670 3010 843 3055 postolicae
859 3011 894 3046 In
907 3009 1014 3048 forma
1026 3013 1106 3048 Bre=
1120 3011 1150 3048 is
1163 3036 1176 3056 ,
1190 3010 1232 3048 ‘de
1245 3012 1370 3060 quibus
1386 3013 1575 3048 Decretum
1587 3009 1793 3047 mentionem
1807 3006 1887 3046 facit
1901 3031 1916 3055 ,
1940 3017 2115 3058 uniquam
2128 3004 2224 3043 fuere
2237 3003 2416 3053 expeditae.

276 3055 387 3094 Plura
399 3057 443 3093 de
457 3056 520 3095 hac
531 3056 671 3094 materia
683 3057 705 3093 fi
719 3058 805 3096 vens
816 3083 830 3104 ,
858 3059 938 3096 vide
955 3061 1061 3098 Indic.
1072 3072 1191 3106 gener.
1208 3061 1302 3099 verb.
1325 3060 1496 3112 Clausura
1509 3085 1520 3096 .

560 3286 602 3327 D
632 3285 736 3328 EC
766 3286 806 3329 R
838 3288 873 3329 E
906 3286 944 3328 T
975 3290 1038 3330 0.
1668 3286 1927 3353 ‘Beatiffime
1961 3284 2132 3335 Pater.

380 3403 473 3467 §5⁶¹0-
505 3405 752 3475 Congregat.
790 3404 928 3475 Epist·-
964 3406 1019 3456 (9'
1054 3399 1227 3476 Regul?
1311 3400 1343 3436 ⁸
1375 3407 1690 3524 INfrascripti
1713 3400 2259 3475 Rrocuratoees-aneraies
2282 3395 2613 3481 ordi-{lifflfmsssffl

1465 3484 1523 3513 ms
1548 3475 1575 3514 S
1605 3466 1804 3512 Franctsct
1821 3495 1836 3518 ‚
1861 3462 2075 3508 humillimi
2100 3462 2188 3503 Flin
2205 3488 2220 3511 ‚
2245 3463 2284 3502 ὃ(
2305 3462 2410 3504 Ora-

271 3530 418 3580 Circa
430 3534 649 3609 Eremitqs
665 3533 944 3602 Habiulfllel
958 3539 1166 3608 Capucio
1178 3542 1314 3588 Fran..
1375 3541 1490 3573 tores
1517 3526 1745 3573 sanctitatis
1760 3524 1910 3568 Vestrae
1923 3521 1973 3565 ad
1991 3523 2152 3563 Sandios
2170 3520 2297 3576 pedes
2315 3535 2410 3576 pro-

311 3599 834 3666 umam&
853 3611 1312 3678 wreceptionerm
1371 3584 2009 3697 3:5522s‘11’5t32ean’02ssssss‚⁹
2023 3580 2409 3697 negentne

286 3672 392 3726 ‚vel
421 3674 756 3726 nwestitionem
790 3696 953 3731 eorum
975 3718 991 3741 ,
1023 3679 1309 3750 Apostolicas
1369 3706 1589 3762 praedffiam
1619 3700 1879 3758 Relfgfonem
1902 3701 2073 3743 inventa
2091 3727 2105 3751 ‚
2128 3698 2298 3742 maxim&
2333 3695 2406 3736 ηῐ-

315 3741 673 3797 Constitutiones
699 3745 927 3802 observari
943 3786 961 3811 ‚
991 3750 1213 3804 sancitur.
1370 3765 1474 3809 viale
1509 3763 1557 3806 fit
1591 3759 1762 3814 abusus,
1787 3774 1869 3818 quo
1897 3758 2082 3804 nonnulli
2112 3757 2183 3802 sub
2212 3763 2407 3822 praetextu

2224 3825 2348 3856 vitam
