2658 4244
61 2812 141 2833 num.
155 2812 197 2833 io.
205 2802 264 2849 [ᾖ.

62 2843 129 2874 mibi
140 2848 212 2880 406.

62 2884 109 2919 (b)
139 2883 263 2923 Tom.4.

62 2923 185 2955 mmihi·
196 2929 248 2958 265
256 2945 264 2955 .

61 2966 146 3002 col-3.

65 3193 135 3222 banc
149 3192 262 3231 constit.
278 3191 335 3228 tiri
353 3213 366 3234 ‚
393 3187 668 3226 disseminabant.

337 258 372 299 ἰ
399 255 440 320 7
460 232 496 305 6

275 333 534 391 professores,
545 332 612 376 s'ub
625 334 806 380 Ministro
820 337 1018 381 Generali
1031 336 1196 382 Ordinis
1212 339 1310 378 Fra-

276 405 384 435 trum
401 394 607 437 Minorum
624 396 948 450 Capucinorum,
976 395 1141 454 ejusque
1167 396 1310 439 secun-

275 451 397 495 dariis
416 452 722 507 Superioribus,
753 454 917 497 omnino
944 455 1151 511 gaudere,
1181 465 1307 510 atque

274 510 333 552 uti
345 507 452 565 posse
466 538 481 562 2
498 512 538 553 δι
550 510 703 555 debere
718 513 925 565 omnibus,
950 517 988 556 &
1005 514 1164 570 singulis
1181 514 1308 568 privi-

274 569 394 623 legiis
412 598 429 619 ,
461 569 722 626 indulgentiis
748 599 765 623 ‚
793 574 932 628 gratiis
956 603 971 624 ‚
1003 573 1238 623 favoribus,
1268 574 1308 614 &

272 629 552 684 praerogativis
567 657 581 680 2
612 642 685 683 pei·
713 630 813 672 hanc
834 634 1015 677 sanctam
1036 631 1307 687 apostolicam

271 685 422 729 sedem
437 686 583 729 Ordini
597 689 915 740 Tertiariorum,
929 689 950 733 ἃ
963 704 1217 746 quocumque
1232 690 1310 731 Mi-

271 745 396 789 nistro
415 745 610 789 Generali
627 745 951 803 dependentium
968 746 1040 790 sub
1061 750 1129 791 siio
1145 747 1276 802 capite
1293 773 1308 796 2

270 804 341 859 qui
355 818 460 850 unus
476 802 532 847 est
547 806 693 848 Beatus
709 805 938 848 franciscus
951 834 964 857 a
980 802 1075 849 alias
1092 803 1279 852 conceffis
1294 832 1307 850 ,

269 862 470 906 Volentes
495 871 688 918 praterea
704 892 718 915 ‚
742 874 787 906 ut
803 864 965 907 vicissim
980 863 1152 920 quilibet
1169 863 1306 905 Terti-

267 922 340 966 arii
354 920 534 974 ejusdem
549 922 713 964 Ordinis
727 923 936 965 Minorum
952 923 1067 965 Beati
1084 917 1279 964 Francisci
1294 948 1309 972 ,

265 978 468 1035 praemiffis
494 980 638 1036 gratiis
670 979 894 1035 gaudentes
909 1011 924 1032 ,
956 984 1007 1023 ad
1036 994 1107 1022 eos
1138 977 1309 1022 transire

266 1036 381 1080 licite
403 1037 588 1080 &valide
611 1039 753 1092 possint
771 1067 786 1089 ,
812 1053 989 1094 quorum
1012 1038 1161 1080 statum
1189 1036 1307 1079 saluti

264 1096 419 1137 Animae
435 1096 506 1137 suae
519 1096 718 1149 aptiorem
732 1098 772 1137 &
787 1096 996 1138 utiliorem
1019 1083 1063 1136 in
1096 1095 1276 1137 Domino
1289 1122 1304 1146 ,

261 1150 342 1194 esse
357 1153 654 1207 cognoverint.
685 1152 875 1196 Praedieia
895 1154 995 1197 vero
1019 1149 1204 1195 universa
1221 1153 1275 1195 ita
1289 1182 1307 1202 ‚

261 1211 302 1252 &
313 1223 393 1253 non
408 1210 529 1252 aliter
546 1210 717 1266 judicari
734 1236 748 1262 ,
775 1212 814 1252 δε
830 1211 943 1260 firma
957 1221 1080 1267 atque
1096 1212 1305 1254 inconcus*-

261 1267 300 1310 sa
316 1268 365 1311 ab
382 1268 566 1313 omnibus
579 1269 718 1312 haberi
742 1269 947 1312 statuimus
965 1299 979 1322 ,
1002 1284 1082 1311 non
1107 1269 1303 1312 obstanti-

263 1328 337 1370 bus
351 1327 687 1376 Ordinationibus
703 1357 717 1380 ‚
745 1330 784 1370 δι
798 1328 1167 1373 Constitutionibus
1185 1330 1300 1384 Apo-

262 1385 414 1436 stolicis
443 1412 458 1437 ,
503 1385 672 1442 aliisque
704 1389 924 1432 contrariis
965 1387 1269 1443 quibuscunque
1294 1401 1305 1431 :

262 1444 432 1502 quibus,
454 1455 651 1499 quatenus
666 1458 765 1500 opus
790 1448 847 1489 est
861 1476 874 1499 ,
893 1447 1165 1500 derogamus,
1177 1459 1307 1500 eaque

263 1502 546 1554 annullamus,
575 1517 733 1558 proque
763 1504 1014 1553 annullatis,
1041 1502 1245 1557 derogatis
1268 1504 1323 1543 δι»

262 1561 384 1608 nullis
413 1560 486 1604 hac
509 1561 549 1605 in
568 1576 614 1604 re
643 1561 782 1603 haberi
803 1562 1019 1612 volumus3
1052 1574 1217 1614 poenam
1231 1573 1307 1602 ex-

263 1619 641 1661 communicationis
655 1618 738 1674 ipso
747 1617 1174 1666 faetoincurrendain,
1191 1616 1308 1658 alias-

262 1690 342 1732 que
355 1674 540 1718 censuras
555 1690 631 1731 pro
645 1677 779 1718 nostro
790 1676 962 1718 arbitrio
975 1676 1022 1717 iis
1037 1675 1309 1717 interminan-

263 1746 355 1786 tes,
381 1733 448 1789 qui
464 1735 671 1782 contraire
685 1761 700 1782 ‚
734 1734 800 1775 vel
819 1735 1042 1783 temerario
1068 1732 1160 1775 ausu
1178 1747 1224 1775 ea
1241 1733 1318 1776 im-

263 1805 446 1851 pugnare
473 1789 789 1847 praesumpserint
807 1821 822 1845 ,
850 1806 936 1850 quae
954 1794 1027 1834 hac
1052 1791 1185 1834 nostra
1203 1794 1318 1847 Apo-

265 1852 406 1895 stolica
418 1849 941 1895 Constitutione-firmamus
960 1879 974 1901 ‚
987 1862 1110 1906 atque
1127 1850 1321 1894 decerni-

266 1924 382 1955 mus:
407 1910 459 1952 ob
485 1910 596 1967 cujus
624 1910 815 1966 plenam,
843 1908 1151 1966 perfeetamque
1182 1910 1320 1952 obser-

266 1970 446 2014 vantiam
460 1999 475 2019 ,
495 1970 733 2014 auetoritate
754 1970 887 2012 nostra
905 1968 1159 2025 praecipimus
1181 1970 1319 2011 Vene-

266 2028 462 2073 rabilibus
494 2028 733 2078 fratribus,
770 2028 1021 2071 patriarchis
1041 2056 1054 2078 ,
1079 2025 1318 2082 Archiepis‘-

265 2088 379 2141 copis
401 2115 416 2138 ,
449 2088 657 2143 Episcopis
672 2115 686 2138 ‚
718 2087 759 2128 &
789 2088 1029 2130 eorumdem
1065 2087 1244 2130 Vicariis
1277 2087 1316 2127 &

265 2146 456 2190 Ministris
475 2172 490 2193 ,
518 2156 563 2188 ut
578 2162 652 2203 pro
678 2146 824 2188 horum
853 2146 1104 2189 executione
1127 2145 1282 2202 tuenda
1302 2171 1314 2194 2
1385 2193 1390 2198 ,

265 2206 508 2248 aneton-itate
538 2203 602 2248 sua
629 2204 836 2259 vigilent,
871 2206 1068 2248 invocato
1095 2205 1250 2255 etiam,
1285 2207 1313 2253 fi,

267 2278 368 2319 opus
381 2261 528 2312 fuerit,
559 2265 607 2313 ad
624 2266 699 2307 hoc
715 2264 866 2306 auxilio
883 2264 1038 2306 brachii
1057 2264 1251 2307 saecularis
1263 2294 1275 2305 .

336 2322 538 2366 Volumus
553 2332 725 2374 autem,
755 2331 801 2365 ut
816 2322 1075 2377 praesentium
1103 2322 1317 2365 literarum

1000 2471 1270 2537 No

867 214 1784 314 Subz'fBenedifflo‘erIli

1371 335 1634 392 transumptis
1648 363 1663 386 ,
1684 332 1752 375 seu
1779 327 2003 384 exemplis,
2028 327 2153 373 etiam
2179 327 2368 385 impressis
2384 357 2400 385 t

1369 410 1490 438 manu
1503 393 1669 451 alicujus
1684 406 1734 435 ex
1751 388 1989 434 secretariis
2007 385 2172 433 Ministri
2187 414 2202 438 ‚
2227 387 2292 437 vel
2306 390 2401 443 Pro,

1368 454 1567 503 curatoris
1581 451 1799 500 Generalis
1823 447 1918 490 dieii
1935 444 2100 488 Ordinis
2117 445 2302 501 Fratrum
2317 449 2402 490 Ca..

1366 513 1610 570 pucinorum
1623 541 1635 563 ‚
1667 510 1746 553 five
1772 507 1930 550 Notarii
1964 502 2117 561 publici
2146 498 2371 557 subscriptis
2387 533 2404 559 ,

1366 575 1405 614 &
1422 571 1541 628 sigilli
1555 570 1676 624 officii
1692 566 1876 624 ejusdem
1892 561 2064 610 Ministri
2080 591 2094 614 ,
2124 561 2190 605 vel
2210 563 2404 611 Procura-

1366 632 1467 673 toris
1483 629 1698 676 Generalis
1715 628 1830 682 ipsius
1846 622 2014 668 Ordinis
2027 651 2041 674 ‚
2052 620 2118 663 vel
2133 617 2406 685 cujuscunque=

1371 689 1548 745 personae
1575 690 1615 731 in
1643 683 1923 730 Ecclesiastico.
1950 680 2149 738 dignitate
2185 678 2410 725 constituta

1368 748 1531 795 munitis
1545 776 1560 798 ,
1581 745 1724 789 eadem
1741 741 1906 799 prorsus
1921 740 2019 784 fides
2034 741 2072 783 in
2089 737 2240 794 judicio
2253 766 2267 788 ‚
2282 738 2320 778 δι
2336 749 2410 778 exn

1367 815 1431 848 tra
1447 806 1704 854 adhibeatur,
1718 816 1803 858 quae
1818 800 2073 858 praesentibus
2092 796 2179 853 ipsis
2193 795 2412 841 adhibere-

1368 873 1437 905 tur
1450 892 1466 912 ,
1481 862 1505 910 si
1522 861 1657 906 forent
1673 862 1862 905 exhibitae
1878 887 1893 910 a
1913 859 1979 902 vel
1997 856 2155 901 ostensae
2167 886 2181 896 .
2395 910 2407 912 ..

1428 920 1545 962 Nulli
1562 933 1664 973 ergo
1678 920 1846 966 omnino
1863 918 2071 959 hominum
2088 916 2210 960 liceat
2225 914 2329 957 hanc
2344 925 2422 968 pa<-

1370 979 1502 1034 ginam
1537 977 1670 1021 nostrae
1700 976 2003 1030 approbationis
2030 1002 2046 1024 ‚
2082 972 2368 1018 declarationis
2395 1000 2413 1022 ‚

1369 1033 1685 1082 confirmationis
1714 1061 1730 1084 ‚
1763 1032 2040 1075 innovationis
2067 1060 2081 1083 2
2111 1030 2372 1075 conceffionis
2397 1057 2414 1082 ‚

1368 1094 1539 1136 Decreti
1555 1121 1570 1144 ,
1586 1090 1829 1140 voluntatis,
1845 1090 2037 1146 praecepti
2054 1119 2067 1141 ,
2082 1091 2119 1131 &
2133 1089 2414 1144 derogationis

1366 1150 1591 1207 infringere
1608 1179 1622 1201 ,
1655 1159 1722 1191 aut
1737 1149 1774 1190 ei
1810 1149 2030 1191 temerario
2048 1147 2144 1191 ausu
2175 1148 2378 1190 contraire
2399 1173 2414 1200 ,

1367 1212 1434 1257 vel
1450 1209 1715 1265 subreptionis
1727 1235 1740 1258 ,
1757 1216 1823 1249 aut
1840 1206 2093 1262 obreptionis
2110 1218 2247 1248 notam
2266 1205 2414 1262 impinq

1362 1271 1521 1325 gere-Si
1536 1269 1622 1325 quis
1634 1278 1769 1314 autem
1786 1266 1862 1308 hoc
1876 1275 2086 1308 attentare
2099 1261 2415 1322 praesumpserit,

1361 1327 1682 1383 indignationem
1707 1325 2016 1380 omnipotentis
2044 1323 2123 1365 Dei
2136 1352 2151 1375 ,
2166 1356 2169 1360 .
2182 1336 2226 1365 ac
2264 1323 2412 1364 Beato-

1368 1402 1460 1430 rum
1480 1387 1620 1439 Petri,
1643 1387 1683 1429 &
1698 1384 1809 1429 Pauli
1831 1383 2122 1440 Apostolorum
2148 1380 2240 1440 ejus
2270 1377 2309 1423 se
2336 1394 2411 1436 nos

1369 1446 1475 1494 verit
1493 1443 1748 1489 incursurum
1765 1469 1778 1481 ·
2404 1496 2407 1498 Β

1427 1506 1578 1546 Datum
1604 1505 1745 1544 Romae
1772 1501 1875 1556 apud
1902 1504 2087 1544 Sanctum
2105 1503 2270 1544 Petrum
2294 1501 2413 1543 Anno

1369 1561 1590 1604 Dominicae
1609 1557 1907 1603 incarnationis
1936 1559 2155 1603 Millesimo
2171 1558 2416 1614 Septingen-

1368 1618 1511 1669 tefimo
1527 1619 1717 1672 vigesimo
1731 1616 1843 1660 sexto
1858 1632 1968 1659 nono
1984 1619 2074 1663 Kal.
2086 1617 2224 1676 Junias
2238 1646 2251 1670 ,
2274 1616 2416 1658 Ponti-

1368 1673 1511 1718 ficatus
1526 1674 1662 1718 Nostri
1680 1679 1801 1718 Anno
1817 1676 1962 1717 Tertio
1976 1703 1987 1715 .

1442 1796 1483 1842 P.¹
1504 1793 1620 1837 Card.
1640 1793 1755 1835 Prod.
1993 1795 2040 1836 F.
2061 1791 2180 1834 Card.
2196 1789 2390 1836 Oliveritts
2403 1820 2416 1832 .

1623 1907 1718 1967 Visa
1734 1942 1746 1954 .
1807 1913 1872 1955 Dc
1890 1912 2012 1954 Curia
2031 1911 2082 1963 ·J.
2098 1903 2415 1969 Arcbiepfioput

1844 1973 2073 2023 Ancyranus
2086 1996 2099 2008 .

1867 2091 1992 2130 Lacus
2010 2087 2274 2130 Martini-ctus
2285 2105 2301 2128 ι

1495 2172 1724 2230 Registrata
1737 2175 1780 2216 t‘n
1795 2175 2018 2216 Secretari'a
2032 2174 2218 2216 Brevium
2229 2200 2242 2212 .

1439 2265 1614 2320 Exempl.
1629 2265 1808 2323 impr-effi
1823 2294 1837 2318 ,
1867 2266 1920 2316 ἔφυ
1937 2266 2176 2309 Anthi-mica
2191 2268 2307 2309 varia
2321 2267 2415 2313 ind

1498 2322 1621 2366 Arch.
1629 2338 1719 2379 gen.
1737 2327 1832 2369 Ord-
1853 2329 1956 2370 Tom-
1971 2327 2149 2384 Qnum.
2163 2324 2192 2368 6
2193 2338 2234 2380 3.

1399 2469 1694 2538 TA.

252 2616 255 2619 .
270 2603 579 2706 Qjaecunque
590 2604 609 2642 ὲ
625 2607 728 2645 nobis
739 2585 848 2654 'usque
858 2607 901 2643 ad
916 2618 1080 2646 emanatae
1090 2605 1196 2654 hujus
1210 2605 1484 2644 constitutionis
1497 2617 1630 2655 tempus
1640 2632 1657 2654 ‚
1669 2610 1704 2644 in
1722 2607 1904 2657 subsidium
1917 2607 2116 2657 nostrijuris·
2126 2609 2420 2657 producebantur,

405 2654 500 2706 varia
515 2656 640 2702 semper
654 2655 925 2693 contradtffione
939 2655 1032 2693 fuere
1043 2655 1207 2702 impetita.
1233 2657 1418 2696 Decretum
1431 2657 1492 2692 sub
1508 2657 1616 2693 Paulo
1633 2657 1723 2706 Papa
1734 2658 1780 2694 V.
1795 2660 2036 2696 emanatum&
2049 2658 2111 2693 fol.
2131 2659 2188 2704 63.
2205 2657 2348 2705 positum
2365 2683 2380 2703 ‚
2397 2660 2419 2694 a

273 2707 422 2750 quodam
435 2701 582 2748 ejusdem
597 2705 729 2741 Summi
742 2704 916 2742 pontificis
929 2705 1032 2742 Brevi
1058 2707 1077 2754 ζ
1088 2703 1179 2742 varie
1193 2703 1330 2752 quidem
1342 2707 1448 2741 citato
1463 2729 1477 2750 ‚
1502 2706 1675 2753 hucusque
1688 2716 1799 2743 tamen
1811 2719 1879 2744 non
1897 2707 2002 2754 viso)
2029 2707 2235 2744 infirmatum
2246 2730 2258 2749 ,
2279 2707 2314 2743 8<
2326 2706 2424 2742 Con-

277 2799 436 2838 nonnulii
458 2800 734 2846 pretendebat,
760 2802 972 2846 imbLibeu
1000 2803 1193 2839 intitulatus
1206 2801 1289 2850 Offic

62 2761 108 2797 (a)
132 2762 196 2802 Cap.
212 2765 261 2793 52.
275 2753 472 2790 stitutiones
485 2749 676 2789 Clementis
690 2756 732 2790 X.
757 2753 820 2788 fol.
850 2764 887 2789 iz
893 2765 926 2799 5.
942 2777 956 2798 ,
978 2754 1012 2789 &
1025 2753 1217 2790 Clementis
1231 2754 1299 2789 Xl.
1313 2752 1371 2789 fol.
1390 2764 1469 2798 144.
1480 2765 1548 2791 non
1560 2753 1616 2790 nisi
1632 2755 1676 2790 ad
1694 2754 1915 2801 particulares
1930 2756 2128 2793 Provincias
2144 2753 2289 2792 aristatas
2301 2752 2396 2790 fuisse
2407 2778 2422 2798 ‚

1291 2800 1370 2838 ialis
1383 2802 1499 2839 Curiae
1513 2801 1737 2850 Ecclesiasticae
1748 2828 1757 2837 .
1770 2804 1828 2849 (a)
1839 2804 1873 2838 &
1884 2815 1930 2839 ex
1945 2817 1988 2839 eo
2007 2803 2259 2840 commentaria
2274 2802 2319 2838 ad
2332 2803 2423 2839 Con-

271 2849 469 2901 stitutiones
483 2846 688 2897 Apostolicas
711 2851 770 2899 (b)
786 2851 955 2887 Habitum
970 2851 1084 2889 TertIi
1098 2851 1244 2889 Ordinis
1259 2850 1408 2888 conferre
1422 2873 1435 2894 ‚
1451 2851 1568 2888 Nobis
1583 2853 1603 2885 a
1617 2851 1708 2888 Sede
1723 2852 1755 2887 A
1761 2851 1924 2897 postolica
1937 2851 2086 2900 absblute?
2099 2850 2315 2886 interdictum
2329 2849 2423 2896 etse,

279 2899 340 2936 sub
350 2897 455 2934 citato
469 2895 641 2934 variorum
655 2909 898 2936 revocatorum
913 2901 1142 2937 Decretorum
1155 2899 1295 2936 cumulo
1309 2898 1499 2944 vulgavere
1510 2923 1524 2943 ‚
1550 2900 1632 2935 dum
1646 2910 1786 2935 econtra
1800 2901 1856 2936 alii
1870 2925 1883 2944 ‚
1910 2901 2013 2937 nobis
2027 2899 2165 2948 quidem
2179 2898 2245 2934 hoc
2258 2899 2319 2947 jus
2332 2902 2423 2935 coni-

280 2956 397 2994 petere
419 2943 625 2992 afferebant,
649 2948 705 2985 sed
728 2947 892 2995 limitare,
917 2950 1040 2986 &curn
1061 2947 1271 2987 restrifflone
1285 2973 1298 2992 ,
1318 2947 1450 2996 tibiipsi
1463 2947 1590 2985 scilicet
1609 2971 1621 2991 ,
1635 2948 1848 2984 Conventus
1866 2961 1932 2984 non
1946 2949 2103 2985 haberent
2118 2973 2127 2982 .
2158 2948 2239 2984 Inde
2257 2972 2272 2991 ,
2297 2957 2336 2993 ut
2353 2949 2423 2984 Re-

278 2996 368 3042 ligio
379 2992 490 3030 nostra
503 3006 620 3030 contra
634 2999 752 3033 omnia
765 2997 938 3035 eludentis
954 2998 1182 3035 {emulationis
1198 2997 1342 3034 artificia
1348 2997 1409 3045 jus
1423 2997 1520 3033 suum
1536 2996 1652 3043 quieta
1666 3006 1825 3034 exemere
1837 2997 1942 3044 poss'et
1952 3018 1966 3040 ‚
1994 2999 2014 3033 a
2028 2996 2242 3035 Sanetiffimo
2254 2997 2321 3031 hoc
2335 2996 2424 3032 Pon·
2451 3035 2454 3038 ,

276 3045 367 3082 tisiee
393 3042 632 3089 suprapofitam
647 3045 935 3083 Constitiitionem
960 3046 1129 3083 obtinuit.
1155 3048 1244 3083 Non
1266 3046 1404 3084 defuere
1431 3056 1565 3090 tamen,
1590 3045 1650 3092 qui
1665 3045 1727 3082 vix
1753 3046 1772 3082 ὲ
1797 3048 1900 3091 pricio
1914 3046 2135 3093 prodeuntem
2156 3043 2422 3090 impugnabant,

276 3094 458 3138 eidemque
468 3102 533 3138 per
545 3092 644 3128 aliam
659 3093 951 3136 Constitutionem
970 3097 1004 3132 in
1017 3096 1171 3133 favorem
1187 3097 1273 3132 RR.
1291 3095 1361 3132 ΡΡ.
1376 3093 1679 3181 Observantiumb}
1692 3093 1787 3143 prins
1794 3092 1865 3141 jam
1881 3095 2011 3130 >erlitam
2023 3118 2037 3136 ,
2065 3092 2228 3128 videlicet
2252 3090 2317 3127 lV.
2342 3092 2421 3130 ldus

83 3153 125 3188 ζ’)
141 3150 261 3182 Ethbn
279 3139 481 3179 Decembris
500 3149 601 3186 1725.
615 3140 879 3188 incip.Pater'na
896 3145 947 3190 (¹²)
961 3145 1161 3191 derogatam
1177 3143 1272 3181 fuiffe
1283 3167 1298 3188 ,
1310 3143 1345 3179 &
1360 3143 1554 3185 Tertiarios
1567 3143 1587 3177 ὲ
1598 3153 1643 3178 no

695 3190 916 3239 Qapropter
933 3194 970 3229 P.
983 3195 1190 3230 Procurator
1202 3193 1390 3231 Generalis
1403 3215 1416 3236 ,
1440 3203 1504 3240 pro
1518 3189 1727 3239 reprimenda
1739 3188 1802 3226 hac
1812 3201 1905 3227 nova
1915 3214 1931 3232 ,
1955 3189 1989 3227 St
2003 3189 2097 3225 omni
2117 3190 2185 3225 alia
2203 3198 2392 3225 tentatione
2404 3214 2420 3233 ,

66 3232 261 3263 ⁸“¹“¹'·¹³0m·
280 3240 434 3276 Mentem
462 3236 684 3281 Sanfflffimi,
709 3238 824 3275 utrius
843 3251 885 3274 ue
899 3240 1376 3279 ConstitutionisConditoris
1389 3264 1401 3284 ‚
1414 3238 1580 3287 supplici,
1603 3249 1663 3285 per
1675 3236 1974 3275 Eminentisii‘mum
1990 3237 2181 3274 Dominum
2197 3236 2418 3275 Cardinalem

55 3271 262 3352 Ξῖζξβῆζῖ·
280 3285 501 3328 Barberinum
516 3311 527 3328 ,
556 3286 703 3324 Ordinis
717 3288 818 3333 Pr‘ote
857 3298 948 3324 orem
962 3291 1124 3336 pori-esto
1138 3291 1261 3326 libello
1275 3288 1462 3337 exquisivit
1479 3311 1493 3335 ,
1516 3286 1632 3324 habito
1645 3286 1790 3335 desuper
1813 3285 1968 3337 sequenti
1981 3286 2168 3336 Rescripta
2180 3311 2190 3323 .
2411 3303 2413 3305 v

1681 3153 1698 3181 s
1714 3141 1878 3185 vestitos»,
1889 3142 1988 3181 nullo
1999 3139 2146 3177 Ordinis
2152 3138 2345 3196 privilegio
2357 3152 2422 3188 po.

611 3390 614 3394 ’
654 3387 717 3429 Ex
732 3385 952 3429 Audientia
969 3386 1202 3430 Sanctiffimi
1218 3388 1297 3432 Die
1307 3400 1374 3443 24·
1391 3363 1538 3432 Mensis
1556 3388 1808 3445 Septembris
1833 3393 1955 3439 1726.

350 3532 359 3542 ·
377 3483 497 3523 Sangia·
519 3500 603 3525 imus
611 3487 739 3525 annuit
750 3486 1000 3533 declarationi,
1021 3486 1177 3546 qubdper
1193 3489 1475 3540 Constitutionem
1485 3487 1693 3535 Sanflitatis
1701 3490 1781 3528 Suae
1787 3489 1912 3537 favore
1923 3487 2071 3525 Parrum
2083 3486 2231 3524 Ordinis
2253 3489 2293 3526 S.
2305 3485 2412 3525 Fran·

280 3531 359 3581 cisen
378 3531 419 3568 de
433 3532 488 3569 Ob
503 3537 666 3573 ervantia
678 3536 830 3583 nonfuit
842 3537 1041 3588 derogatum
1055 3535 1262 3585 Pravilegiis
1277 3540 1427 3577 Ordinis
1441 3541 1695 3590 Caput-inarum
1707 3535 1869 3589 vestiendi
1877 3559 1891 3580 ,
1917 3535 1961 3575 ὼ·
1973 3535 2179 3573 admittendi
2192 3537 2237 3573 ad
2249 3535 2416 3585 Profiffio‘

280 3592 356 3618 nem
371 3579 565 3620 Tertiarios
577 3584 722 3633 ejusdem
741 3584 890 3622 Ordinis
904 3610 915 3622 .

474 3728 585 3768 Locus
608 3733 642 3768 ›i‹
664 3731 804 3779 sigilli.

379 3822 485 3872 Orig.
500 3825 540 3860 in
552 3825 711 3865 Archivo
722 3832 880 3877 generali
896 3833 1045 3872 Ordim's
1061 3835 1153 3874 Tom.
1168 3838 1335 3890 Qnum.
1354 3838 1408 3884 63.

1778 3631 1835 3676 ,N-
1850 3627 2052 3673 cardinum
2078 3634 2196 3686 Coscia
2210 3661 2220 3673 .

2287 3875 2359 3917 lmb
