2658 4244
928 205 1087 295 Sub
1153 207 1468 299 ‘Urbano
1536 209 1754 297 VIII.

342 327 762 387 URBANUS
811 328 1028 378 PAPA
1086 328 1262 377 v111.

338 450 493 495 Dilebre
525 451 607 495 Fili
622 476 637 499 2
667 449 839 490 Salutem
864 472 879 495 ‚
914 443 967 494 ὠ·
996 443 1253 501 Apostolicam

624 504 927 550 Benedifflioncm
940 532 952 544 .

415 623 654 670 Gnostitnus
681 621 718 664 in
738 617 1013 677 gratulatione
1039 631 1107 662 tua
1122 622 1320 664 Germani

430 683 580 726 Fratris
596 694 774 723 amorem
791 709 804 732 ,
827 683 863 722 &
880 680 1072 736 Religiosi
1088 679 1320 722 Sacerdotis

2250 253 2293 317 7
2315 255 2353 296 1'

1407 344 1458 378 to
1472 361 1487 384 ,
1516 331 1778 396 Capucium
1800 329 2045 379 rotundum
2063 367 2078 390 ‚
2102 332 2415 403 &largiorem

1402 403 1692 449 Mozzettarn
1713 412 1920 464 portent,
1952 403 2224 467 Apostolicis
2245 420 2415 454 memo-

1409 471 1495 520 rati
1518 470 1667 539 Regni
1686 471 1873 518 Nuntiis
1893 473 2176 522 existentibus
2199 509 2216 533 ,
2242 474 2288 528 3<
2308 479 2417 536 exti-⁴

1415 541 1530 591 turis
1550 575 1565 598 ,
1582 540 1844 601 *curandum
1860 543 2140 591 committit.

1449 639 1871 726 URBANU‘S
1924 671 2140 721 PAPA
2194 645 2356 723 vm(

274 744 532 799 obsequium:
550 737 615 781 sed
628 766 642 791 ³
656 740 738 794 quo
765 740 887 794 magis
906 740 1022 782 multi
1037 738 1172 782 nostrii
1186 739 1321 795 digni·
1385 765 1392 768 ν

274 814 362 845 tate
386 803 572 842 laetantur
586 823 600 849 ,
617 799 668 839 eo
687 799 770 839 Nos
784 797 1035 853 gravioribus
1061 800 1167 840 curis
1191 797 1321 840 confi-

271 861 403 904 cimur
417 889 428 899 .
455 859 648 899 Exterret
666 870 755 907 noS,
770 857 839 913 qui
854 857 953 899 alios
971 854 1176 900 oblectare
1195 856 1314 909 solet,

270 915 605 974 applaudentium
633 913 775 967 favor3
808 916 988 959 videmus
1016 916 1123 959 enim
1147 944 1162 969 ,
1192 916 1310 971 quam

270 975 438 1019 difficile
465 974 510 1016 fit
535 985 683 1017 tantam
700 973 914 1017 Christiani
939 977 1057 1018 Orbis
1081 975 1308 1015 machinam

269 1036 492 1085 sustinere,
523 1033 627 1076 vires
653 1033 805 1075 nostras
832 1035 1001 1090 propriae
1016 1032 1305 1076 imbecillitatis

269 1092 513 1136 conscientia'i
540 1123 554 1143 ,
583 1106 663 1133 non
691 1092 940 1145 populorum
970 1090 1302 1149 gratulantium.)

268 1153 404 1195 studiis
418 1151 736 1207 perpendentes,
750 1149 847 1193 freti
863 1163 994 1213 tamen
1009 1151 1094 1207 ejus
1110 1151 1314 1201 Potentia,

269 1210 338 1267 qui
354 1211 402 1253 ad
413 1210 678 1254 ostendendas
695 1210 973 1254 misericordia:
987 1210 1054 1266 sue
1066 1210 1227 1252 divitias
1241 1223 1314 1251 no-

268 1272 327 1312 bis
346 1267 600 1311 Pontificium
615 1283 715 1311 onus
730 1270 963 1325 (Angelicis
980 1269 1158 1311 humeris
1175 1268 1314 1308 sormi-

266 1326 472 1382 dandum)
484 1326 735 1382 imposuissde
749 1327 972 1369 Christiana
992 1324 1216 1381 Republica
1233 1339 1311 1366 non

266 1387 540 1441 desperamus·
555 1386 754 1442 Qamvis
770 1384 876 1426 enim
892 1383 1168 1439 principatum
1186 1382 1308 1432 hunc,

270 1444 489 1487 Trinitatis
514 1444 723 1485 Vicat-ium
737 1473 753 1493 ,
778 1445 815 1483 δέ
843 1446 1002 1498 Regum
1020 1442 1222 1497 obsequiis
1238 1455 1309 1483 ve-

264 1502 563 1552 nerabilem,ab
577 1503 805 1557 aegrotantis
821 1501 1002 1553 corporis
1016 1500 1225 1543 doloribus
1239 1514 1305 1542 au-

261 1561 400 1616 spicati
416 1561 531 1601 simus
547 1588 562 1610 ,
579 1574 655 1601 non
675 1571 811 1601 tamen
839 1558 1117 1602 obliviscimur
1132 1587 1144 1609 ,
1158 1573 1245 1614 quae
1261 1560 1306 1599 sit

262 1619 568 1674 omnipotentis
598 1618 842 1660 Clementiae
869 1619 928 1659 vis
956 1645 971 1667 ‚
1001 1616 1158 1659 infirma
1186 1631 1310 1660 non...

264 1682 363 1722 raro
376 1677 571 1736 eiigeptis
586 1705 602 1725 ,
614 1687 659 1717 ut
675 1674 796 1716 fortia
815 1673 1039 1718 confundat
1055 1705 1066 1716 .
1094 1678 1190 1718 Eam
1204 1689 1305 1730 ergo

266 1735 427 1780 affiduis
443 1735 629 1791 precibus
645 1764 660 1783 ,
686 1748 730 1774 ac
757 1733 1110 1789 supplicationibus
1133 1748 1206 1789 pro
1218 1738 1306 1776 No-

266 1797 327 1840 bis
359 1796 612 1850 deprecare,
643 1803 688 1834 ut
704 1793 915 1834 brachium
943 1791 1055 1835 suum
1081 1794 1304 1847 supponat,

265 1869 317 1898 ne
334 1867 431 1895 cum
450 1851 636 1894 Ecclefiae
656 1850 863 1893 dedecore
879 1880 893 1902 ,
918 1853 958 1892 &
981 1853 1162 1906 gentium
1189 1851 1304 1893 ruina

265 1911 524 1955 collidamur.
545 1910 646 1951 Sane
663 1910 726 1951 vix
740 1908 820 1950 dici
839 1909 984 1965 potest,
1002 1910 1197 1965 quantum
1214 1913 1302 1951 No-

264 1971 321 2014 bis
349 1969 477 2011 solatii
508 1967 677 2010 afferant
700 1968 770 2023 piae
795 1981 938 2022 preces
966 1967 1302 2023 Religiosorum)

264 2032 451 2072 Fratrum
481 2036 643 2068 tuorum
659 2053 674 2076 ,
695 2028 765 2082 qui
781 2025 972 2068 severiori
992 2027 1082 2067 Divi
1103 2025 1300 2069 Francisci

263 2086 476 2142 disciplina
496 2086 668 2135 imbuti,
697 2087 736 2126 δι
755 2086 794 2127 in
810 2087 940 2128 Sacris
955 2085 1190 2127 Christianae
1217 2099 1307 2139 poe-

262 2143 443 2188 nitenti'ae
468 2144 619 2187 Castris
638 2143 859 2186 militantes
875 2173 890 2195 ‚
918 2144 1096 2186 membra
1112 2142 1176 2185 sua
1194 2144 1307 2186 exhi-

263 2205 359 2246 bent
379 2233 394 2255 ,
418 2218 497 2245 non
514 2217 624 2245 arma
640 2203 864 2258 iniquitatis
882 2215 1074 2256 peccato,
1102 2201 1167 2244 sed
1196 2202 1305 2245 arma

261 2262 429 2320 Justitiae
463 2265 552 2304 Deo
574 2292 592 2312 ,
618 2274 664 2303 ut
691 2264 729 2303 ὃς
763 2262 937 2305 viventia
968 2260 1138 2318 Spiritus
1169 2263 1303 2306 Sancti

261 2320 439 2376 *Templa
456 2322 530 2363 sint
549 2351 562 2361 .

320 2379 527 2422 Caeterum
545 2377 623 2421 buc
640 2379 874 2422 venientem
900 2390 1080 2435 paternae
1095 2378 1304 2423 charitatis

262 2437 438 2486 brachiis
454 2438 770 2492 coniplefftemur
784 2450 1135 2493 ,contemptorem
1154 2453 1275 2492 opum
1290 2469 1304 2488 ,

260 2497 302 2537 ὅτ.
332 2495 576 2549 gloriantem
617 2497 658 2537 in
694 2499 832 2538 Cruce
865 2497 1024 2538 Domini
1059 2496 1191 2538 Nostri
1212 2495 1306 2553 Jefii

236 2605 240 2614 ἱ
262 2554 442 2596 Christi:
471 2558 689 2607 speramus
715 2556 823 2595 enim
846 2556 907 2594 Te
932 2554 1094 2608 privatae
1119 2553 1306 2596 utilitatis

260 2612 435 2654 oblitum
452 2640 465 2661 ‚
497 2613 625 2655 Nobis
647 2624 786 2653 eorum
819 2612 1080 2654 consiliorum
1105 2615 1300 2667 copiam-2

257 2670 568 2725 suppediturum
585 2699 599 2720 ,
620 2685 706 2725 quae
734 2667 852 2711 nullis
872 2669 1087 2711 mortiferae
1102 2672 1304 2713 adulatio-

256 2730 316 2771 nis
344 2729 510 2770 venenis
540 2726 683 2770 infeeia
712 2730 811 2770 sint.
841 2727 1115 2782 Apostolicam
1133 2729 1305 2771 Benedi-

260 2789 434 2829 Ctionem
453 2787 556 2836 tibi,
576 2798 698 2842 atque
716 2786 773 2828 isti
791 2787 998 2828 Coenobio
1014 2787 1157 2830 intimo
1169 2788 1304 2830 cordis

259 2845 405 2888 affeetu
434 2845 728 2900 impertimur3
757 2847 933 2886 Orantes
966 2848 1125 2888 Patrem
1153 2846 1304 2889 miseri-

259 2903 522 2954 cordiarum,
549 2915 596 2946 ut
626 2903 758 2946 sacros
789 2903 937 2945 vestros
954 2903 1116 2947 labores
1132 2906 1303 2961 publicae

254 2964 417 3018 pietatis
437 2961 694 3004 incremento
708 2962 937 3004 consoletur
954 2991 966 3003 .
993 2966 1143 3006 Datum
1162 2965 1300 3006 Romae

256 3021 362 3075 apud
392 3024 574 3064 sanstam
603 3021 772 3063 Mariam
804 3020 1005 3075 Maiorem
1036 3021 1108 3065 sub
1134 3021 1300 3064 Annulo

253 3078 466 3121 Piscatoris
481 3079 548 3121 die
563 3079 737 3125 secunda
752 3081 1000 3134 Septembris
1017 3094 1220 3125 mnenon
1236 3095 1249 3122 1
1264 3095 1298 3124 ι.

254 3136 523 3181 Pontificatus
536 3139 677 3182 Nostri
696 3141 817 3181 Anno
835 3137 970 3181 Primo
983 3166 995 3179 .

317 3256 493 3312 'Exempl-
516 3259 665 3300 Tom.2.
687 3259 814 3311 Capit.
830 3254 1076 3313 generalium
1079 3255 1160 3315 sol.
1182 3268 1270 3298 122.

253 3490 332 3546 Ut
369 3491 544 3540 Fratres
580 3493 832 3543 Striffioris
866 3489 1179 3542 Observantiae
1222 3506 1299 3556 per

284 3561 475 3614 Italiam
510 3596 525 3616 ,
574 3562 787 3631 depofitis
825 3564 967 3613 Soleis
996 3599 1010 3620 ,
1055 3563 1112 3611 ad
1147 3560 1300 3610 distin·

284 3630 482 3680 &ionem
503 3634 843 3699 Capucinorurn
864 3672 878 3692 ‚
909 3633 1164 3700 Calopodia
1192 3629 1300 3680 reas-

284 3700 465 3750 sumam:
483 3735 497 3757 ,
521 3704 750 3770 praecipit:
781 3719 918 3770 utque
941 3706 1116 3752 Fratres
1140 3705 1297 3752 Recol-

280 3771 388 3822 leiti
408 3773 572 3822 Galliae
586 3806 602 3833 ,
625 3772 829 3842 deposito
845 3775 1052 3841 Capucio
1071 3775 1295 3824 acumina·

1581 798 1648 843 Ad
1665 795 1860 858 futuram
1888 802 1948 840 rel
1979 801 2229 843 memoriam.

1441 921 1480 961 N
1503 917 1688 973 supremo
1703 915 1960 974 Apostolattis
1983 915 2081 957 solio
2097 944 2111 967 ‚
2142 914 2292 958 meritis
2319 916 2420 958 licet

1459 976 1704 1033 imparibus,
1734 978 1871 1019 divina
1902 975 2158 1031 dispositione
2189 975 2418 1024 constituti,

1365 1037 1474 1079 circa
1502 1036 1643 1080 statum
1675 1036 1959 1091 religiosorum
1987 1034 2190 1077 Ordinum
2214 1048 2419 1089 quorum-

1373 1110 1546 1151 cumque
1562 1125 1578 1148 ,
1595 1098 1634 1138 in
1654 1098 1826 1139 Ecclesia
1846 1097 1921 1137 Dei
1942 1094 2201 1136 militantium
2227 1091 2420 1147 prospere.

1373 1155 1647 1208 dirigendum,
1659 1156 1809 1198 mentis
1825 1154 1959 1196 nostrae
1973 1154 2100 1195 aciem
2114 1152 2261 1194 assidue
2282 1153 2417 1193 inten-

1374 1215 1503 1257 dimus
1526 1244 1539 1265 ,
1568 1229 1696 1269 eaque
1724 1214 1924 1256 statuimus
1945 1242 1959 1263 ,
1986 1214 2023 1253 &
2049 1211 2281 1254 ordinamus
2300 1237 2315 1260 ,
2343 1224 2417 1264 per

1372 1286 1458 1326 quae
1483 1272 1675 1326 prospero
1691 1301 1704 1322 ,
1735 1270 1923 1327 felicique
1949 1285 2091 1313 eorum
2119 1270 2230 1312 statui
2252 1297 2266 1320 2
2290 1280 2416 1323 atque

1372 1331 1581 1371 direstioni
1596 1331 1815 1374 consulitur
1829 1359 1840 1380 ,
1866 1341 1982 1382 prout
1999 1328 2260 1382 conspicimus
2273 1329 2315 1367 in
2334 1330 2419 1368 Do-

1372 1388 1481 1428 mino
1497 1388 1706 1431 salubriter
1720 1387 1916 1444 expedire
1933 1415 1943 1428 .
1970 1389 2075 1428 Cum
2103 1386 2238 1440 itaque
2265 1383 2416 1427 causa-s

1367 1447 1477 1487 inter
1494 1445 1665 1489 dile-&os
1688 1446 1791 1488 lilios
1807 1447 1969 1488 Fratres
1986 1443 2151 1485 Ordinis
2171 1444 2418 1485 Minorum.)

1369 1507 1409 1547 S.
1427 1503 1630 1547 Francisci
1652 1506 1884 1561 Capucinos
1901 1513 2149 1557 nuncupatos
2167 1516 2215 1543 ex
2231 1516 2305 1546 una
2331 1530 2345 1553 ‚
2370 1515 2416 1543 ac

1368 1565 1535 1605 Fratres
1558 1562 1739 1616 eiusdem
1759 1564 1926 1606 Ordinis
1946 1561 2166 1605 strictioris
2185 1560 2419 1602 Observan-

1367 1622 1431 1663 tiae
1443 1634 1493 1662 ex
1510 1621 1640 1664 altera
1654 1651 1668 1672 ‚
1693 1624 1871 1677 partibus
1888 1650 1902 1672 ‚
1930 1621 1982 1662 de
1997 1649 2011 1670 ,
2038 1622 2078 1660 &
2092 1618 2206 1671 super
2221 1617 2416 1660 reassum-

1366 1680 1506 1735 ptione
1530 1681 1852 1735 Calopodiorum
1873 1710 1885 1729 ‚
1907 1681 1943 1720 &
1969 1678 2220 1719 distinetione
2238 1675 2414 1719 Habitus

1366 1738 1415 1780 ad
1433 1736 1703 1787 praescriptum
1720 1740 1926 1781 Bullarum
1940 1767 1955 1787 ,
1971 1750 2043 1791 per
2058 1733 2237 1776 diversos
2260 1738 2415 1778 Roma-

1367 1811 1438 1839 nos
1466 1795 1684 1839 Pontifices
1715 1792 2028 1841 Praedeceffores
2044 1794 2192 1837 nostros
2205 1805 2416 1836 emanata-

1367 1870 1484 1906 rum,
1511 1855 1576 1897 diu
1602 1858 1753 1910 agitata
1771 1886 1785 1907 ,
1812 1871 1857 1898 ac
1883 1856 1936 1897 de
1968 1855 2160 1894 mandato
2181 1854 2313 1894 nostro
2341 1855 2415 1894 in.s

1365 1915 1696 1970 Congregatione
1714 1913 2023 1956 Venerabilium
2054 1914 2236 1952 Fratrum
2262 1912 2415 1953 nostro-

1362 1988 1451 2015 rum
1479 1976 1517 2014 S.
1534 1974 1583 2014 R.
1604 1975 1648 2014 Β.
1665 1971 1942 2016 cardinalium
1956 1971 2127 2026 negotiis
2154 1971 2417 2024 Regularium

1367 2032 1668 2087 praepositorum
1699 2033 1846 2073 iterum
1875 2030 2073 2085 proposita
2090 2058 2104 2079 ,
2127 2043 2198 2084 per
2214 2029 2416 2070 eosdem,

1366 2089 1610 2134 Cardinales
1626 2090 1772 2132 auditis
1790 2089 1970 2146 partibus
1987 2117 2001 2139 ‚
2030 2088 2193 2142 visisque
2208 2088 2415 2142 scripturis

1369 2148 1526 2191 mature
1543 2175 1558 2198 s
1578 2150 1617 2189 ἃ.
1632 2147 1930 2204 diligentissime
1945 2145 2138 2203 perpensa
2161 2174 2175 2196 ‚
2200 2149 2238 2187 &
2261 2148 2414 2188 exarui-,-

1365 2219 1456 2250 nata
1473 2203 1598 2249 fuerit
1613 2236 1625 2258 .,
1652 2212 1737 2249 Nos
1752 2206 1992 2249 eorumdem
2011 2204 2306 2260 Religiosorum
2324 2206 2413 2261 paci

1361 2270 1403 2309 &
1433 2266 1559 2318 quieti
1585 2295 1600 2317 ,
1626 2263 1845 2322 felicique,
1872 2280 1916 2307 ac
1940 2262 2138 2321 prosperae
2164 2264 2412 2315 direc'tioni‚

1362 2324 1613 2382 quantumin
1631 2327 1760 2368 Nobis
1777 2326 1832 2366 est
1847 2353 1861 2375 ,
1887 2323 2108 2379 providere
2125 2323 2311 2364 volentes
2329 2351 2342 2373 ‚
2359 2323 2414 2364 de

1364 2384 1591 2426 eorundem
1622 2383 1906 2424 Cardinalium
1934 2381 2096 2424 consilio
2121 2410 2136 2431 ‚
2171 2384 2283 2422 Motu
2314 2394 2411 2434 pro-

1367 2444 1457 2497 prio
1472 2468 1485 2490 ‚
1508 2443 1544 2481 &
1562 2454 1608 2482 ex
1626 2453 1740 2482 certa
1754 2440 1919 2481 scientia
1935 2469 1949 2490 ‚
1969 2454 2014 2480 ac
2030 2450 2187 2480 matura
2204 2438 2413 2480 delibera-

1366 2501 1479 2541 tione
1508 2498 1646 2539 nostris
1664 2527 1676 2548 ‚
1699 2498 1831 2553 deque
1856 2498 2091 2552 Apostolicae
2109 2497 2309 2550 potestatis
2325 2498 2413 2551 ple-

1368 2556 1548 2599 nitudine
1565 2584 1578 2606 ·,
1614 2555 1763 2603 eisdem
1795 2557 1997 2599 Fratribus
2021 2556 2240 2598 Stric‘tioris
2263 2553 2414 2596 Obser-

1365 2618 1523 2664 vantiae‚
1540 2626 1735 2668 quatenus
1751 2613 1977 2670 Calopodia
1992 2613 2255 2663 reassumere,
2270 2612 2413 2656 soleas-

1363 2689 1441 2731 que
1458 2675 1631 2728 ubique,
1646 2687 1718 2728 per
1742 2684 1868 2714 totam
1891 2673 2044 2714 ltaliam
2066 2671 2278 2725 deponere
2294 2698 2309 2721 2
2335 2686 2410 2714 nec

1365 2732 1486 2774 casin
1505 2732 1705 2787 posterum
1721 2732 1907 2786 recipere
1922 2732 2098 2773 debeant
2114 2758 2128 2780 .,
2153 2729 2220 2771 sub
2246 2745 2412 2772 excom—

1364 2791 1646 2833 municationis
1661 2790 1746 2832 latae
1763 2789 1970 2831 sententiae
1983 2818 1998 2839 ,
2019 2803 2064 2830 ac
2082 2789 2318 2844 privatiouis
2339 2803 2411 2831 vo·

1363 2852 1420 2892 cis
1434 2850 1569 2891 activae
1590 2878 1604 2899 .,
1629 2850 1669 2890 δι
1685 2846 1834 2902 pafl'ivae
1848 2877 1862 2899 ,
1882 2862 2040 2890 necnon
2070 2848 2199 2904 quoad
2219 2849 2410 2902 Superio-

1363 2924 1428 2952 res
1449 2938 1463 2959 ,
1490 2909 1616 2949 etiam
1630 2904 1886 2963 suspensionis
1905 2907 1956 2949 ab
1972 2905 2112 2949 officiis
2129 2906 2211 2962 ipso
2229 2906 2332 2948 facto
2347 2907 2409 2948 in—

1363 2967 1571 3009 currendis
1586 2967 1744 3021 poenis,
1774 2977 1920 3008 tenore
1953 2964 2204 3018 praesentium
2232 2965 2409 3021 injungi-

1359 3041 1446 3069 mus
1463 3055 1477 3076 ,
1500 3040 1543 3066 ac
1559 3026 1717 3081 insuper
1738 3025 1920 3066 locorum
1939 3025 2169 3067 Ordinariis
2184 3053 2200 3075 ‚
2225 3035 2267 3064 ut
2284 3025 2320 3065 in
2339 3037 2408 3064 ca·

1359 3085 1397 3128 su
1418 3081 1735 3139 transgressionis
1751 3113 1763 3135 ‚
1782 3083 2008 3138 Regulares
2027 3083 2244 3126 Striffioris
2259 3081 2409 3123 Obser-

1360 3144 1504 3187 vantiae
1529 3143 1733 3196 proedidms
1749 3142 1854 3184 adid
1872 3152 2018 3198 cogant
2034 3170 2049 3192 ,
2078 3144 2116 3182 &
2131 3140 2378 3193 compellant
2393 3168 2406 3180 .

1361 3206 1458 3260 QO
1474 3205 1571 3244 vero
1593 3202 1639 3245 ad
1656 3200 1834 3258 ejusdem
1846 3201 2010 3244 Ordinis
2029 3203 2190 3241 Fratres
2210 3198 2407 3240 Recolle-

1359 3262 1442 3304 &os
1457 3272 1706 3314 nuncupatos
1724 3260 1871 3302 Galliae
1888 3287 1902 3310 ,
1922 3259 1990 3315 qui
2017 3271 2091 3300 non
2124 3255 2408 3298 deferuntsso-

1360 3320 1444 3361 leas
1459 3347 1473 3369 .,
1497 3318 1562 3362 sed
1583 3319 1811 3372 Calopodia
1832 3349 1848 3369 ‚
1883 3332 1972 3359 cum
1997 3315 2149 3358 constet
2170 3329 2240 3356 eos
2266 3319 2408 3369 Capu-

1359 3379 1462 3421 cium
1494 3377 1780 3432 aliquantisper
1812 3377 2082 3419 acuminatum
2101 3371 2297 3423 deferre,
2325 3377 2408 3416 Ve-

1360 3435 1528 3480 nerabili
1552 3439 1686 3479 Fratri
1715 3435 1966 3476 Bernardino
1986 3431 2302 3487 Archiepiscopo
2324 3436 2406 3474 Da-

1362 3497 1522 3537 miaten.
1569 3495 1766 3536 moderno
1798 3521 1813 3543 ,
1853 3495 1893 3532 &
1917 3504 1993 3547 pro
2019 3501 2206 3546 tempore
2234 3491 2406 3533 exilien-

1361 3557 1392 3596 ti
1409 3554 1538 3596 nostro
1554 3582 1568 3603 .,
1593 3554 1633 3594 δε
1649 3551 1886 3606 Apostolicae
1907 3549 2023 3593 Sedis
2049 3549 2086 3590 in
2116 3552 2262 3606 Regno
2279 3553 2405 3592 Fran-
2440 3587 2443 3590 ,

1359 3628 1427 3655 cic-e
1462 3612 1619 3653 Nuncio
1651 3625 1726 3667 per
1766 3611 1977 3664 praesentes
2020 3607 2203 3651 similiter
2235 3609 2404 3651 manda-

1356 3686 1445 3713 mus
1465 3699 1479 3722 ‚
1506 3680 1546 3710 ut
1572 3670 1801 3724 opportune
1826 3678 1943 3711 curet
1964 3696 1982 3721 2
2010 3667 2117 3723 quod
2148 3668 2311 3710 omnino
2338 3683 2403 3709 ro-

1355 3730 1523 3772 tundum
1540 3730 1748 3783 capucium
1766 3756 1777 3778 ,
1805 3738 2131 3783 mozzettamque
2147 3727 2402 3781 largiorem

1353 3786 1544 3833 assumant
1559 3815 1571 3827 .
1599 3790 1798 3830 Praeterea
1814 3786 1862 3830 ad
1883 3786 2111 3844 pleniorem
2129 3815 2143 3839 ‚
2158 3787 2399 3830 certiorem-

2262 3860 2342 3902 que
