2618 4270
258 747 331 796 liis
361 744 657 805 elucubrati,
685 746 711 796 a*
742 748 892 799 Nobis
928 749 1131 802 revisum
1162 791 1178 813 ,
1212 774 1372 827 vigore
1404 760 1696 828 praesentium
1728 769 2030 836 approbamus
2058 810 2075 832 ,
2106 775 2155 827 &
2232 793 2284 829 ut
2331 778 2419 830 ser-

257 817 375 866 vatis
404 814 635 868 servandis
663 821 791 889 typis
821 819 1068 874 mandetur
1084 859 1103 884 ,
1131 829 1426 880 concedimus
1441 866 1456 882 .
1479 837 1656 885 Datum
1673 840 1833 890 Romae
1857 860 1899 891 1.
1918 813 2204 897 Novembri}
2227 867 2243 899 1
2256 868 2285 910 7
2292 867 2320 911 3.
2322 868 2374 910 9.

313 947 362 990 1..
377 944 437 1002 ¹1<
450 948 494 990 s.

524 1065 579 1116 F.
615 1062 815 1118 ‘BONA
827 1068 1169 1127 VENTURA
1190 1077 1250 1127 A’
1286 1077 1327 1127 F
1328 1077 1364 1128 Ε
1370 1078 1636 1135 RRARIA
1670 1085 1894 1155 :Minister
1927 1091 2147 1143 Generalis
2180 1094 2384 1163 approbat
2399 1134 2412 1147 .

670 1139 729 1189 F.
767 1141 936 1193 ‘Petrus
971 1143 1128 1196 Maria
1161 1146 1189 1197 ἃ
1225 1146 1343 1200 Luca
1380 1152 1632 1204 Procurator
1667 1159 1888 1210 Generalis
1907 1197 1919 1211 .

671 1210 726 1260 F.
753 1212 946 1278 Iustinus·
974 1214 1242 1280 ‘Bittereqſj'r
1273 1219 1502 1284 Dffnitor
1539 1226 1759 1274 Generalis
1776 1265 1788 1277 .

669 1280 724 1326 F.
761 1279 1061 1401 ‘Bernargtfrtus
1094 1280 1131 1401 ji·
1161 1282 1309 1335 Sanfflo
1347 1287 1510 1358 Angelo
1545 1293 1775 1362 Dffnitor
1811 1297 2032 1348 Generalis
2050 1337 2067 1362 ‚
2100 1313 2154 1353 ἐς
2191 1305 2406 1357 ex-Vica-

811 1367 901 1398 rms
976 1370 1094 1402 encra
1112 1373 1153 1402 ts
1170 1391 1183 1403 .

959 1561 1649 1638 tampnzmarvn,

476 1664 521 1708 Si
547 1662 757 1707 videbitur
783 1664 1140 1709 Reverendiffimo
1163 1646 1273 1710 Patri
1300 1671 1491 1727 Magistro
1512 1674 1605 1721 Sac.
1628 1672 1776 1719 Palatii
1796 1675 2048 1732 Apostolici.

660 1768 743 1819 Ph.
766 1767 905 1836 Spada
934 1765 1071 1818 Arch.
1104 1769 1280 1821 Theode
1298 1790 1345 1819 1ae
1391 1768 1647 1839 V'icqlgerens
1667 1810 1678 1822 .

519 1949 2092 2156 APPROBATIOA

355 2220 404 2270 Χ
431 2218 747 2270 commistione
778 2216 1162 2271 Reverendiffimi
1195 2220 1343 2269 Patris
1377 2219 1504 2268 Sacri
1536 2219 1697 2268 Palatii
1733 2217 1986 2287 Apostolici
2018 2219 2267 2292 Magistri,
2288 2238 2391 2291 per-

386 2291 479 2360 legi
507 2291 716 2359 primum
743 2293 958 2342 Tomum
989 2291 1211 2348 Bullarii,
1236 2291 1363 2340 Sacri
1396 2288 1590 2339 Ordinis
1615 2293 1833 2339 Fratrum
1865 2293 2106 2341 Minorum
2136 2296 2392 2360 Capucino-

229 2376 337 2410 rum
361 2395 378 2419 ,
416 2363 462 2410 in
497 2379 590 2429 quo
621 2376 786 2429 praeter
820 2364 1011 2421 Bullas,
1044 2362 1335 2429 Seraphicam
1369 2361 1484 2415 hanc
1515 2361 1756 2409 Familiam
1785 2361 1833 2409 in
1853 2365 2089 2412 communi
2121 2381 2392 2412 concernen-

225 2445 293 2480 tes
314 2466 333 2491 ,
369 2433 509 2482 variis
543 2435 665 2482 notis
693 2432 968 2483 dilucidatas
985 2469 1002 2492 ‚
1028 2432 1302 2484 Tradiatum
1331 2431 1387 2481 ad
1420 2448 1516 2480 rem
1543 2431 1900 2497 Diplomaticam
1932 2430 2225 2501 Isagogicum
2264 2433 2389 2480 exhi-

224 2499 301 2550 bet
335 2501 613 2552 Admodum
654 2502 950 2554 Reverendus
975 2537 992 2559 ,
1021 2501 1351 2558 Dofflffimus,
1386 2519 1438 2548 ac
1468 2498 1848 2563 Religiofiffimus
1879 2504 2043 2559 Pater,
2074 2506 2151 2550 Fr.
2182 2503 2385 2550 Michael

226 2568 469 2637 Tugiensis
494 2604 511 2627 ‚
556 2572 751 2620 Ordinis
791 2573 1034 2620 Minorum
1075 2569 1424 2633 Capucinorum
1474 2569 1519 2610 in
1559 2567 1800 2612 Provincia
1833 2571 2081 2615 Helvetica
2126 2566 2342 2634 professus
2373 2605 2390 2628 ,

222 2640 308 2690 SS.
338 2638 610 2707 Theologiae
660 2655 713 2686 ex
746 2665 765 2676 -
796 2639 961 2686 Leston·
995 2671 1012 2694 ‚
1060 2635 1110 2684 ὅ(
1163 2630 1541 2682 Reverendiffimi
1595 2634 1741 2682 Patris
1777 2636 2016 2683 Generalis
2059 2640 2336 2687 secretarius
2366 2676 2380 2687 .

222 2713 439 2776 Cumque
469 2709 516 2757 in
545 2724 603 2757 eo
633 2709 745 2756 nihil
779 2708 971 2756 omnino
1004 2704 1270 2754 orthodoxae
1309 2702 1436 2751 Fidei
1469 2701 1767 2769 dogmatibus
1794 2739 1810 2761 ,
1845 2708 2246 2774 Sacratiorumque
2284 2727 2384 2758 mo-

221 2798 327 2830 rum
363 2780 563 2849 regulis,
598 2779 671 2828 vel
707 2782 954 2828 Canonum
980 2775 1171 2825 decretis
1205 2770 1450 2823 adversum
1479 2771 1749 2823 offenderim
1769 2811 1786 2832 ‚
1813 2777 1921 2841 quin
1951 2775 2050 2826 imo
2074 2792 2226 2827 totum
2244 2781 2380 2847 Opus

220 2851 248 2900 ἃ
275 2849 497 2900 methodo
515 2885 531 2908 ,
559 2849 818 2899 eruditione
835 2883 851 2906 ‚
883 2866 934 2897 ac
961 2844 1178 2896 industria
1208 2845 1457 2912 plurimum
1489 2843 1886 2903 commendabile,
1916 2846 1973 2896 ad
2006 2846 2199 2897 historiae
2230 2852 2382 2898 Eccle-

215 2919 399 2971 fiasticae
431 2920 780 2971 illustrationem
817 2916 1106 2968 utilissimum
1128 2951 1144 2974 ,
1172 2917 1305 2982 atque
1336 2931 1421 2982 pro
1448 2912 1694 2983 disciplinae
1714 2951 1730 2974 ,
1759 2914 1808 2967 ἃ
1833 2914 2128 2969 observantiae
2160 2922 2380 2989 regularis

219 2990 424 3041 custodia
459 2987 938 3041 accomodatiffimum
968 2989 1213 3056 repererim
1246 3021 1262 3043 ,
1300 2999 1351 3033 ut
1383 3002 1438 3034 ex
1473 2986 1669 3036 Archivi
1698 2987 1893 3037 tenebris
1914 3025 1929 3046 ,
1964 3006 2061 3055 quae
2095 2990 2375 3058 Reipublicae

216 3060 433 3130 profuere
468 3079 731 3131 nunquam,
759 3062 805 3110 in
836 3075 1085 3110 commune
1117 3054 1387 3123 obsequium
1420 3054 1613 3123 publicae
1638 3073 1719 3125 per
1751 3071 1918 3128 typum
1951 3061 2081 3118 luci,
2109 3078 2163 3109 ac
2186 3062 2373 3110 immor·

217 3134 385 3183 talitati
414 3131 613 3184 donetur
631 3169 648 3190 ‚
676 3130 995 3201 digniffimum
1029 3126 1219 3184 censeo,
1246 3127 1323 3194 qui
1356 3124 1611 3176 subscribor
1631 3163 1643 3176 .

354 3197 516 3255 Romae
545 3206 592 3254 in
624 3208 875 3256 Conventa
915 3206 964 3251 S.
999 3200 1161 3250 Mariae
1195 3195 1325 3265 super
1358 3197 1655 3256 Minervam,
1682 3197 1766 3248 hac
1800 3199 1875 3249 die
1915 3207 1995 3249 26.
2031 3201 2149 3250 Maii
2187 3217 2332 3263 1740.

635 3335 712 3384 Fr.
732 3334 979 3382 Dominicus
1010 3331 1160 3380 Gentis
1180 3327 1356 3377 Ordinis
1383 3326 1705 3376 Praedicatorum
1723 3363 1739 3386 ‚
1770 3328 1846 3378 SS.
1868 3328 2101 3398 Theologiae
2128 3328 2336 3395 Magister
2349 3364 2373 3388 ,-

773 3402 949 3470 ejusdem
977 3405 1023 3449 in
1051 3398 1331 3466 universitate
1359 3397 1596 3467 Colonietfi
1622 3398 1782 3448 Doc‘lor
1797 3435 1814 3458 ‚
1840 3418 1888 3449 ac
1914 3399 2094 3467 Collegii
2123 3399 2365 3464 Casimaten-

756 3476 824 3544 fis
854 3474 905 3524 de
924 3470 1044 3524 Urbe
1063 3469 1300 3538 Theologus
1317 3505 1335 3527 ,
1344 3484 1422 3536 pro
1439 3467 1626 3518 Natione
1640 3470 1885 3520 Germanica
1899 3506 1916 3529 ,
1943 3489 2062 3521 manu
2083 3473 2257 3536 propria
2274 3505 2289 3518 .

957 3687 1603 3733 IMPRIMATUR.

460 3788 737 3833 Pr.Nicolaus
765 3785 920 3844 Ridoffi
952 3787 1039 3830 Sac.
1065 3783 1211 3829 Palatii
1239 3781 1498 3841 Apost.Mag-
1524 3780 1623 3825 Ord.
1657 3779 1994 3829 Praedicatorum.
2066 3844 2139 3887 PR
2156 3844 2262 3887 ΕΜ
