2658 4244
142 0 171 72 arv-§²2³3

137 251 139 254 '
140 71 163 203 uqa-3⁴3.

989 218 1150 304 Sub
1172 230 1189 275 ³?
1210 206 1421 304 Sixto
1464 212 1584 306 V.

249 346 433 384 aternam
456 334 743 382 beatitudinem
769 333 931 378 valeant
949 331 1107 375 facilius
1121 347 1267 387 perve-

245 400 332 440 nire
345 426 359 449 ‚
373 397 513 441 mediis
526 399 756 454 opportunis
769 394 962 442 excitare,
977 388 1268 446 infrascriptum

243 459 407 500 Patrem
446 457 704 498 Clementem
737 451 963 506 Magistrum
991 453 1106 491 Gene
1116 451 1241 493 ralem
1255 479 1270 500 ,

243 529 290 556 ac
310 514 516 570 singulares
530 512 717 568 personas
746 506 979 555 Conventus
997 506 1148 549 Domus
1173 524 1270 564 prae-

245 575 354 616 dictae
365 602 379 626 ‚
396 575 416 616 a
431 569 625 628 quibusvis
639 568 1058 613 excommunicationis
1072 594 1086 616 2
1112 566 1267 623 suspen-

243 634 356 675 sionis
385 660 399 683 ,
440 632 480 670 &
507 627 708 669 interdicti
735 657 750 679 ,
788 625 948 680 aliisque
981 624 1264 668 Ecclefiat'ticis

241 691 446 737 ssntentiis
460 717 473 738 ,
496 685 667 727 censuris
706 688 742 727 &
774 687 904 742 poenis
933 685 953 726 ἆ
982 683 1070 739 jure
1084 713 1097 735 ‚
1124 685 1190 727 vel
1217 686 1264 727 ab

240 752 402 798 homine
419 777 432 798 ,
457 743 592 800 quavis
607 747 812 787 occafione
827 773 840 795 ‚
863 745 930 786 vel
945 742 1060 786 causa
1089 743 1179 787 latis
1193 771 1208 794 ,
1239 743 1264 785 s1

235 812 379 870 'quibus
393 804 698 864 quomodolibet
714 800 890 846 innodati
906 801 1073 846 existunt
1091 829 1105 852 ‚
1136 802 1183 847 ad
1207 801 1268 844 ef·

235 873 381 915 fectum
409 862 653 920 praesentium
695 862 885 906 duntaxat
922 859 1243 918 consequendum
1256 885 1269 907 ‚

235 933 375 972 harum
391 923 490 966 serie
506 919 758 964 absolventes
771 949 784 972 2
803 922 842 962 δι
858 919 1059 962 absolutos
1074 919 1161 962 fore
1177 935 1268 963 cen—

230 989 392 1034 sentes:
421 985 536 1024 Motu
564 981 726 1035 proprio
744 1007 758 1029 a
785 994 863 1021 non
878 979 926 1021 ad
943 977 1107 1034 alicujus
1133 980 1261 1021 Nobis

232 1044 402 1100 desuper
417 1041 557 1083 oblatae
570 1039 776 1094 petitionis
791 1038 1008 1082 instantiam
1019 1065 1033 1087 2
1048 1036 1115 1080 sed
1130 1037 1183 1079 de
1196 1054 1261 1081 no.

231 1105 307 1146 stra
323 1115 432 1144 mera
445 1099 693 1141 liberalitate
708 1127 721 1148 a
746 1099 782 1138 &
797 1108 905 1140 certa
922 1095 1082 1137 scientia
1095 1125 1109 1147 ,
1127 1098 1163 1139 in
1182 1099 1262 1139 Ec-

232 1163 348 1206 clesla
372 1156 524 1203 Domus
543 1184 556 1206 ,
575 1159 615 1198 &
629 1157 678 1199 ad
694 1155 834 1198 Altare
864 1152 1082 1211 hujusmodi
1109 1184 1123 1206 ,
1145 1171 1263 1202 unam

229 1216 730 1265 Archiconfraternitatem
761 1213 964 1269 utriusque
989 1210 1122 1255 Sextisv
1139 1216 1262 1257 Chri-

229 1278 456 1322 stifidelium
470 1304 484 1326 ‚
496 1276 567 1330 qui
583 1272 808 1321 Chordam,
823 1286 894 1325 per
910 1271 972 1326 eju
981 1270 1084 1312 stiem
1099 1273 1260 1313 Ordinis

228 1339 390 1380 Fratres
406 1335 489 1390 geri
505 1332 659 1375 solitam
674 1359 686 1381 ,
706 1344 754 1371 ex
770 1329 934 1370 illorum
950 1327 1169 1369 devotione
1185 1328 1259 1370 de-

226 1394 359 1441 ferant
381 1422 395 1445 ,
422 1406 468 1433 ac
492 1390 559 1433 illa
575 1390 785 1444 cingantur
800 1384 867 1427 sub
888 1385 1144 1429 invocatione
1160 1385 1261 1443 ejus-

227 1454 320 1495 dem
338 1456 375 1495 S.
397 1446 593 1492 Francisci
610 1476 625 1499 ‚
653 1443 882 1500 Apostolica
905 1443 1142 1487 auctoritate
1157 1473 1170 1494 ‚
1198 1455 1261 1486 te-

226 1525 325 1555 nore
342 1506 590 1564 praesentium
605 1536 619 1559 ,
646 1503 845 1562 perpetuo
859 1501 1047 1559 erigimus
1063 1530 1078 1554 2
1099 1503 1139 1543 &
1152 1502 1261 1545 insti..

226 1571 370 1614 tuimus
389 1598 400 1609 .

284 1630 344 1671 Ut
367 1636 501 1670 autem
517 1625 593 1680 ipsa
609 1619 1035 1666 Archiconsraternitas
1053 1648 1067 1670 ‚
1088 1621 1265 1664 Consta-

227 1697 334 1732 trum
354 1684 703 1740 Chordigerorum
718 1678 884 1737 praefatae
908 1677 1081 1725 chordae
1101 1693 1270 1723 numero

224 1747 265 1789 in
281 1745 368 1788 dies
385 1744 506 1800 magis
531 1741 719 1797 ampliata
739 1739 983 1788 decoretur,
998 1738 1140 1793 ipsique
1155 1743 1266 1781 Con-

225 1806 374 1847 fratres
400 1804 448 1846 ad
475 1804 630 1858 piorum
644 1811 814 1855 operum
841 1797 1079 1838 exercitium
1093 1811 1266 1854 propen-

223 1866 344 1907 fiores
362 1860 584 1907 reddantur
599 1888 614 1911 ,
637 1871 682 1899 ac
709 1856 757 1899 ad
788 1855 1034 1905 Ecclesiam,
1059 1858 1098 1897 &
1120 1856 1263 1898 Al‘tare

224 1919 450 1978 hujusmodi
463 1915 697 1962 devotionis
713 1912 833 1957 causa
848 1914 1049 1955 confluant
1065 1944 1078 1965 ,
1094 1916 1173 1969 quo
1194 1929 1264 1968 per

223 1983 301 2023 hoc
317 1979 356 2020 se
372 1976 518 2030 majora
534 1974 695 2017 caelestis
710 1973 843 2028 gratiae
857 1971 962 2012 dona
991 1974 1255 2028 cognoverint

224 2037 404 2094 adipisci,
417 2037 468 2080 de
482 2034 779 2089 Omnipotentis
800 2030 874 2072 Dei
891 2030 1162 2075 misericordia
1176 2060 1190 2082 ‚
1212 2046 1258 2073 ac

224 2101 440 2142 Beatorum
470 2094 582 2138 Petri
615 2121 633 2143 ,
673 2093 712 2132 &
737 2090 848 2134 Pauli
876 2090 1156 2144 Apostolorum
1172 2089 1260 2146 ejus

224 2158 466 2201 aufioritate
481 2150 616 2195 confifi
628 2180 642 2201 ,
657 2151 838 2192 omnibus
851 2177 864 2199 ‚
881 2150 917 2189 &
935 2148 1091 2205 singulis
1111 2148 1256 2191 utrius-

223 2229 304 2272 que
319 2211 442 2257 sexus
457 2208 797 2254 christifidelibus
815 2237 829 2259 ,
852 2207 918 2262 qui
946 2209 1041 2248 vere
1056 2210 1259 2261 poeniten-

225 2284 289 2316 tes
306 2301 320 2323 ,
344 2274 384 2315 δε
408 2268 567 2313 confessi
584 2296 599 2318 ‚
623 2283 667 2311 ac
693 2266 890 2322 praefatam
915 2265 1123 2308 Chordam
1139 2295 1152 2317 a
1174 2282 1258 2322 quae

221 2333 334 2390 prius
347 2332 368 2371 a
384 2327 664 2386 Superioribus
691 2326 786 2368 dieti
811 2324 976 2367 Ordinis
993 2325 1176 2367 benedici
1192 2325 1265 2367 de-

223 2392 320 2433 beat
336 2416 351 2439 2
373 2388 423 2431 ad
451 2385 744 2438 reverentiam,
765 2388 804 2428 ὃς
827 2386 1061 2425 memoriam
1087 2383 1266 2440 ejusdem

223 2451 265 2490 S.
283 2444 480 2490 Francisci
498 2454 688 2500 gerentes
703 2473 717 2495 ,
748 2444 938 2498 sacraque
956 2442 1256 2485 Communione

223 2502 365 2546 refecti
390 2531 403 2553 ‚
433 2502 636 2556 praesatam
665 2499 1171 2543 Archiconfraternitatem
1196 2499 1256 2539 in-

224 2560 492 2617 gredientur,
516 2559 583 2599 die
609 2560 734 2614 prima
759 2560 921 2600 illorum
950 2555 1146 2612 ingressus
1168 2582 1183 2605 ,
1209 2568 1259 2596 ac

222 2621 264 2662 in
279 2619 420 2664 mortis
434 2617 609 2672 ipsorum
624 2616 798 2658 articulo
814 2645 836 2669 ,Ι
850 2619 1008 2659 Nomen
1020 2615 1151 2671 JESU
1165 2616 1259 2664 ore,'

220 2677 290 2731 fvel
306 2676 432 2719 corde
450 2676 726 2717 invocantibus
739 2703 752 2725 ‚
771 2674 793 2715 fi
809 2675 931 2717 etiam
949 2673 1043 2716 vere
1057 2671 1257 2726 poeniten-

222 2745 282 2779 tes
301 2763 316 2787 ‚
347 2737 386 2776 &
412 2732 573 2775 consesfi
598 2731 776 2781 fuerint,
802 2732 1021 2787 plenariam
1047 2730 1256 2772 omnium...

218 2802 482 2851 peccatorum
499 2790 661 2833 suorum
675 2789 975 2845 Indulgentiam
988 2817 1002 2839 ,
1016 2791 1052 2829 8<
1069 2787 1257 2829 remissio-

219 2854 384 2895 nem2Et
398 2850 557 2906 insuper
571 2849 708 2891 eidem
722 2846 1192 2897 Archiconfraternitati‚
1208 2846 1256 2887 il-

221 2908 375 2965 liusque
392 2906 674 2951 Confratribus
689 2919 827 2949 omnes
841 2935 855 2957 ‚
869 2908 908 2947 &
926 2905 1092 2962 fingulas
1109 2905 1253 2946 Indul-

218 2969 373 3024 gentias
387 2995 402 3018 3
423 2968 463 3008 ἃ.
476 2975 731 3021 peccatorum
750 2964 989 3007 remiffiones
1006 2994 1018 3016 ,
1035 2977 1080 3004 ac
1096 2963 1251 3004 relaxa-

218 3028 348 3069 tiones
364 3022 819 3067 Archiconfraternitati
836 3019 1078 3065 Confalonis
1107 3024 1148 3062 B.
1170 3023 1254 3063 Ma-

215 3084 519 3139 riaeVirginis,in
531 3083 708 3125 Ecclesia
724 3081 899 3124 S-Luci‘ae
914 3082 965 3123 de
977 3081 1089 3125 Urbe
1105 3078 1258 3121 institu-

216 3151 266 3185 tae
280 3171 295 3194 2
316 3157 388 3185 nec
405 3156 485 3184 non
503 3141 687 3197 praedieto
705 3140 849 3183 Ordini
863 3168 878 3190 ‚
906 3154 952 3181 ac
971 3139 1076 3182 iilius
1106 3138 1251 3180 Fratri-

216 3199 289 3243 bus
306 3230 319 3252 ,
342 3203 380 3242 81.
398 3200 572 3254 personis
587 3230 601 3251 ,
624 3199 945 3255 quandocunque
959 3227 971 3249 ‚
996 3200 1036 3239 &
1051 3210 1124 3250 per
1138 3195 1251 3252 quos:

219 3272 378 3317 cunque
395 3261 599 3302 Romanos
616 3254 1155 3312 Pontifices,praedeceffores
1172 3269 1244 3296 no-

934 3401 1010 3467 N
1133 3398 1207 3461 O-

2195 259 2293 324 41

1328 335 1424 380 stros
1441 360 1456 383 a
1480 347 1525 375 ac
1540 333 1663 375 etiam
1683 344 1756 389 per
1771 335 1858 375 Nos
1875 333 2070 378 conceffas
2087 365 2101 388 ‚
2128 341 2255 393 quoad
2277 334 2364 383 illas

1329 392 1480 436 tantum
1497 420 1511 442 ,
1538 405 1622 447 qucc
1636 393 1822 433 haftenus
1855 405 2050 435 revocatae
2068 410 2144 437 non
2164 396 2327 440 fuerunt
2344 428 2359 451 ,

1329 462 1440 493 motu
1454 478 1469 500 2
1495 452 1532 490 &
1548 451 1783 492 auc‘toritate
1798 479 1813 500 ‚
1840 463 1886 490 ac
1904 461 2045 492 tenore
2063 453 2250 497 similibus
2265 486 2280 508 ‚
2315 472 2362 499 ac

1329 514 1450 552 etiam
1463 511 1664 576 perpetuo
1679 508 1937 551 concedimus
1951 535 1967 557 a
1992 511 2031 550 &
2044 511 2261 568 elargimur
2275 543 2290 566 2
2313 529 2360 558 ac

1328 581 1670 611 communicamus
1686 595 1697 608 .

1384 626 1605 677 Postremo,
1620 625 1769 667 dilecto
1783 623 1866 666 filio
1884 626 2011 667 Fratri
2030 628 2238 674 Clementi
2254 637 2362 675 Bon..

1326 685 1506 736 tadofi0‚
1534 698 1638 726 nunc
1656 686 1723 736 ,ὃς
1750 699 1824 739 pro
1840 695 2027 740 tempore
2054 689 2232 731 existenti
2263 692 2359 734 diffi

1324 744 1487 788 Ordinis
1502 743 1696 786 Generali
1721 743 1913 798 Magistro
1942 746 2125 787 Fratrum
2153 750 2358 792 Minorum

1326 802 1668 848 Conventualium
1683 813 2000 856 nuncupatorum
2014 833 2029 852 ,
2049 808 2356 858 quascunque-u

1328 860 1698 908 Confratemitates
1713 890 1729 910 ,
1754 860 1955 916 utriusque
1977 860 2087 903 sexus
2103 864 2356 906 christifide-

1325 925 1425 966 lium
1438 921 1787 976 Chordigerorum
1801 918 2046 976 hujusmodi,
2064 921 2101 962 in
2121 921 2355 977 quibuscun-

1325 997 1402 1039 que
1417 980 1604 1027 Ecclesiis
1622 980 1840 1022 Domorum
1858 1007 1871 1029 ,
1899 988 1979 1020 tam
2008 978 2208 1023 Minorum
2242 983 2358 1020 Con-

1322 1040 1568 1086 ventualium
1579 1067 1593 1089 2
1607 1038 1723 1094 quam
1737 1037 2035 1094 Capucinorum
2049 1066 2064 1089 ,
2083 1039 2122 1079 &
2136 1041 2186 1082 de
2203 1037 2356 1079 Obser-

1322 1099 1454 1142 vantia
1485 1106 1800 1151 nuncupatorum
1829 1098 2015 1138 Fratrum
2041 1097 2319 1152 praedie'torum
2337 1126 2353 1149 ‚

1322 1160 1361 1200 in
1377 1158 1674 1213 quibuscunque
1692 1155 1834 1198 Mundi
1852 1154 2032 1210 partibus
2048 1184 2061 1206 ‚
2090 1158 2130 1197 ὃς
2156 1156 2254 1199 locis
2279 1170 2353 1211 pro

1320 1227 1504 1271 tempore
1540 1213 1751 1268 erigendi,
1783 1216 1821 1256 &
1860 1214 2116 1266 instituendi,
2159 1213 2324 1270 illasque
2339 1242 2356 1265 ,

1319 1274 1522 1330 postquam
1539 1274 1677 1315 erectae
1696 1299 1710 1321 2
1732 1275 1771 1312 &
1786 1269 2135 1316 institutae-fuerint
2150 1302 2164 1324 ,
2182 1273 2352 1328 p-raesatae

1321 1328 1774 1373 Archiconsraternitati
1798 1343 1868 1384 per
1887 1328 2095 1385 praesentes
2119 1335 2258 1373 erectae
2273 1359 2287 1381 ‚
2310 1332 2352 1370 &

1320 1390 1501 1430 institutae
1514 1416 1528 1438 3
1555 1401 1644 1428 cum
1669 1388 1851 1429 omnibus
1864 1415 1879 1437 ‚
1900 1389 1940 1428 &
1953 1387 2112 1442 singulis
2129 1389 2352 1442 Indulgen-

1321 1447 1387 1488 tiis
1404 1476 1418 1498 ,
1445 1444 1727 1491 remiffionibus
1744 1454 2033 1498 peccatorum,
2062 1447 2102 1486 &
2128 1446 2351 1488 relaxatio-

1319 1502 1719 1560 nibusaggregandi,
1746 1518 1790 1545 ac
1816 1502 1912 1558 ipsas
1939 1504 2216 1559 Indulgentias
2242 1503 2350 1554 illis,

1322 1566 1362 1606 &
1373 1577 1510 1607 earum
1520 1560 1802 1604 Confratribus
1816 1562 2160 1614 communicandi,
2177 1563 2351 1618 pariter·-

1325 1638 1404 1680 que
1421 1619 1671 1664 concedendi
1689 1648 1703 1670 2
1733 1621 1919 1675 plenam,
1942 1621 2108 1663 liberam
2125 1649 2138 1671 ‚
2157 1623 2196 1663 &
2216 1620 2353 1663 omni-l

1328 1682 1488 1725 modam
1516 1677 1777 1728 facultatem,
1807 1679 1847 1718 &
1873 1681 2150 1721 auetoritatem
2178 1680 2351 1729 damus,

1326 1737 1632 1785 &concedimus
1645 1767 1658 1789 2
1681 1745 1799 1793 prout
1816 1740 1900 1780 Nos
1915 1737 2071 1780 easdem
2083 1750 2220 1779 omnes
2238 1740 2352 1779 Con-

1326 1798 1599 1842 fraternitates
1621 1811 1669 1839 ex
1701 1810 1835 1846 nunc,
1867 1805 1984 1851 prout
2011 1810 2060 1838 ex
2092 1806 2186 1838 tunc
2203 1823 2216 1847 ,
2242 1795 2350 1851 post-

1324 1873 1440 1915 quam
1459 1858 1621 1906 ειεξιτ,
1650 1857 1691 1895 &
1715 1854 1890 1896 institutae
1910 1853 2086 1905 suerint,
2115 1853 2182 1907 ipsi
2203 1855 2349 1896 Archi-

1323 1915 1643 1959 consraternitati
1659 1942 1672 1964 ,
1689 1927 1763 1969 ρει
1777 1914 1985 1966 praesentes
2002 1915 2143 1955 ειεξιτ
2157 1940 2171 1962 ,
2188 1915 2226 1953 &
2242 1911 2351 1953 insti·-

1317 1986 1411 2018 tutae
1428 1971 1653 2029 hujusmodi
1667 2000 1680 2022 a
1702 1966 1963 2026 aggregamus
1978 1999 1992 2022 ‚
2008 1969 2263 2026 praefatasque
2280 1972 2351 2010 In-

1317 2033 1551 2089 dulgentias-
1572 2030 1650 2072 illis
1666 2059 1679 2081 a
1703 2031 1742 2070 &’
1769 2041 1906 2071 earum
1932 2027 2212 2072 Confratribus
2236 2042 2350 2083 com-

1318 2089 1560 2134 municamus
1578 2117 1592 2139 ‚
1619 2090 1657 2130 &
1671 2087 1951 2130 concedimus.

1376 2154 1659 2192 Decernentes
1672 2145 1830 2188 easdem
1850 2146 2239 2201 praesentes-literas‚
2264 2144 2351 2187 nul:

1317 2210 1358 2251 ro
1372 2222 1544 2263 unquam
1561 2217 1743 2261 tempore
1758 2205 1809 2247 de
1824 2205 2093 2262 subreptionis
2109 2234 2124 2257 ,
2146 2206 2210 2247 vel
2226 2205 2347 2247 obre-

1315 2268 1461 2324 ptionis
1478 2296 1491 2316 ,
1523 2275 1594 2307 aut
1622 2263 1814 2306 nullitatis
1843 2265 1968 2315 vitio,
1999 2263 2314 2306 vel-intentionis
2328 2292 2347 2316 ‚

1326 2326 1390 2371 seu
1406 2326 1590 2380 quopiam
1616 2323 1696 2364 alio
1721 2320 1880 2363 defet‘iu
1910 2323 2067 2374 notari,
2093 2321 2346 2378 impugnari,

1325 2383 1613 2426 vel‘retrae‘tari
1629 2410 1642 2432 ‚
1665 2391 1740 2423 aut-
1753 2382 1934 2422 revocari
1947 2392 1964 2431 '‚
1989 2381 2189 2422 ullatenus
2210 2377 2343 2434 posse,

1317 2456 1448 2498 neque
1463 2441 1646 2489 debere;
1676 2437 1742 2479 sed
1759 2441 1940 2492 semper,
1966 2441 2006 2479 δε
2033 2439 2071 2479 ἱη
2106 2447 2347 2492 perpetuum

1316 2498 1466 2540 validas
1477 2525 1490 2546 ‚
1505 2499 1544 2536 &
1557 2495 1740 2537 efficaces
1755 2495 1923 2536 existere
1934 2495 2126 2551 ,suosque
2144 2495 2346 2550 plenarios

1313 2555 1473 2597 effeetus
1496 2553 1628 2595 sortiri
1646 2552 1798 2594 debere
1815 2580 1831 2592 .

1371 2618 1464 2657 Non
1481 2611 1722 2654 obstantibus
1738 2611 1934 2665 praemiffis·
1945 2639 1959 2661 ,
1982 2626 2029 2653 ac
2044 2613 2201 2667 Regula
2215 2612 2345 2655 nostra

1317 2672 1369 2715 de
1387 2670 1653 2726 Indulgentiis
1680 2669 1860 2712 adinstar
1875 2684 1952 2711 non
1972 2670 2240 2712 concedendis
2255 2699 2268 2720 ‚
2300 2684 2344 2712 ae

1317 2731 1404 2772 aliis
1421 2728 1808 2777 Constitutionibus,
1831 2730 1868 2769 &
1887 2727 2217 2771 ordinationibus
2235 2733 2348 2783 Apo-

1321 2789 1466 2831 stolicis
1494 2815 1508 2838 ‚
1538 2785 1767 2842 caeterisque
1791 2786 2005 2845 contrariis
2019 2787 2347 2843 quibuscunque.

1373 2846 1487 2890 Nulli
1501 2857 1598 2899 ergo
1611 2846 1686 2887 &c.
2272 2840 2275 2842 ’

1373 2909 1521 2948 Datum
1546 2905 1685 2945 Romae
1713 2900 2016 2956 apud'Saneium
2043 2907 2208 2947 Petrum
2224 2905 2344 2946 Anno

1312 2962 1602 3007 rncarnationis
1633 2961 1849 3004 Dominicae
1864 2971 2109 3007 M.nt.xxxv.
2137 2978 2228 3006 xiii.
2250 2963 2348 3005 Kal-

1318 3020 1553 3067 Decembris
1564 3048 1578 3072 ,
1604 3017 1862 3064 Pontificatus
1878 3020 1994 3063 nostri
2012 3024 2134 3063 Anno
2149 3024 2286 3064 Primo

2054 3083 2110 3123 H.
2125 3083 2227 3123 Data

1367 3198 1540 3252 Exempl.
1568 3196 1726 3254 imprass
1745 3196 1855 3238 nullm
1882 3198 1926 3237 in
1942 3196 2108 3239 Archivo
2123 3210 2214 3251 gen.
2245 3194 2342 3236 Ora*-

1415 3260 1528 3300 Anm.
1554 3252 1926 3312 Aut11ent.infafc.
1943 3254 2107 3312 Impres.
2120 3268 2224 3297 num.
2240 3264 2283 3301 5.

1328 3404 1619 3469 TA·-

215 3553 488 3641 CApientpx
500 3560 602 3608 hujus
616 3557 890 3599 Constitutionis
903 3567 1021 3595 tenore
1035 3557 1290 3597 nostri‘Fratres
1302 3584 1315 3604 ‚
1323 3558 1420 3607 flmd
1436 3558 1562 3596 ereffio
1576 3556 1883 3596 Confi-‘aternitatis
1899 3556 2047 3594 Chordae
2062 3554 2342 3598 S.P.Francisci”‚

312 3604 443 3640 Ordxtn
458 3607 904 3647 RR.PP.c0nventualium
916 3609 963 3643 ita
978 3606 1329 3655 privative'competat
1342 3634 1355 3652 ,
1368 3619 1406 3644 ut
1420 3607 1678 3655 privilegiorum
1694 3606 1960 3643 communicatio
1971 3630 1982 3649 ‚
1995 3609 2062 3654 qua
2078 3605 2161 3642 alias
2174 3616 2251 3640 cum
2265 3615 2338 3641 me*

215 3663 351 3689 morato
365 3652 495 3690 Ordine
509 3658 715 3701 gaudemus,
732 3657 833 3693 nobis
846 3658 889 3692 ad
900 3655 1058 3693 effeetum
1070 3655 1183 3691 similis
1197 3657 1375 3693 erefflonis
1389 3681 1401 3700 ‚
1424 3656 1691 3703 independenter
1705 3655 1859 3691 faciendae
1869 3679 1883 3698 ‚
1895 3656 2093 3692 *nullatenus
2107 3655 2309 3699 suffragetur
2320 3673 2339 3694 ,

214 3701 267 3756 uti
281 3702 368 3738 bene
384 3701 538 3739 observat
554 3728 568 3747 ‚
582 3710 614 3740 &
629 3705 804 3742 concludit
815 3705 927 3741 noster
943 3706 980 3740 P.
998 3705 1229 3752 Hieronymus
1243 3707 1262 3741 ἑ
1282 3706 1381 3742 sorbo
1394 3706 1452 3752 (a)
1465 3705 1555 3740 Cum
1571 3716 1684 3741 tamen
1695 3704 1904 3751 suprapolita
1916 3706 2129 3742 constitutio
2152 3699 2386 3742 Reverenss)
2410 3701 2447 3728 ¹⁶
2463 3706 2534 3730 ‘'W”

212 3749 345 3785 drffimo
362 3750 400 3785 P.
420 3751 585 3796 Magistro
597 3754 764 3790 Gener-ali
774 3754 842 3789 PP.
857 3753 1147 3789 Conventualium
1159 3754 1263 3796 ,hanc
1276 3754 1603 3792 Confraternitatem
1632 3752 1665 3790 in
1676 3753 1795 3788 nostris
1814 3753 1963 3790 Ecclefiis
1974 3754 2171 3791 instituendi
2185 3778 2199 3797 ,
2222 3753 2256 3787 8(
2269 3753 2279 3788 i
2284 3767 2323 3790 n,
2333 3742 2420 3776 P‘nd·
2440 3741 2529 3780 privi-

213 3796 360 3836 stitutam
369 3799 627 3839 Archiconfrate
633 3802 745 3841 mirati
759 3799 920 3838 Affistenfi
933 3801 1069 3838 uniendi
1083 3800 1269 3849 expressam
1280 3804 1442 3847 concedat
1457 3802 1647 3838 facultatem
1656 3825 1669 3846 ,

1694 3802 1729 3837 8<
1743 3802 1843 3838 etiam
1856 3802 2041 3851 aliquando
2055 3805 2139 3840 Eam
2153 3802 2245 3859 apud
2257 3812 2320 3840 nos
2328 3782 2534 3859 ἕέεὲζηίἶῗιῧζ,

1691 3850 1716 3885 F
2100 3852 2134 3887 in
2150 3853 2268 3894 Locis,
2331 3866 2365 3891 επ
2384 3867 2433 3893 ςο,
