2704 4296
269 225 436 364 ‘m
926 273 1789 368 ISAGOGE.

279 389 531 455 vifibilia
564 435 580 460 ‚
625 390 863 454 Summi
909 390 1230 459 Pontifices
1286 395 1397 459 sese
1440 390 1883 461 conformantes
1913 438 1928 465 ‚
1974 396 2239 482 linguam
2284 397 2424 461 lati-

275 500 422 541 nam
457 480 524 539 in
556 476 749 540 Bullis
785 479 1110 551 adhibent,
1140 483 1465 571 solumque
1489 488 1693 570 lingua
1734 488 1969 567 vulgari
1999 492 2063 548 in
2100 488 2424 569 Chirogra-

273 565 416 649 phis
446 607 462 633 ‚
506 562 742 628 actibus
806 567 1195 649 judicialibus
1242 576 1358 634 διε.
1422 575 1520 633 seu
1564 574 1769 658 lingua
1820 571 2034 638 Graeca
2078 578 2144 635 in
2189 575 2376 636 Bullis
2405 613 2425 641 ‚

271 650 656 718 orientalem
706 653 1025 718 Ecclesiam
1065 654 1363 720 duntaxat
1408 659 1810 723 afficientibus
1846 703 1861 727 ,
1919 665 2088 744 juxta
2122 662 2424 726 Cardina-

268 740 351 800 les
401 739 482 801 de
527 740 702 803 Luca
741 781 756 806 ‚
813 744 875 802 δι
915 741 1155 803 Petram
1221 760 1483 806 utuntur
1511 791 1527 808 .
1575 746 1751 808 Hinc
1795 753 1859 810 &
1901 750 2124 811 ultimo
2157 754 2427 811 nomina-

84 863 140 908 (ᾗ)
179 861 253 898 [ω
269 842 366 889 tus
413 823 928 890 Eminentiffimus
973 850 1117 891 cum
1165 830 1448 893 Corrado
1494 835 1595 907 (h)
1641 834 1779 895 loco
1822 839 2004 896 citato
2050 834 2363 896 concludit
2403 862 2428 906 ,-

52 920 154 1009 {ZZJJ
176 911 253 996 β’ζ·
272 912 442 999 quod
467 960 486 988 ,
529 913 572 975 fi
616 917 680 976 in
720 910 895 975 Bulla
930 915 1263 977 universali
1309 937 1434 977 non
1481 917 1817 982 servaretur
1848 921 2083 991 idioma
2118 922 2428 994 latinum,

56 1002 399 1064 ⁶·8·⁷1·49·haec
445 1000 690 1063 deberet
737 1000 921 1063 teneri
965 1000 1232 1084 suspecta
1264 1043 1278 1068 ‚
1335 1003 1445 1065 ubi
1492 1019 1695 1068 tamen
1729 1007 2047 1089 adiungit,
2084 1011 2139 1083 fi
2178 1016 2424 1084 constaret

266 1092 330 1146 de
361 1090 631 1146 voluntate
663 1092 814 1164 Papa
846 1131 862 1156 ,
906 1090 1050 1145 nulla
1096 1092 1241 1146 cadit
1286 1091 1565 1166 difficultas
1601 1137 1615 1160 ‚
1658 1109 1717 1150 ut
1758 1092 2000 1172 obligaret
2031 1138 2048 1166 ‚
2094 1097 2219 1171 quia
2249 1097 2308 1150 in
2340 1095 2425 1152 hoc

266 1177 416 1233 nulla
462 1178 606 1249 adast
648 1177 732 1232 lex
777 1177 1035 1229 contraria
1068 1213 1082 1238 ,
1129 1184 1198 1239 (ς’
1243 1192 1493 1248 quatenus
1540 1180 1717 1253 adeffit
1743 1223 1756 1247 ,
1785 1181 2115 1258 sucheretur
2159 1181 2424 1258 disposttio-

262 1267 320 1318 ni
350 1264 626 1335 Pontificiae
654 1299 670 1325 ‚
698 1259 836 1334 sed,
879 1260 1009 1334 quia
1052 1279 1150 1314 non
1180 1259 1491 1334 supponitur
1525 1267 1735 1336 Papam
1777 1264 1983 1342 receffiffi⁸
2024 1267 2056 1321 ἃ
2101 1269 2242 1345 Stylo
2265 1310 2282 1336 ,
2310 1271 2424 1341 idea

262 1350 347 1409 ille
390 1347 721 1425 consulendus
751 1383 768 1409 ,
817 1345 907 1401 vel
949 1339 1077 1401 certe}
1119 1346 1408 1404 videndum
1438 1350 1497 1405 de
1523 1347 1816 1426 legalitate,
1861 1353 1954 1432 vel
1981 1352 2255 1412 voluntate
2275 1397 2307 1412 .-

731 1516 786 1603 S
887 1514 962 1605 E
1060 1514 1141 1603 C
1241 1517 1321 1605 T
1419 1518 1467 1605 I
1566 1520 1656 1608 O
1851 1520 1967 1607 Vr
2202 1620 2205 1623 ,

350 1695 491 1780 De
528 1692 849 1821 *nomine
916 1686 1149 1805 Papae
1184 1755 1205 1785 ‚
1266 1687 1473 1804 quod
1533 1688 1775 1777 Bullis
1820 1697 2287 1810 praeponitur
2309 1756 2326 1777 .

350 1862 675 1949 Ncipiunt
703 1861 887 1926 Bullae
929 1866 962 1927 a
997 1868 1248 1927 nomine
1277 1911 1291 1936 ,
1342 1864 1512 1952 quod
1547 1867 1712 1948 Papa
1749 1869 1813 1929 in
1847 1866 1949 1931 sua
1982 1866 2220 1934 assumit
2249 1864 2418 1935 creass
2529 1867 2533 1871 ’

384 1957 580 2015 tione.
625 1952 740 2016 Pro
773 1970 902 2037 quo
944 1952 1259 2014 sciendum
1303 1953 1386 2015 est
1412 1994 1428 2019 ,
1474 1953 1650 2039 quod
1684 1953 1854 2016 illico
1882 1998 1899 2023 ‚
1942 1978 2013 2018 ac
2043 1955 2122 2016 ad
2153 1959 2419 2042 Aposto-

261 2039 363 2102 lici
382 2037 766 2123 Principatfis
799 2037 1038 2100 Solium
1069 2038 1152 2101 est
1182 2040 1427 2109 decius,
1452 2040 1859 2124 praehabitum
1886 2063 2106 2105 nornen
2128 2043 2426 2128 deponat,

262 2128 430 2188 acin
464 2124 639 2185 aliud
679 2124 781 2186 fibi
818 2129 1103 2189 immutet
1135 2172 1148 2186 .
1204 2127 1410 2191 filecto
1437 2170 1452 2194 ‚
1499 2128 1641 2191 olim
1685 2149 1908 2193 nomen
1950 2127 2028 2193 ab
2076 2130 2209 2193 aliis
2251 2128 2418 2193 fuisse

260 2209 614 2295 impositum
637 2257 651 2280 ‚
691 2214 962 2276 innuunt
995 2213 1311 2277 Chronica
1347 2216 1531 2279 Cafin
1566 2214 1662 2278 lib.
1700 2238 1750 2299 3.
1796 2237 1845 2279 e.
1885 2212 1980 2280 65.
2002 2217 2155 2278 dum
2188 2217 2266 2278 de
2298 2220 2420 2282 De-

261 2296 472 2359 siderio
497 2338 514 2363 ,
560 2303 614 2363 S.
648 2298 919 2363 Caeciliae
956 2299 1271 2363 Cardinali
1294 2347 1308 2370 ‚
1347 2308 1411 2365 &
1456 2300 1777 2373 Cafinense
1809 2302 2061 2366 Abbate
2090 2302 2152 2365 in
2190 2305 2418 2390 Papam

260 2384 448 2446 eleeto
482 2383 740 2449 dicunt:
780 2390 836 2446 V
838 2391 1008 2443 moris
1037 2392 1084 2445 ei
1113 2411 1288 2446 nomen
1328 2387 1591 2467 imponunt
1613 2435 1628 2458 ‚
1660 2394 1723 2452 &
1755 2393 1923 2471 juxta
1954 2388 2254 2453 Platinam
2297 2394 2416 2454 Pri-

261 2474 551 2533 miscrinii
578 2518 594 2542 ,
641 2473 706 2535 id
748 2471 832 2535 est
862 2520 890 2544 ,,
925 2474 1336 2540 Protonotarii
1380 2475 1536 2539 illud
1581 2480 1894 2560 imponere
1933 2473 2412 2541 solebant:.hinc

262 2558 341 2617 de
378 2559 758 2622 Paschalell.
797 2562 1056 2639 loquens
1086 2564 1207 2632 ait;
1241 2570 1337 2619 Cui
1362 2570 1524 2639 postea
1542 2564 1919 2640 Primiscrinii,
1946 2562 2123 2619 Scriba
2162 2569 2413 2642 Regionu-

261 2646 332 2699 rii
369 2643 640 2719 Paschalis
678 2665 854 2700 nomen
880 2645 1141 2708 indidssre.
1172 2644 1307 2708 Jam
1344 2653 1494 2707 veri)
1529 2649 1609 2709 ab
1643 2653 1771 2730 ipso
1800 2647 2010 2711 Elesto
2047 2667 2285 2710 novum
2310 2671 2418 2712 no·

52 2748 411 2798 (1)⁷·0m.2.men·
433 2727 543 2791 fibi
580 2733 853 2815 imponi,
888 2732 1086 2794 Erimus
1107 2729 1299 2794 Card.
1317 2731 1488 2794 Petra
1534 2731 1615 2816 (i)
1639 2777 1654 2801 ,
1699 2752 1776 2794 ex
1811 2734 2070 2801 ratione,
2104 2734 2276 2815 quod
2308 2756 2416 2799 no-

202 2811 218 2835 0

52 2798 244 2888 {imissl
265 2819 443 2879 minis
481 2817 786 2902 impositio
817 2813 900 2878 ad
935 2816 1300 2904 superiorem
1337 2822 1634 2903 pertineat
1657 2864 1673 2890 ,
1717 2818 1972 2882 affirmat
1999 2864 2015 2881 .
2054 2822 2418 2887 Autumant

263 2903 369 2968 alii,
408 2901 587 2985 hujus
629 2902 767 2967 ustis
800 2901 1107 2968 auctorem
1146 2907 1422 2990 Sergium
1454 2906 1531 2969 11.
1553 2952 1571 2980 ,
1603 2908 1703 2969 alii
1734 2907 2084 2970 Adrianum
2116 2907 2231 2971 111.
2263 2954 2278 2979 ,
2310 2910 2416 2971 alii

260 2990 556 3055 Joannem
590 2990 739 3054 XII.
779 2997 895 3056 διε.
925 2990 1206 3054 altefatus
1233 3008 1443 3056 autem
1469 2991 1980 3057 Eminentiffimus
2005 2993 2272 3078 Sergium
2300 2995 2414 3059 IV.

263 3077 440 3140 illum
472 3073 635 3140 fuiile
651 3078 972 3156 probabiliter
990 3077 1128 3140 loco
1159 3083 1347 3143 citato
1380 3080 1580 3144 censet
1602 3122 1619 3147 2
1649 3078 1962 3164 creditque
1987 3123 2003 3147 ,
2034 3080 2208 3162 quod
2229 3122 2245 3146 ,
2273 3103 2413 3144 cum

263 3164 368 3227 ille
407 3164 617 3227 Petrus
654 3182 1004 3232 vocaretur,
1044 3171 1503 3250 praerogativam
1537 3169 1717 3251 hujus
1750 3165 2010 3229 nominis
2045 3187 2190 3243 cum
2229 3169 2408 3232 Divo

264 3253 446 3315 Petro
478 3249 637 3336 quasi
669 3253 872 3336 partiri
904 3254 1202 3322 noluerit,
1231 3255 1580 3339 praesertim,
1603 3273 1748 3317 cum
1780 3251 1951 3314 illud
1965 3254 2035 3319 Ei
2062 3255 2414 3322 immediate

273 3339 306 3397 a
327 3338 606 3405 Christo,
649 3355 771 3401 tam
804 3341 867 3401 in
893 3339 1290 3404 ostenfionem
1335 3347 1449 3406 iuae
1482 3341 1794 3427 dignitatis
1819 3385 1833 3410 ,
1866 3338 1947 3402 ad
1985 3357 2172 3423 quam
2217 3337 2413 3403 suerat

273 3422 660 3497 sublimium,
707 3430 899 3509 quarn
943 3429 1009 3489 in
1055 3425 1283 3511 signum
1330 3428 1652 3492 soliditatis
1683 3470 1698 3497 ,
1754 3445 1874 3509 qua
1937 3423 2191 3488 Ecclesia
2237 3427 2412 3511 super

274 3506 469 3591 ipsum
502 3554 516 3577 ‚
557 3511 655 3576 ieu
700 3519 921 3572 Petram
957 3512 1218 3578 debebat
1264 3513 1588 3583 aedificari,
1624 3514 1973 3598 impolitum
2019 3510 2185 3574 fuiffe
2231 3518 2412 3575 remi-

65 3593 630 3693 (‚)1„H,·e‚11isce¹'etur;
668 3601 810 3663 inde
836 3599 1081 3669 dimisso
1118 3624 1191 3664 ex
1225 3608 1566 3666 reverentia
1599 3602 1758 3665 Petri
1786 3602 2031 3663 nomine
2054 3639 2068 3664 ,
2103 3601 2410 3685 Sergium-2

62 3692 256 3778 *⁰‡,²³‘J'L⁶·
279 3681 331 3740 se
375 3677 662 3764 appellari
703 3687 975 3751 voluerit
1001 3734 1016 3748 .
1062 3687 1510 3775 Qantumque
1550 3690 1680 3751 haec
1724 3691 1874 3749 ratio
1910 3685 2137 3751 devota
2173 3702 2408 3771 pareat,

59 3755 198 3885 {3213
203 3753 262 3826 ,ἐζ-ἰ
280 3768 336 3828 ei
378 3784 584 3831 tamen
628 3773 997 3863 contradicit
1043 3776 1247 3841 Macri
1293 3779 1381 3853 (l)
1429 3778 1585 3840 dum
1619 3773 1806 3859 Sergii
1842 3775 1959 3861 IV,
1999 3772 2410 3929 Antgcfffores

201 3863 213 3874 ‘
2177 3863 2196 3921 i
2227 3880 2327 3923 ve-
