2658 4244
948 257 1133 349 *Sub
1186 261 1261 348 S.
1331 260 1467 346 Pio?
1534 260 1636 351 V.

246 382 331 418 dum
345 383 478 430 appulit
495 406 507 427 ,
535 380 738 428 Evangelia
763 379 824 436 sua·
848 380 974 414 virtute
994 378 1112 435 posuit
1133 376 1192 423 (a)
1220 377 1378 434 Dymino
1402 376 1550 434 gloriam
1573 380 1614 435 iq
1635 379 1854 435 continenti,
1877 382 1919 425 &3
1933 386 2063 425 lauden}
2076 390 2148 440 ejus
2162 394 2201 428 in
2218 392 2369 441 Infulis,
2384 401 2428 437 (a)
2450 399 2489 439 Is.
2521 410 2568 438 42.

246 431 452 467 enuntiavit
467 457 480 477 ,
499 431 711 478 ,avidumque
725 429 843 466 saluus
859 427 1027 482 populum
1043 436 1089 462 ita
1103 427 1147 464 ad
1157 425 1357 462 devotlonls
1371 427 1483 467 studia
1496 427 1640 471 allexit,
1653 435 1691 463 ut
1710 430 1856 467 infirmis
1867 433 1910 468 ad
1929 434 2084 474 solatium
2102 441 2370 487 Nosocomium‚
2385 452 2416 472 v.
2442 450 2488 471 ιι.

2207 313 2291 379 31

248 479 284 514 &
299 479 424 515 Ordini
445 481 561 516 nostro
585 480 735 526 quinque
759 473 968 514 Monastena
982 499 995 518 ,
1019 487 1095 523 quae
1117 484 1312 522 ,temporum
1337 475 1510 511 neceffitas
1540 474 1653 521 postea
1670 477 1820 513 deserere
1829 484 1997 528 compulit
2011 509 2022 527 ,
2048 488 2203 526 aedfficari
2217 501 2370 527 curaret.

237 527 411 564 'Stadium
427 527 496 567 suae
506 525 662 569 mistionis
681 528 722 564 P.
737 525 890 571 ignatius·
902 524 1026 560 Caneae
1035 549 1051 568 ,
1071 535 1148 572 quae
1160 535 1225 582 131¹?
1239 536 1283 580 ἐξ(
1295 523 1536 581 ‘tribus-insulae
1543 524 1760 562 Civitatibus
1773 528 1821 564 est
1833 532 2033 578 ‚complevit
2042 559 2055 579 ,
2073 538 2131 573 ubi
2143 538 2201 577 diu
2213 540 2373 588 pendula:

248 587 327 612 ante
340 576 415 630 ejus
428 577 581 616 ‚tumbam
596 575 743 612 accenssu
756 586 823 611 tres
833 571 1004 620 lampades
1018 573 1214 626 Apostolici
1227 572 1306 608 Vm
1322 573 1532 610 seueritatem
1545 573 1751 611 testabantur
1764 600 1776 615 ,

346 668 401 718 ,Ex
418 671 520 708 variis
532 666 639 711 Areia,
654 672 750 708 Gen.
766 671 819 708 M.
835 670 877 713 S.
888 671 926 711 ,ἃ
943 683 987 713 ex
997 673 1125 708 Bover.
1138 673 1174 708 T
1176 683 1245 707 om.
1266 684 1295 707 1.
1307 671 1368 708 fol.
1381 671 1463 708 mihi
1488 673 1566 720 697.

515 916 642 969 Vivae
687 918 812 969 Vocis
845 921 1027 974 Oraculo

231 1048 481 1097 'statutum
506 1051 718 1119 Capituli
750 1054 990 1104 >Generalis
1006 1049 1283 1109 confirmat,

273 1114 324 1166 ὅ(
354 1120 404 1167 Ρ.
420 1121 710 1171 Pr'ocuratori
727 1124 880 1171 Curiae
895 1158 911 1180 ,
946 1138 1186 1189 utramque
1204 1140 1284 1172 vo-

274 1204 377 1243 cem
397 1189 442 1236 in
461 1193 691 1258 Capitulis
719 1195 1024 1248 Generalibus
1058 1208 1282 1267 compete·
1323 1223 1326 1226 >

277 1274 325 1306 re
342 1294 359 1316 ‚
386 1256 588 1315 decernit
604 1299 616 1315 .

351 1389 396 1427 *G
408 1388 448 1426 Ο
473 1389 616 1431 Frater
634 1391 796 1432 Marius
811 1388 864 1432 de
881 1393 987 1432 Foro
1001 1389 1175 1432 Sarsinio
1196 1389 1278 1430 Or}

369 1443 470 1484 dissis
491 1446 677 1490 Fratrum
695 1450 903 1490 Minorum
919 1450 1049 1491 Santffi
1076 1445 1277 1490 Francisci

241 1503 544 1562 Capucinorum
577 1507 762 1549 Vicarius
793 1506 1006 1549 Generalis
1037 1507 1168 1564 (licet
1182 1504 1286 1546 indi-
1335 1530 1339 1533 -

236 1560 376 1624 ⁴gnus)
406 1557 513 1604 facio
540 1562 661 1606 fidem
691 1567 874 1607 omnibus
903 1564 1114 1620 praesentes
1146 1565 1283 1607 literas

239 1616 471 1674 lnsped‘turis
504 1649 517 1672 ,
559 1623 737 1676 qualiter
767 1624 1039 1668 Reverendus
1067 1628 1114 1668 P.
1142 1626 1281 1667 Frater

239 1678 496 1731 Evangelista
511 1679 564 1721 de
583 1684 796 1732 Canobio,
810 1682 1066 1726 immediatus
1080 1686 1118 1726 in
1135 1680 1283 1727 Officio

233 1736 510 1798 Generalatus
535 1740 803 1783 Praedeceffor
815 1755 928 1784 meus
944 1768 958 1789 a
989 1741 1192 1798 proposuit
1209 1739 1281 1782 in„

232 1793 434 1850 Capitulo
461 1795 595 1840 nostro
620 1799 819 1846 Generali
834 1800 886 1845 ab
909 1799 993 1855 ipso
1018 1809 1245 1843 convocato
1267 1826 1283 1848 ‚

236 1855 279 1894 s&
298 1855 434 1897 Romae
447 1855 775 1901 celebratoanno
794 1859 917 1909 1567.
955 1861 1105 1902 Utrum
1129 1862 1285 1902 Procu-

235 1917 351 1954 rator
366 1914 483 1958 curiae
502 1915 704 1968 Romanae,
721 1932 793 1973 pro
809 1928 995 1971 tempore
1010 1916 1196 1966 existens,
1212 1914 1287 1958 de-

239 1973 355 2016 beret
372 1973 524 2014 habere
542 1988 682 2018 vocem
698 1977 736 2017 in
753 1976 956 2032 Capitulis
982 1975 1254 2021 Generalibus
1268 2003 1283 2025 ,

239 2031 581 2086 quemadmodum
599 2035 838 2090 habent.per
860 2034 1064 2090 Regula‘m
1089 2034 1282 2084 Ministri,

237 2089 504 2142 &Custodes,
523 2093 620 2144 sicut
634 2092 712 2150 jam
732 2094 751 2135 a
771 2094 980 2144 fratribus
994 2094 1152 2147 nostris,
1167 2094 1279 2136 dietis

230 2149 292 2190 'de
317 2148 585 2193 Observantia
611 2153 872 2196 constitutum
885 2153 1018 2199 fuerat
1046 2154 1085 2198 in
1105 2168 1280 2200 eorum„

231 2207 433 2257 ,Generali
447 2210 640 2266 Capitulo
653 2211 861 2255 celebrato
874 2227 976 2257 anno
996 2226 1095 2269 ¹493
1105 2241 1115 2253 .
1128 2213 1165 2254 in
1180 2215 1281 2256 Pro-

239 2267 371 2310 vincia
395 2270 527 2311 Santffi
556 2269 756 2316 Ludovici
773 2274 787 2313 ἓ
803 2274 844 2314 &
871 2269 974 2315 fatto
987 2273 1195 2316 Scrutinio
1209 2284 1281 2327 per

238 2336 332 2384 ¹vota
349 2327 501 2370 secreta
516 2328 753 2384 Capitulum
770 2331 944 2374 nostrum
961 2332 1192 2388 acceptavit
1207 2360 1221 2382 .,
1243 2331 1284 2370 δε

227 2386 445 2428 innovavit
460 2387 685 2441 praedit‘tam
702 2391 1032 2439 constitutionem
1045 2419 1059 2443 ‚
1069 2390 1282 2441 videlicet,

239 2452 282 2484 ut
303 2446 546 2488 Procurator
565 2446 697 2488 Curiae
713 2449 884 2492 haberet
914 2463 1060 2493 vocem
1078 2451 1252 2491 -afflvam
1267 2475 1281 2498 ‚

239 2503 281 2540 ὅ(
308 2500 521 2555 paffivam,
551 2504 589 2544 in
617 2508 818 2560 Capitulis
842 2508 1137 2553 Gener-ilibus..
1171 2505 1280 2549 Post-

238 2571 359 2613 quam
386 2569 522 2599 autem
553 2574 630 2614 ego
653 2563 692 2602 in
725 2566 915 2617 praeditsto
937 2563 1072 2605 nostro
1086 2561 1281 2618 Capitulo

240 2615 359 2658 elsem
385 2616 435 2659 ad
456 2618 750 2661 Generalatum
781 2621 933 2666 electus
950 2650 963 2672 ³
997 2622 1110 2664 volui
1127 2635 1200 2676 pro
1215 2618 1281 2662 fir-

238 2675 354 2716 miori
399 2676 590 2730 praedielae
628 2678 925 2726 constitutionis
956 2682 1103 2722 robore
1133 2689 1278 2735 petere

230 2730 590 2794 <confirmationem
619 2737 736 2790 ipsius
754 2767 766 2790 ‚
799 2740 820 2780 a
837 2738 1080 2784 Sanftiffimo
1104 2738 1278 2781 Domino

235 2790 387 2842 Nostro
404 2795 508 2850 Papa
526 2794 600 2835 Pio
619 2796 668 2836 V.
689 2795 862 2847 ‚Brideo
875 2797 924 2840 ad
941 2797 1053 2845 illam
1069 2797 1277 2841 humiliter

231 2850 459 2906 petendam
491 2851 572 2895 mifi
605 2853 839 2908 pradictum
869 2860 1034 2901 Patrem
1061 2858 1276 2900 Fratrem.-

234 2910 529 2962 Evangelistarn
543 2940 558 2963 ,
588 2912 665 2953 una
683 2928 775 2955 cum
794 2913 1047 2959 Reverendo
1071 2917 1116 2959 P.
1135 2918 1276 2957 Fratre

234 2969 422 3009 Honorio
447 2969 500 3011 de
526 2973 860 3025 Montegranario
884 2972 1156 3016 Diffinitorem
1177 2987 1274 3029 pra·-

229 3025 325 3082 ρἱὶῐ
348 3027 469 3069 nostri
501 3029 716 3084 Capituli,
747 3034 872 3075 Patre
904 3034 1047 3082 Fratre
1061 3034 1273 3088 joanne-2

231 3084 360 3128 Maria
390 3086 568 3140 Hispano
594 3089 865 3136 praedicatore
893 3119 908 3146 ‚
938 3092 978 3132 &
1005 3092 1148 3137 Fratre
1171 3093 1272 3132 Ber-

228 3141 400 3187 nardino
417 3145 557 3190 Pisano
573 3148 716 3193 Laico.
732 3152 817 3202 Qui
837 3153 959 3195 Pater
975 3153 1117 3197 Frater
1135 3151 1271 3192 Evan-

227 3201 368 3258 gelista
395 3204 600 3260 proposuit
623 3211 709 3250 Suae
741 3209 987 3252 Beatitudini
1015 3208 1270 3250 constitutio-

229 3271 321 3303 nem
335 3263 560 3316 praedielam
574 3293 588 3315 ,
618 3267 659 3314 ὅς
677 3265 697 3307 a
713 3268 918 3311 Fratribus
932 3268 985 3315 de
999 3266 1269 3313 Observantia

230 3317 401 3372 fastam,
430 3322 503 3370 &a
521 3323 656 3367 nostro
683 3327 881 3380 Capitulo
906 3337 1158 3381 acceptatam
1187 3355 1201 3377 ‚
1231 3329 1268 3368 &

231 3377 456 3423 innovatam
473 3380 660 3433 effe21non
676 3383 873 3436 obstante,
887 3385 996 3440 quod
1016 3385 1174 3440 Regula
1197 3399 1270 3427 no-

231 3435 305 3477 ssra
321 3451 396 3481 non
411 3438 518 3483 dicat
533 3469 546 3492 ‚
559 3442 681 3485 talem
702 3446 1013 3486 Procuratorem
1026 3443 1177 3488 debere
1193 3442 1271 3488 esse

232 3494 409 3560 VOCfilflm
426 3498 465 3541 in
482 3501 699 3557 Capitulis,
719 3500 889 3558 utsupra
909 3503 1117 3545 humiliter
1135 3501 1268 3558 postu-

231 3552 379 3617 iav¹tfi
407 3558 484 3596 Sua
514 3561 735 3603 Sanctitate
766 3560 1117 3604 confirmationem
1154 3563 1269 3617 ipsius

229 3610 550 3678 constitutionis,
581 3632 701 3672 quam
732 3621 927 3662 Dominus
959 3625 1064 3675 Papa
1094 3621 1268 3678 benigne

233 3667 485 3732 coufirmavit
511 3702 524 3724 ,
553 3675 592 3715 &
622 3674 847 3732 subjunxit,
881 3680 998 3722 valde
1020 3682 1264 3727 conveniens

231 3726 332 3777 effe,
358 3739 399 3769 ut
418 3730 507 3770 talis
530 3731 606 3783 vir,
620 3733 771 3778 scilicet
790 3741 1033 3781 Procurator
1053 3741 1184 3781 Curiae
1200 3741 1268 3783 ha—

230 3786 323 3849 beat
345 3802 486 3831 vocem
503 3789 538 3829 in
556 3793 752 3835 Gener-ali
768 3797 959 3848 Capitulo
973 3827 982 3836 .
1006 3800 1056 3838 Et
1073 3800 1151 3839 haec
1166 3813 1263 3840 con-

231 3847 402 3890 firmatio
418 3847 529 3906 fasta·
542 3845 616 3890 fuit
637 3854 715 3894 Die
730 3853 976 3910 primoJunii
1005 3858 1108 3902 Anni
1124 3858 1264 3912 praedi«.

1331 921 1394 962 -Cti
1410 919 1603 964 videlicet
1619 925 2084 969 MotxvanPalatio
2109 930 2243 971 Sancti
2268 930 2380 972 Petri

1341 979 1380 1022 in
1398 984 1563 1024 Camera
1580 985 1741 1037 propria
1763 986 1928 1027 Domini
1945 987 2083 1039 Papae,
2107 987 2381 1040 praesentibus,

1342 1041 1382 1081 &
1395 1040 1646 1086 audientibus
1662 1043 1955 1098 praenominatis
1972 1045 2198 1096 Fratribus,
2215 1048 2252 1088 in
2271 1045 2380 1100 cuius

1327 1097 1468 1141 -fidem
1480 1099 1519 1140 se
1534 1097 1847 1158 subscripserunt
1864 1132 1878 1155 2
1892 1105 1936 1145 ὅτ.
1948 1117 2029 1158 ego
2045 1103 2230 1158 Sigillum
2246 1104 2380 1147 Officii

1327 1159 1465 1201 -nostri
1495 1159 1683 1214 apposui.
1715 1165 1867 1206 Datum
1890 1165 2035 1210 Romae
2056 1161 2124 1206 die
2152 1180 2270 1210 xvn·
2306 1165 2380 1224 Ju-

1340 1218 1384 1265 ‚lii
1416 1233 1636 1268 Mntxvn.

1389 1350 1460 1398 Ego
1475 1347 1598 1386 Frater
1617 1349 1758 1387 Marna
1770 1373 1782 1394 ‚
1808 1351 1869 1398 qui
1878 1351 1988 1401 supra
2001 1377 2015 1397 ,
2038 1364 2142 1396 manu
2155 1355 2295 1400 propria
2309 1380 2318 1389 .

1336 1417 1338 1419 >
1388 1399 1460 1447 Ego
1487 1396 1611 1434 Frater
1627 1398 1842 1449 Evangelista
1854 1422 1867 1444 ‚
1880 1403 1941 1448 qui
1945 1400 2053 1449 supra
2069 1425 2082 1446 ‚
2094 1413 2197 1438 manu
2206 1404 2382 1449 proprian.)

1438 1445 1612 1492 confirmo.

1395 1495 1468 1544 Ego
1491 1495 1616 1532 Frater
1644 1495 1801 1545 *Joanues
1819 1497 1941 1534 Maria
1967 1498 2147 1546 Hispanus
2170 1498 2382 1538 Fraedicator

1443 1543 1598 1592 confirmo
1609 1546 1723 1581 omnia
1738 1569 1751 1588 ,
1775 1545 1818 1586 (ς’
1831 1545 1966 1594 singula
1982 1548 2034 1583 ita
2047 1543 2105 1595 ‘’ffi'
2118 1544 2262 1597 conceffiz
2278 1572 2290 1591 ‚
2303 1561 2384 1584 me)

1440 1595 1604 1643 praesente
1613 1619 1627 1640 ,
1639 1604 1680 1631 ut
1694 1594 1805 1642 supra
1820 1605 1975 1632 notatum
1988 1594 2032 1644 est
2045 1619 2057 1639 ,
2069 1607 2171 1631 manu
2181 1598 2339 1643 propria,

1391 1642 1430 1685 Io
1452 1641 1521 1679 Fra
1543 1642 1762 1678 Bernardino
1784 1643 1830 1678 da
1852 1644 1934 1691 Pisa
1963 1645 2066 1680 Laico
2097 1644 2263 1691 conferma
2304 1642 2384 1695 effer

1440 1703 1522 1727 vero
1534 1716 1548 1735 ,
1573 1703 1659 1726 come
1670 1691 1708 1726 di
1723 1690 1826 1739 sopra
1840 1690 1857 1727 ὲ
1859 1692 1986 1740 scritto
2000 1715 2014 1735 ³
2036 1703 2053 1726 e
2067 1691 2104 1727 di
2121 1703 2218 1728 mano
2240 1695 2384 1742 propria

1442 1740 1481 1776 ho
1492 1739 1702 1789 sottoscritco
1728 1740 1800 1787 &c-

1403 1860 1608 1915 originale
1634 1861 1679 1905 in
1695 1859 1815 1924 Arm.
1832 1863 1933 1902 Gen.
1949 1860 2053 1902 Ord.
2073 1864 2177 1904 Tom.
2197 1865 2240 1903 C.
2256 1875 2295 1903 n.
2315 1874 2334 1915 3
2349 1873 2382 1906 ῐρ

1369 2002 1486 2018 .-·“
1493 2015 1495 2017 .
1836 2003 2125 2017 ——a—qn—

1340 2100 1419 2154 Ne
1439 2098 1535 2147 ullo
1550 2114 1749 2164 unquam
1767 2113 1975 2165 ternpore
1993 2134 2008 2156 ,
2029 2111 2109 2147 aut
2136 2096 2230 2146 ulla*-
2244 2133 2259 2155 ,
2278 2092 2385 2163 quai·

1377 2186 1554 2236 cunque
1592 2168 1727 2220 causa
1756 2205 1773 2228 ,
1817 2171 1910 2219 FF.
1945 2168 2173 2236 Capucini
2209 2166 2266 2216 ad
2293 2169 2382 2219 PP.

1377 2242 1602 2289 Minimos
1629 2244 1677 2293 S.
1695 2236 1921 2290 Francisci
1947 2238 2004 2288 de
2022 2241 2161 2289 Paula
2180 2273 2196 2295 ,
2229 2255 2308 2286 nec
2336 2237 2382 2290 hi

1378 2309 1436 2359 ad
1450 2313 1552 2363 illos
1570 2309 1612 2360 se
1630 2309 1872 2362 transferre
1890 2308 2056 2378 poffint
2070 2346 2086 2368 ‚
2100 2307 2182 2358 sub
2198 2306 2382 2361 Pontifi-

1374 2385 1454 2433 ciae
1476 2381 1808 2452 Indignationis
1824 2398 1961 2448 poena
1977 2378 2189 2448 prohibet
2204 2414 2217 2426 .

1487 2510 1744 2561 PIUS
1819 2510 2092 2561 PAPA
2163 2510 2227 2562 V.

1543 2616 1612 2658 Ad
1619 2617 1812 2673 futuram
1835 2621 1897 2659 rei
1923 2620 2170 2660 memoriam.

1425 2731 1520 2776 Edis
1534 2733 1772 2789 Apostolicae
1786 2731 1950 2776 solertia
1969 2762 1983 2785 2
2013 2734 2108 2776 dum
2132 2731 2179 2776 ad
2196 2731 2370 2776 salutare

1439 2792 1687 2848 quorundam
1705 2792 1930 2836 remedium
1946 2795 2127 2835 extructa
2141 2820 2155 2844 ,
2177 2792 2214 2834 in
2229 2803 2373 2835 eorum

1336 2853 1624 2897 detrimentum
1639 2864 1808 2906 vergere
1820 2850 2019 2907 conspicit
2032 2880 2047 2904 ,
2071 2866 2123 2894 ne
2138 2879 2153 2900 0
2166 2850 2276 2906 quod
2294 2848 2373 2891 illis

1334 2909 1589 2967 profuturum
1614 2907 1859 2954 maturitate
1881 2911 2028 2959 summa
2040 2907 2232 2966 prodiisse
2256 2921 2372 2957 ,comq

1332 2970 1492 3026 peritur
1506 2997 1521 3020 ‚
1544 2969 1706 3017 noxium
1734 2971 1896 3019 incauto
1909 2969 2128 3018 ministerio
2143 2968 2340 3016 efficiatur
2355 2995 2371 3020 ‚

1331 3029 1479 3071 celeris
1517 3028 1750 3084 provisionis
1789 3043 1909 3086 opem
1947 3027 2091 3078 afferre
2117 3026 2328 3077 consuevit
2355 3054 2371 3074 ,

1331 3098 1452 3144 prout
1468 3087 1506 3129 in
1522 3088 1696 3135 Domino
1709 3086 1903 3145 conspicit
1918 3085 2134 3135 salubriter
2146 3086 2342 3140 expedire
2356 3113 2369 3124 .

1332 3145 1436 3192 Sane
1449 3146 1911 3203 accepimus,quod,cum
1927 3145 2146 3203 aliquando
2158 3144 2370 3197 contingat

1331 3206 1483 3263 aliquos
1506 3207 1670 3248 Fratres
1686 3205 1912 3262 Religiosos
1927 3234 1942 3259 ‚
1971 3216 2053 3248 tam
2077 3202 2241 3247 Ordinis
2268 3204 2368 3244 San-

1329 3265 1379 3306 sti
1410 3262 1607 3306 Francisci
1634 3265 1936 3322 Capucinorum
1961 3292 1975 3315 ,
2004 3262 2124 3318 quam
2155 3260 2368 3315 ejusdem...

1331 3326 1373 3367 S·
1390 3322 1589 3372 francisci
1611 3324 1665 3367 de
1684 3324 1807 3370 Paula
1825 3323 2084 3365 Minimorum
2103 3323 2367 3373 Nuncupato-

1285 3388 1287 3391 “
1331 3396 1419 3425 rum
1431 3382 1484 3424 de
1501 3395 1580 3425 uno
1596 3381 1689 3430 loco
1702 3382 1752 3424 ad
1769 3381 1889 3423 alium
1901 3409 1914 3431 ,
1926 3381 2053 3421 etiam
2069 3374 2367 3433 forsan‚absque

1331 3435 1492 3486 suorum
1505 3443 1763 3496 Superiorum
1780 3439 1947 3481 licentia
1966 3434 2203 3489 transferri,
2219 3435 2366 3479 exinde

1331 3500 1653 3556 perturbationes
1667 3527 1681 3550 ,
1706 3500 1746 3547 ὃς
1762 3498 1864 3541 mala
1879 3496 2064 3550 exempla
2079 3496 2184 3538 inter
2200 3494 2364 3537 eosdem

1333 3563 1493 3605 Fratres
1509 3558 1641 3614 saepius
1658 3558 1756 3599 oriri
1773 3557 1899 3598 solent
1913 3585 1923 3595 .
1943 3559 2026 3597 Nos
2044 3555 2255 3609 cupientes
2272 3567 2365 3608 per„

1329 3619 1652 3667 turbationibus¹‚
1678 3618 1719 3657 &
1741 3616 1855 3656 malis
1881 3614 2076 3672 exemplis
2106 3612 2365 3664 hujusmodi,

1325 3688 1518 3735 quantum
1533 3691 1623 3719 cum
1639 3679 1726 3717 Deo
1743 3672 2256 3729 poffumus,obviare:Motu
2274 3685 2364 3725 pro-

1330 3737 1415 3792 prio
1430 3763 1443 3786 2
1475 3750 1551 3778 non
1567 3735 1615 3778 ad
1631 3733 1795 3791 alicujus
1815 3731 2033 3774 instantiam
2049 3758 2061 3781 ³
2078 3730 2145 3773 sed
2163 3731 2215 3773 de
2231 3729 2363 3776 nostra

1327 3810 1434 3838 mera
1455 3794 1701 3836 liberalitate
1716 3822 1728 3843 ‚
1755 3794 1794 3832 &
1811 3806 1858 3834 ex
1873 3802 1986 3833 certa
2003 3790 2133 3832 nostra
2150 3789 2326 3832 Scientia
2346 3818 2361 3842 ‚

1324 3855 1431 3912 quod
1457 3853 1508 3896 de
1524 3863 1671 3896 caetero
1693 3851 1897 3911 perpetuis
1924 3848 2067 3898 futuris
2084 3847 2331 3950 tempolrlibus
2346 3876 2360 3905 ρ

2168 3922 2220 3953 nu
2259 3920 2300 3951 us
