2658 4244
349 222 443 289 92

513 363 1080 434 NOTA.

280 506 372 594 V
387 508 444 547 lde
457 508 492 547 8<
506 507 591 567 infra
607 506 694 546 inira
708 507 860 568 (jo-nstin
883 511 950 548 1²1².
964 513 1080 571 Crem,
1098 513 1166 571 Ιχ,
1189 525 1264 572 {1¹²3
1278 516 1322 554 de

278 558 476 645 ordinans?
487 568 606 598 mortis
621 557 661 594 P.
680 560 831 596 Mimitri
854 561 1039 600 Generalis
1059 564 1217 600 ultimato
1231 569 1324 602 tuci-e

276 837 404 890 Patri
423 835 635 886 Ministro
649 836 864 886 Generali
884 871 901 893 ,
932 853 983 885 ut
1014 839 1059 886 in
1078 835 1163 887 suae
1195 834 1311 887 Vifi·

278 909 500 971 starionis
525 904 692 964 cursu,
723 905 1100 963 Commiffarios,
1133 906 1182 957 δε
1221 907 1312 954 Mi·

308 977 468 1028 nistros
491 977 797 1027 Provinciales
822 973 912 1025 sine
929 975 1154 1024 concursu
1174 978 1311 1042 Capi-

307 1049 394 1098 tuli
408 1045 675 1095 constituere
690 1043 827 1111 poffit
841 1079 858 1101 ,
887 1044 1143 1093 necestitate
1158 1044 1205 1092 id
1221 1047 1312 1092 exi·

307 1125 440 1187 gente
458 1149 474 1173 ,
505 1112 778 1163 facultatem
813 1111 1006 1170 tribuit,
1035 1114 1101 1163 ita
1128 1127 1312 1173 tamen,

276 1201 279 1203 ·
309 1201 363 1236 ut
394 1185 448 1233 de
468 1185 550 1233 hac
569 1181 920 1240 constitutione,
948 1180 1024 1232 seu
1052 1184 1314 1250 deputatio·

306 1273 362 1307 ne
407 1253 824 1306 Eminentiffimum
854 1251 1148 1304 Cardinalem
1169 1257 1320 1306 Prote·

308 1326 487 1378 &orem
503 1324 662 1375 reddat
675 1326 918 1375 certiorem
934 1359 947 1373 .

273 1458 314 1502 A
330 1465 449 1511 tergo
462 1482 474 1495 .
537 1453 693 1496 Dilcnflo
709 1453 811 1496 Filio
829 1455 999 1495 Antonio
1011 1450 1234 1507 Mutinensi*
1240 1451 1309 1511 (*)

361 1515 561 1560 Fratrum
577 1513 736 1554 Ordinis
750 1514 852 1554 Min.
869 1510 1004 1553 Sanffi
1022 1509 1222 1569 Francfii

420 1574 704 1627 Capacinorum
738 1579 1047 1624 nuncupatorum
1078 1573 1165 1612 Mi·-

615 1626 736 1683 nssro
753 1628 961 1669 Generali.

317 1757 747 1816 URBANUS
798 1757 1016 1806 PAPA
1066 1759 1260 1808 v111.

472 1885 539 1931 Ad
555 1883 750 1944 futuram
778 1888 839 1927 re}
868 1888 1120 1929 memoriam.

266 2000 384 2162 D
404 2002 532 2046 licite
551 2002 626 2046 Fili
641 2001 822 2046 Salutem
836 2032 851 2055 ,
874 2005 912 2044 8(
928 2002 1206 2058 Apostolicain
1230 2006 1307 2046 Be-

423 2062 706 2104 nedictionem.
722 2061 849 2105 Zelus
870 2060 1018 2104 Domus
1036 2062 1114 2105 Dei
1133 2089 1148 2112 ,
1160 2064 1202 2104 δι
1214 2077 1307 2105 con.

284 2121 470 2162 ervandae
493 2122 530 2162 in
546 2119 701 2162 Ordine
717 2129 791 2161 tuo
821 2122 1036 2176 Regularis
1065 2120 1307 2176 disciplina,

266 2178 423 2234 aliaque
452 2179 614 2236 egregia
646 2178 842 2222 virtutum
869 2180 974 2223 dona
999 2208 1014 2232 ‚
1041 2180 1184 2236 quibus
1214 2181 1307 2224 Tea

268 2238 451 2279 Domino
480 2237 771 2292 multipliciter
799 2237 1025 2294 infigniium
1052 2236 1130 2281 effe
1145 2239 1306 2295 accepi-

266 2304 387 2346 mus,
410 2306 719 2352 promerentur,
747 2306 791 2338 ut
819 2298 879 2339 Te
906 2297 1105 2353 praecipuo
1132 2309 1307 2353 paternae

266 2355 476 2396 charitatis
493 2353 634 2397 affectu
652 2355 825 2397 libenter
838 2356 1154 2411 complectamur
1167 2385 1179 2397 .
1198 2359 1305 2399 Cuin

263 2410 518 2467 itaque,sicut
535 2412 782 2468 Apostolatui
798 2414 932 2455 nostro
949 2427 1078 2467 nuper
1093 2415 1237 2469 exponi
1253 2412 1308 2459 fe.

262 2469 347 2515 cisti
364 2499 378 2523 ‚
410 2472 471 2514 Tu
490 2485 567 2529 pro
592 2472 860 2513 incumbentis
879 2473 969 2514 Tibi
986 2471 1121 2514 officii
1135 2473 1308 2523 debito,

262 2531 531 2575 visitationem
549 2533 770 2573 Doniorum
786 2558 801 2582 ,
825 2532 866 2573 δι
883 2533 1087 2574 Locorum
1100 2559 1115 2581 ,
1142 2546 1188 2574 ac
1210 2544 1304 2584 per-

262 2590 450 2634 sonarum
477 2589 728 2645 regularium
751 2602 1080 2647 quarumcunque
1095 2591 1155 2632 tui
1177 2588 1306 2632 Ordi-

263 2649 325 2691 nis
350 2648 526 2702 praedicii
545 2647 797 2690 inchoaveris
814 2676 828 2699 ,
851 2648 1013 2690 &illam
1029 2679 1044 2700 ,
1062 2651 1153 2691 Deo
1176 2649 1302 2691 dante

263 2706 463 2764 perficere
481 2705 663 2747 intendas
681 2734 695 2756 ,
722 2709 833 2757 Nos,
862 2717 905 2748 ut
923 2708 1191 2750 visitationem
1205 2720 1303 2748 ean-

263 2764 357 2808 dem
385 2761 569 2806 felicibus
587 2764 801 2806 eventibus
826 2763 1037 2821 prosequi,
1065 2767 1204 2823 tuique
1225 2778 1308 2807 niu.

261 2822 376 2868 neris
403 2821 629 2880 hujusmodi
651 2834 787 2880 partes
801 2824 840 2866 in
857 2824 1143 2868 benedictione
1157 2827 1209 2869 eo
1220 2837 1309 2866 me-

973 2958 1246 3025 ΝΟ

921 190 1084 283 Sub
1146 191 1468 283 Urbano
1535 192 1631 283 V
1620 192 1759 281 III.

1378 310 1459 353 lii‘is
1477 339 1492 363 ,
1526 311 1567 352 δι
1590 309 1744 354 facilius
1760 309 1929 366 implere
1944 307 2111 361 valeas,
2134 308 2215 365 qiib
2227 324 2422 369 opportu-

1378 370 1562 413 nioribus
1578 366 1703 412 fueris
1718 374 1766 414 ab
1784 373 1856 412 hac
1872 371 2017 413 nancta
2035 368 2142 412 bede
2158 366 2421 418 facultatibus

1377 426 1590 480 suffultus,
1615 435 1836 485 providere
1852 456 1867 478 ,
1895 430 2037 483 Teque
2048 425 2285 484 specialibus
2311 431 2422 475 favo-

1381 487 1519 538 ribus,
1546 490 1587 529 &
1611 489 1751 544 gratiis
1782 484 1964 543 prosequi
1996 486 2179 529 volentes
2195 512 2210 536 ,
2241 487 2315 528 &a
2335 492 2424 545 qui-

1383 545 1514 588 busvis
1539 547 1967 590 excommunicationis
1992 575 2011 597 ‚
2043 544 2306 600 suspensionis
2334 573 2350 597 ,
2383 550 2424 590 δε

1380 603 1585 647 interdicti
1607 634 1623 656 ,
1645 605 1808 662 aliisque
1851 604 2133 648 Ecclesiasticis
2174 602 2392 647 sententiis
2407 633 2424 658 ,

1369 664 1547 706 censuris
1559 692 1577 713 ,
1589 666 1625 704 &
1642 666 1771 718 poenis
1787 666 1807 706 ii
1824 662 1914 718 jure
1928 694 1945 715 ,
1962 664 2025 707 vel
2041 665 2091 707 ab
2107 661 2273 705 homine
2287 691 2303 714 ,
2317 677 2420 719 qua-

1371 721 1432 762 vis
1456 722 1694 773 occasione,
1719 723 1783 765 vel
1813 721 1928 765 causa
1953 722 2069 774 latis,
2097 723 2123 763 si
2140 720 2287 777 quibus
2314 735 2419 778 quo-

1373 778 1598 821 modolibet
1613 780 1830 824 innodatus
1843 781 1977 823 existis
1993 810 2008 832 ,
2039 779 2088 824 ad
2106 780 2288 823 effectum
2314 793 2418 835 prae-

1373 835 1547 877 sentium
1562 835 1755 881 duntaxat
1771 840 2094 895 consequendum
2110 866 2128 890 ,
2153 839 2295 880 harum
2313 837 2418 881 serie

1373 893 1659 945 absolventes,
1690 898 1727 936 &
1765 897 1993 939 absolutum
2038 894 2129 939 fore
2170 899 2417 948 censentes,

1369 949 1752 1006 supplicationibus,
1779 963 1853 995 tuo
1868 956 2028 996 nomine
2044 954 2175 998 Nobis
2199 953 2321 1010 super
2340 956 2420 997 hoc

1370 1006 1576 1050 humiliter
1589 1010 1783 1063 porrectis
1798 1008 1992 1063 inclinati,
2018 1013 2131 1064 Tibi,
2152 1022 2197 1054 ut
2214 1014 2251 1054 in
2274 1013 2422 1055 Vifita-

1371 1067 1528 1108 tatione
1554 1066 1777 1122 hujusmodi
1800 1069 1838 1109 in
1865 1068 1909 1110 iis
1936 1069 2105 1112 Ordinis
2136 1070 2290 1124 praefati
2319 1073 2422 1113 Pro-

1372 1123 1540 1174 vinciis,
1571 1123 1610 1164 in
1633 1124 1777 1180 quibus
1800 1139 1958 1182 magnas
1993 1126 2252 1170 dillenfiones
2267 1157 2282 1180 ,
2302 1128 2418 1172 &sa-

1370 1183 1525 1226 (tiones
1551 1179 1630 1225 else
1656 1186 1859 1240 repereris
1876 1212 1891 1235 ‚
1918 1185 2219 1228 Commiisarios
2235 1215 2250 1237 ,
2279 1188 2417 1232 ίῑνι.)

1377 1242 1580 1286 Ministros
1609 1242 1912 1295 Provinciales,
1938 1244 2062 1287 etiam
2087 1244 2136 1287 ad
2155 1244 2416 1287 triennium-0

1375 1300 1593 1343 duraturos
1608 1327 1624 1350 ,
1643 1301 1882 1345 au&oritate
1895 1301 2027 1345 nostra
2049 1329 2064 1353 ,
2089 1316 2179 1346 cum
2195 1303 2417 1358 participa—

1368 1359 1484 1402 tione
1517 1369 1654 1403 tamen
1684 1361 1822 1404 dilecti
1852 1361 1943 1403 Filii
1974 1361 2093 1404 nostri
2122 1361 2298 1404 Antonii
2332 1362 2419 1404 Tit.

1369 1422 1411 1462 S.
1427 1417 1626 1471 Onuphrii
1653 1418 1889 1474 Presbyteri
1906 1418 2170 1470 Cardinalis,
2195 1419 2320 1462 nostri
2359 1421 2419 1462 se-

1367 1474 1542 1519 cundum
1556 1490 1718 1519 carnem
1735 1477 1886 1520 Fratris
1904 1478 2119 1529 Germani,
2133 1477 2229 1520 dicii
2244 1478 2418 1521 Ordinis

1367 1533 1474 1590 apud
1503 1537 1590 1577 Nos
1612 1537 1653 1577 &
1675 1536 1946 1591 Apostolicam
1984 1537 2133 1581 Sedeni
2167 1536 2417 1579 Protectoris

1366 1590 1506 1635 facere
1525 1620 1538 1641 ,
1562 1594 1806 1636 constituere
1820 1623 1834 1646 ‚
1850 1597 1890 1636 &
1904 1595 2106 1650 deputare
2126 1594 2256 1636 libere
2273 1624 2289 1644 ‚
2314 1596 2352 1636 &
2369 1594 2417 1637 li.

1367 1650 1451 1692 cite
1477 1649 1589 1703 poffis
1604 1677 1619 1699 ‚
1643 1652 1679 1691 Bt
1705 1651 1841 1693 valeas
1857 1680 1872 1703 ,
1896 1653 2135 1694 auctoritate
2157 1652 2415 1705 Apostolica,

1365 1719 1512 1749 tenore
1539 1705 1794 1763 praesentium
1825 1707 2063 1752 facultatem
2103 1709 2366 1752 concedimus
2393 1737 2412 1760 ,

1365 1769 1402 1808 &
1419 1766 1699 1820 impertimur.
1733 1769 2018 1811 Decernentes
2047 1766 2204 1809 irritum
2222 1795 2237 1818 ,
2261 1769 2303 1809 δι
2328 1769 2419 1811 ina·

1364 1839 1447 1876 ne,
1479 1825 1505 1866 li
1520 1822 1632 1870 secus
1649 1823 1766 1881 super
1794 1825 1890 1869 hisa
1909 1839 2114 1885 quoquam
2131 1853 2147 1877 ,
2172 1826 2313 1880 quavis
2345 1840 2419 1869 au·

1367 1885 1558 1926 ctoritate
1572 1913 1587 1936 ,
1622 1883 1827 1936 scienter,
1857 1885 1923 1926 vel
1943 1885 2181 1942 ignoranter
2195 1884 2420 1940 contigerit

1367 1943 1587 1986 attentari.
1622 1946 1715 1985 Non
1746 1944 1992 1986 obstantibus
2012 1942 2417 1995 Constitutionibus,

1366 2003 1407 2043 δι
1419 2001 1753 2044 Ordinationibus
1768 2001 2009 2057 Apostolicis
2021 2030 2039 2052 ,
2058 2015 2103 2043 ac
2118 2000 2215 2043 dieti
2231 2000 2420 2054 Ordinis,

1368 2061 1491 2104 etiam
1521 2060 1752 2116 juramento
1766 2091 1782 2112 ,
1807 2059 2119 2104 confirmatione
2147 2059 2383 2115 Apostolica
2399 2088 2418 2111 ,

1370 2120 1435 2164 vel
1453 2119 1594 2176 quavis
1608 2117 1803 2162 firmitate
1829 2119 1906 2162 alia
1930 2118 2133 2162 roboratis
2164 2118 2317 2160 statutis
2335 2146 2350 2169 ,
2378 2119 2419 2160 &

1367 2177 1722 2222 consuetudinibus
1736 2207 1751 2230 ,
1771 2176 2002 2235 caeterisque
2015 2178 2233 2221 contrariis
2249 2174 2416 2233 quibus-

1365 2251 1554 2294 cunque.
1600 2239 1752 2280 Datum
1787 2240 1928 2280 Roniae
1959 2236 2064 2293 apud
2098 2238 2287 2279 Sannum
2335 2236 2416 2277 Pe-

1368 2305 1473 2339 trum
1498 2297 1567 2339 sub
1594 2297 1761 2338 Annulo
1783 2295 1994 2339 Piscatoris
2013 2296 2091 2338 Die
2116 2308 2208 2336 xxv.
2233 2293 2419 2336 Februa-

1365 2355 1415 2397 rii‘
1446 2369 1692 2400 mncxxxiv.
1721 2353 1985 2399 Pontificatus
2002 2353 2139 2398 Nostri
2169 2355 2294 2396 Anno
2324 2355 2416 2397 Un-

1367 2413 1527 2458 decimo
1543 2441 1558 2455 .

1874 2533 1939 2574 M.
1972 2532 2020 2573 A.
2057 2527 2295 2594 Maraldu-s.

1422 2648 1670 2704 Autograph.
1702 2651 1746 2691 in
1774 2645 1896 2690 Arcb.
1926 2649 2071 2688 secret.
2098 2649 2214 2690 Brev.
2234 2641 2406 2702 Apostol.

1477 2711 1570 2763 Reg.
1607 2708 1726 2751 Febr.
1761 2708 1808 2748 16
1816 2719 1880 2758 34.
1906 2703 1988 2761 fol.
2018 2718 2029 2742 i
2038 2719 2082 2760 9.
2121 2705 2167 2746 de
2186 2716 2262 2758 quo
2288 2707 2414 2743 Breve

1469 2765 1648 2824 format.
1670 2770 1714 2808 in
1732 2764 1852 2809 Arch.
1869 2775 1965 2816 gen.
1981 2763 2078 2805 Ord.
2097 2763 2200 2805 Toni.
2213 2763 2268 2803 H.
2284 2775 2323 2804 n.
2339 2772 2413 2817 99.

1375 2957 1678 3024 TA·

261 3089 342 3178 C
358 3089 538 3133 Latititem
552 3113 566 3134 ,
579 3100 681 3136 quam
699 3088 737 3125 P.
758 3086 931 3126 Antonius
945 3088 997 3135 (*)
1015 3100 1062 3126 ex
1078 3089 1223 3139 antiquo
1238 3089 1480 3127 Marchionum
1493 3084 1730 3123 Moniecuculi
1743 3083 1916 3121 stemmate
1930 3082 2050 3119 habuit
2062 3081 2214 3140 nativam
2226 3105 2239 3125 ‚
2253 3082 2405 3140 reddidit

369 3141 403 3176 in
418 3139 450 3176 se
459 3137 642 3184 gloriosam
654 3148 698 3174 ex
711 3137 836 3174 foedere
848 3136 995 3174 virtutis.
1022 3139 1137 3187 Hujus
1155 3140 1234 3176 talia
1257 3139 1384 3186 semper
1399 3134 1699 3182 deditspecimina,
1711 3145 1764 3176 ut,
1779 3133 1956 3180 postquam
1973 3131 2163 3167 Provincia:
2180 3133 2402 3170 Bononiensis

262 3190 402 3227 clavum
412 3188 489 3225 bina
503 3186 578 3224 vice
592 3185 750 3223 tenuisset
767 3208 780 3229 ‚
802 3184 959 3221 Minister
974 3187 1160 3224 Generalis
1177 3187 1281 3225 fuerit
1295 3186 1527 3224 renuntiatus.
1553 3182 1766 3220 Eleftionem
1781 3181 1865 3218 lianc
1883 3181 1973 3238 Papa
1999 3179 2150 3235 Sanffissi
2157 3191 2230 3216 mus
2258 3182 2404 3237 proprio

261 3238 404 3275 oraculo
413 3262 428 3283 ,
456 3237 488 3273 8<
509 3234 739 3272 ferdinandus
752 3233 1077 3277 11.Augiistiffimus
1090 3236 1332 3279 gratulatoriis
1349 3233 1452 3272 literis
1462 3232 1521 3270 sibi
1535 3241 1663 3278 gratam
1676 3229 1742 3267 saffi
1760 3229 1853 3266 sunt.
1880 3230 1954 3267 Sibi
1968 3230 2003 3266 &
2015 3228 2156 3264 faustam
2175 3229 2321 3272 Religio
2337 3241 2347 3264 i
2377 3230 2409 3266 sa

264 3284 408 3331 agnovit
421 3310 434 3333 ,
458 3284 539 3322 dum
565 3284 702 3321 tantiim
728 3291 772 3320 ex
800 3280 876 3318 viso
898 3280 932 3316 in
959 3283 998 3318 P.
1013 3283 1167 3318 Antonio
1184 3284 1277 3320 humi
1285 3285 1514 3321 litatis-exem
1543 3283 1578 3317 lo
1590 3278 1655 3316 fuit
1668 3278 1833 3316 aedificata
1848 3302 1862 3322 ‚
1882 3279 2051 3325 quantum
2063 3287 2109 3312 ex
2122 3275 2280 3313 indefeffo
2296 3277 2330 3317 ip
2349 3290 2403 3315 iiis

264 3332 357 3372 Zelo
382 3357 397 3379 ‚
410 3335 447 3373 in
458 3335 580 3372 decore
593 3332 778 3381 disciplinae
790 3329 953 3375 regularis
967 3330 1096 3366 firmata
1111 3357 1121 3367 .
1149 3332 1302 3370 Pondere
1317 3330 1499 3370 Ministerii
1526 3328 1657 3377 eposito
1669 3352 1682 3373 ,
1696 3326 1799 3365 rediit
1810 3328 1853 3363 ad
1867 3329 1959 3376 suam
1973 3325 2190 3383 Provinciam
2205 3349 2217 3369 ,
2231 3325 2293 3361 ubi
2316 3326 2404 3364 inter

268 3382 353 3420 vitae
363 3383 517 3421 solitaria:
530 3381 731 3419 charismata
746 3380 838 3416 viam
851 3378 1050 3416 aeternitaiis
1063 3380 1185 3417 Saxoli
1200 3380 1258 3416 sibi
1274 3380 1407 3428 paravit
1421 3405 1434 3425 ‚
1457 3380 1500 3416 ad
1513 3389 1612 3427 quam
1631 3383 1663 3415 δι
1695 3376 1793 3422 1648.
1821 3377 1964 3432 Kalen..
1978 3375 2064 3421 MaJi
2080 3398 2093 3417 ‚
2119 3375 2245 3420 quibus
2268 3375 2403 3421 phase„

264 3429 411 3466 Domini
434 3432 677 3474 concluditur,
701 3428 836 3478 placida
861 3438 976 3464 morte
1004 3427 1159 3471 transiit,
1186 3429 1382 3476 relinquens
1405 3439 1622 3467 communem
1647 3426 1683 3463 ἃ
1706 3428 1808 3462 talem
1832 3424 1984 3460 Virtutis
2007 3422 2142 3479 Famam
2170 3447 2183 3466 ‚
2210 3434 2248 3479 ui
2272 3446 2286 3466 ,
2312 3433 2407 3459 ante·

266 3489 371 3525 quam
385 3481 528 3515 cadaver
540 3480 721 3527 sepulturae
738 3477 922 3513 traderetur
937 3500 950 3520 ,
968 3476 1073 3525 juxta
1087 3477 1280 3514 Chronicas
1293 3477 1485 3515 Provincia
1497 3476 1631 3515 tabulas
1643 3485 1709 3510 tres
1722 3473 1870 3509 Habitus
1880 3472 1915 3508 in
1925 3471 2028 3508 frusta
2043 3473 2167 3508 fuerint
2182 3470 2265 3509 sciffi
2289 3471 2325 3510 8<
2350 3473 2405 3511 di·

266 3526 329 3565 visi
342 3549 352 3565 .
386 3528 476 3576 Q
486 3529 600 3565 omnia
613 3527 686 3566 fuse
700 3535 816 3578 patent
827 3536 878 3563 ex
890 3526 1036 3572 legenda
1049 3527 1089 3563 P.
1105 3526 1280 3571 Antonii,
1303 3528 1322 3562 ii
1340 3528 1381 3564 Ρ.
1391 3525 1576 3565 Ζιεςὴαῐίει
1587 3520 1787 3562 Bononiensi
1801 3521 1893 3570 typis
1905 3519 2059 3569 impreli'a
2069 3544 2080 3555 .

265 3670 427 3710 Facultas
450 3668 598 3715 eligendi
625 3672 847 3712 Guardianos
867 3672 904 3709 8c
930 3671 1168 3710 Provinciales
1178 3696 1192 3717 ,
1215 3672 1330 3709 tamin
1344 3672 1538 3716 anteriore,
1561 3671 1662 3719 quam
1677 3667 1712 3706 iii
1723 3666 1928 3717 supraposita
1942 3667 2206 3705 Constitutione
2222 3669 2263 3706 Ρ.
2288 3668 2401 3704 Anto·

266 3720 325 3757 nio
343 3720 450 3768 prima
463 3720 541 3755 vice
556 3722 638 3757 data
657 3748 664 3759 ‚
692 3722 797 3758 evasit
813 3723 928 3770 postea
940 3720 1098 3758 omnibus
1112 3721 1277 3757 Ministris
1291 3721 1525 3758 Generalibus
1536 3717 1729 3756 communis
1741 3741 1756 3762 ‚
1780 3717 1857 3754 inde
1870 3718 1973 3765 usque
1987 3718 2031 3755 ad
2044 3717 2145 3755 finem
2162 3717 2263 3765 hujus
2288 3715 2396 3753 Tomi

266 3778 337 3807 non
352 3768 413 3806 nili
430 3779 533 3808 unum
546 3779 606 3805 aut
621 3769 764 3808 alterum
778 3772 887 3811 adhuc
911 3769 1075 3810 inseretur
1083 3769 1283 3818 hujusmodi
1297 3770 1348 3809 fac
1355 3769 1472 3809 uitatis
1487 3767 1651 3818 Dipiomi
1666 3765 1914 3816 Apostolicum
1925 3791 1936 3805 .

2172 3816 2218 3858 P.
2245 3815 2315 3870 Jo-
