2658 4244
883 219 1045 308 Sub
1107 217 1455 335 Gregorio
1517 221 1727 306 XIII.

234 346 351 397 super
363 342 425 385 his
439 341 603 394 habitis,
618 339 779 384 servatis
792 336 1050 394 processibus,
1069 335 1168 390 ipsas
1187 336 1272 378 fien-

233 401 384 444 tentias
398 431 412 453 ,
427 399 627 452 censuras,
641 403 679 442 &
695 410 850 454 poenas,
864 398 985 438 etlam
999 395 1155 437 iteratis
1172 394 1271 436 vici-

229 460 307 503 bus
332 459 585 517 aggravando
600 487 614 509 ,
644 459 830 502 invocato
857 456 983 498 etiam
1013 452 1063 495 ad
1092 455 1169 495 hoc
1196 481 1210 504 ,
1242 453 1267 494 fi

235 533 335 576 opus
351 518 490 570 fuerit,
503 518 652 560 auxilio
666 516 818 559 brachii
836 514 1062 558 Saecularis.
1086 515 1180 554 Non
1195 513 1268 553 ob-

237 578 425 621 stantibus
439 575 633 632 praemiffis
644 604 658 626 ,
673 588 719 617 ac
731 573 969 631 Apostolicis
985 602 999 624 ,
1014 586 1170 614 necnon
1197 571 1268 613 ill-2

237 632 554 682 provincialibus
565 662 580 685 ,
602 635 643 674 δε
658 633 920 687 synodalibus
935 630 1133 674 Conciliis
1149 630 1273 671 editis

237 695 471 752 specialibus
488 719 503 742 ,
519 691 587 733 vel
607 692 879 734 Generalibus
893 690 1274 738 Constitutionibus,

235 756 276 796 δι
292 749 622 797 Ordinationibus
635 778 647 799 ,
664 763 819 792 necnon
832 750 1019 800 statutis,
1036 751 1073 791 &
1090 748 1273 792 Consue-

237 810 441 855 tudinibus
455 836 468 859 ,
486 807 710 864 privilegiis
725 822 887 864 quoque
900 837 914 859 ,
933 807 1105 850 Indultis
1119 836 1132 858 ,
1147 809 1187 849 &
1204 807 1271 850 Li-

234 869 332 912 teris
348 866 588 923 Apostolicis
601 894 616 917 ,
643 866 767 909 etiam
787 866 856 914 sub
873 867 1190 924 quibuscumque
1207 878 1270 908 te-

233 928 395 971 noribus
410 954 424 977 ,
437 928 480 968 &
492 923 628 968 formis
640 954 654 976 ,
668 939 713 967 ac
730 940 817 969 cum
833 925 1050 984 quibusvis,
1063 928 1184 969 etiam
1197 925 1271 968 de-

232 985 530 1042 rogatoriarum
552 984 822 1040 derogatoriis
837 1016 851 1038 ,
874 984 1039 1042 aliistlue
1065 984 1270 1029 efficacio-

231 1046 342 1088 ribus
359 1073 374 1097 ,
399 1046 437 1086 &
460 1043 630 1086 insolitis
656 1043 870 1096 clausulis,
897 1059 1052 1088 necnon
1072 1045 1272 1087 irritanti-

233 1107 304 1148 bus
328 1133 342 1157 ,
372 1105 410 1145 &
433 1103 520 1149 aliis
546 1101 753 1153 decretis,
781 1105 906 1146 etiam
937 1106 1102 1161 proprio
1132 1113 1240 1146 motu
1257 1131 1271 1155 ,

231 1162 396 1206 scientia
413 1191 428 1214 ,
454 1163 493 1204 &
520 1161 727 1217 potestatis
754 1160 1013 1218 plenitudine
1040 1163 1230 1205 similibus
1261 1190 1276 1213 ,

232 1221 272 1264 in
287 1235 467 1276 genere,
492 1219 561 1263 vel
589 1220 628 1261 in
651 1219 813 1277 specie,
836 1236 881 1263 ac
899 1221 996 1265 alitis
1013 1220 1275 1278 quomodoli-

231 1282 301 1323 bet
316 1278 504 1324 conceffis
519 1308 534 1330 ,
557 1280 790 1334 approbatis
807 1309 822 1332 ,
845 1281 884 1321 8<
908 1281 1107 1322 innovatis
1123 1313 1135 1320 .
1168 1282 1271 1335 Qae

230 1340 366 1382 onmia
391 1337 580 1380 adversus
597 1335 784 1392 praemiffa
810 1337 1035 1380 nullatenus
1062 1336 1269 1391 suffragari

229 1399 418 1441 volumus
445 1423 459 1446 ,
487 1395 702 1438 contrariis
731 1393 1047 1452 quibuscumque
1071 1424 1084 1447 ,
1121 1397 1274 1437 etiamsi

228 1455 438 1500 Fratribus
468 1454 680 1495 Tertiariis
705 1452 903 1507 praedietis
932 1483 945 1504 ,
980 1454 1046 1496 vel
1070 1453 1272 1509 quibusvis

225 1514 316 1556 aliis
333 1511 604 1555 communiter
617 1540 632 1562 ,
660 1511 725 1554 vel
739 1510 893 1554 divisim
909 1512 959 1554 ab
976 1513 1207 1567 Apostolica
1224 1514 1270 1554 fit

224 1572 336 1616 Sede
351 1569 552 1613 indultum
567 1598 581 1621 ,
608 1569 716 1626 quod
731 1570 948 1622 interdici,
968 1569 1182 1626 suspendi,
1201 1571 1267 1614 vel

227 1629 568 1674 excommunicari
593 1643 671 1670 non
690 1628 831 1684 poffint
848 1657 861 1680 ‚
888 1644 960 1685 per
976 1631 1137 1674 Literas
1153 1634 1265 1686 Apo-

225 1689 385 1732 stolicas
400 1688 659 1730 continentes
675 1688 859 1743 plenam,
889 1691 926 1729 &
941 1687 1162 1745 expressam
1176 1717 1191 1738 ,
1219 1704 1264 1732 ac

226 1748 281 1790 de
309 1747 436 1793 verbo
471 1745 521 1788 ad
552 1747 719 1787 verbum
757 1745 811 1787 de
837 1745 1008 1788 Indulto
1036 1747 1265 1803 hujusmodi

227 1806 476 1849 mentionem
489 1832 500 1844 .
515 1803 709 1847 Volumus
722 1814 875 1856 autem,
888 1805 997 1860 quod
1013 1804 1264 1862 praesentium

228 1864 506 1918 transumptis,
522 1863 645 1905 etiam
660 1863 864 1918 expreffiS,
878 1878 996 1905 manu
1013 1865 1162 1919 publici
1180 1869 1268 1908 No-

228 1924 319 1966 tarii
336 1921 560 1976 subscriptis
574 1949 588 1971 ,
617 1923 654 1962 &
670 1922 800 1976 sigillo
817 1921 988 1979 alicujus
1003 1922 1176 1977 personae
1194 1924 1266 1967 in„-

227 1982 429 2038 dignitate
458 1980 731 2022 Ecclefiastica
749 1979 972 2023 constitutae
990 1983 1177 2033 munitis,
1199 1997 1269 2024 ea·-

227 2041 323 2085 dem
338 2038 494 2097 prorsus
510 2038 656 2094 ubique
675 2038 714 2080 in
728 2038 889 2095 Judicio
902 2066 917 2089 ,
945 2041 984 2080 &
1000 2050 1140 2096 extra,
1166 2039 1264 2084 fides

226 2099 496 2150 adhibeatur,
522 2110 605 2153 quae
637 2098 892 2152 praesentibus
918 2098 1211 2151 adhiberetur,
1239 2102 1266 2140 fi

226 2157 355 2201 eflent
371 2155 558 2201 exhibitae
571 2184 585 2207 ,
602 2156 667 2200 vel
680 2155 859 2201 ostensae.

288 2221 441 2259 Datum
462 2214 624 2257 Tusculi
640 2214 708 2258 sub
725 2216 888 2259 Annulo
906 2214 1123 2259 Piscatoris
1146 2216 1267 2261 die-.-

227 2286 370 2330 quarta
383 2275 568 2317 octobris
584 2289 632 2316 M.
648 2290 691 2317 D·
706 2289 884 2319 Lxxx1.
902 2273 1165 2319 Pontificatus
1181 2279 1267 2318 No-

227 2334 295 2377 stri
314 2337 433 2379 Anno
447 2332 620 2376 Decimo
636 2362 648 2374 .

849 2450 946 2507 Cast
961 2452 1181 2494 Glorierius
1195 2481 1206 2492 .

289 2566 500 2620 Exemplar
525 2569 568 2606 in
587 2573 825 2620 pergamena
839 2568 1020 2609 authent.
1037 2570 1080 2607 in
1097 2564 1267 2608 Archivo

346 2625 530 2666 Generali
546 2623 704 2666 Ordinis
718 2629 881 2669 Armar.
895 2626 1097 2668 Authent.
1114 2621 1264 2682 infast.

346 2682 475 2738 collig.
491 2695 598 2725 num.
615 2694 685 2735 40.

1013 2873 1236 2942 ΝΟ

1574 339 2130 390 DECRETUM.
2208 269 2307 335 37

1330 414 1441 478 Qo
1459 414 1638 460 Fratres
1653 414 1890 481 S.Joannis
1909 417 1962 465 de
1981 424 2105 480 Deo,
2125 425 2373 485 Habitum,

1364 483 1558 562 fimilem
1590 482 1788 534 Habitui
1821 487 2165 554 Capucinorum
2198 496 2372 567 gestare

1366 552 1664 620 prohibentur
1683 590 1694 602 .

1578 662 1660 701 Die
1685 675 1721 703 x.
1754 664 1863 704 Maii
1894 678 2129 710 mnxxxri.

1409 736 1604 782 Llustriss.
1619 767 1632 790 ,
1660 741 1700 780 &
1718 741 2007 785 Reverendiss.
2027 748 2221 791 Dominus
2242 754 2290 792 D.
2300 755 2370 809 Ja-

1420 799 1544 841 cobus
1579 798 1796 854 Episcopus
1835 801 2079 846 Tusculanus
2106 836 2120 857 ,
2161 812 2202 849 S.
2234 813 2294 852 R..
2322 814 2370 852 E.

1332 858 1564 901 Cardinalis
1581 858 2035 911 SabelluS,SanCtiffi1ni
2056 867 2215 907 Domini
2235 871 2372 911 Nostri

1330 921 1446 973 Papae
1472 917 1657 961 Vicarius
1700 921 1916 963 Generalis
1958 921 2190 965 inhaerendo
2224 929 2371 972 Literis

1329 976 1572 1032 Apostolicis
1599 978 1858 1021 conceffionis
1885 980 2195 1037 privilegiorum
2222 988 2374 1029 Fratri-

1331 1038 1404 1081 bus
1421 1036 1520 1079 Ord.
1546 1036 1644 1078 Min.
1675 1042 1715 1080 S.
1734 1037 1933 1081 Francisci
1964 1043 2185 1096 Capucinis
2221 1059 2374 1088 nuncu-

1333 1096 1453 1154 patis,
1468 1097 1487 1136 a
1503 1093 1573 1136 fel.
1598 1109 1681 1136 rec.
1698 1097 1828 1139 Paulo
1845 1100 1949 1152 Papa
1965 1101 2043 1141 111.
2067 1103 2107 1142 &
2120 1103 2206 1145 aliis
2224 1106 2376 1148 Roma-

1335 1156 1393 1199 nis
1421 1152 1683 1198 Pontificibus
1699 1183 1713 1205 ,
1737 1170 1781 1198 ac
1809 1156 2127 1201 confirmationis
2145 1165 2374 1207 eorundem

1335 1213 1651 1268 Privilegiorum
1666 1214 1686 1255 ti
1706 1212 1775 1256 fel.
1801 1229 1884 1257 rec.
1911 1217 1983 1258 Pio
2005 1221 2110 1274 Papa
2135 1223 2211 1263 IV.
2234 1225 2375 1280 respe-

1331 1273 1437 1314 &ive
1451 1272 1645 1312 emanatis
1657 1301 1671 1322 ‚
1689 1273 1724 1312 in
1741 1274 1884 1327 quibus
1900 1286 2047 1328 praeter
2059 1277 2136 1320 alia
2151 1281 2287 1323 extitit
2304 1297 2376 1324 or-

1330 1331 1532 1379 dinatum,
1548 1329 1658 1384 quod
1675 1331 1826 1382 nullus,
1840 1332 2114 1389 cujuscunque
2129 1340 2374 1383 conditionis

1334 1389 1471 1431 existat
1487 1416 1500 1438 ,
1528 1402 1604 1428 non
1633 1386 1761 1429 (blum
1788 1390 2017 1433 eorundem
2038 1396 2228 1436 Fratrum
2246 1401 2375 1441 Habi-

1333 1460 1420 1490 tum
1436 1476 1450 1498 ,
1467 1445 1610 1488 verum
1626 1446 1767 1498 etiam,
1783 1461 1855 1489 nec
1870 1449 1923 1490 ita
1939 1451 2109 1492 fimilem
2125 1481 2138 1502 ,
2153 1458 2262 1509 quod
2281 1471 2376 1512 pro-

1329 1518 1422 1565 pter
1444 1519 1538 1550 eum
1564 1504 1690 1559 posset
1707 1506 1821 1547 credi
1840 1509 1986 1550 Frater
2013 1524 2155 1552 eorum
2188 1517 2379 1571 Congre-

1328 1566 1527 1623 gationis,
1551 1565 1621 1605 nifi
1644 1564 1714 1606 sub
1742 1565 1896 1608 Vicarii
1926 1569 2128 1622 generalis
2157 1571 2377 1627 ejusdem„

1327 1624 1520 1672 Ordinis,
1548 1637 1623 1678 pro
1654 1634 1843 1679 tempore
1877 1626 2082 1669 existentis
2110 1630 2377 1686 obedientia,

1325 1687 1365 1726 &
1380 1697 1474 1725 cura
1491 1683 1815 1736 permaneat,s'ub
1830 1697 1932 1739 pena
1946 1692 2377 1735 excommunicationis

1327 1745 1414 1786 latae
1432 1741 1640 1783 sententiat
1654 1742 1947 1797 quoquomodo
1961 1745 2118 1798 gestare
2135 1748 2343 1802 praesumat
2359 1765 2374 1803 3

1326 1802 1510 1844 decrevit
1525 1828 1538 1850 ,
1569 1801 1608 1840 δι
1623 1800 1879 1851 declaravit,
1913 1802 2022 1858 quod
2050 1806 2212 1848 Fratres
2229 1809 2375 1864 Hospi-

1328 1861 1419 1903 talis
1445 1860 1614 1912 ‘Joannis
1643 1862 1721 1900 Dei
1747 1862 1964 1915 nuncupati
1981 1860 2197 1916 deferant,
2229 1869 2268 1908 &
2297 1869 2374 1912 de-

1328 1918 1437 1961 ferre
1458 1918 1636 1960 debeant
1659 1921 1869 1972 Capottum
1886 1933 2165 1975 nuncupatum
2181 1927 2303 1980 usque
2321 1928 2374 1970 ad

1329 1992 1447 2020 crura
1461 1977 1619 2020 tantum
1634 2004 1648 2026 ,
1670 1978 1899 2032 Capucium
1916 1979 2140 2022 rotundum
2154 2010 2167 2032 ,
2195 1985 2343 2041 caligas
2359 2016 2374 2038 ,

1329 2038 1488 2081 Calzom'
1502 2045 1766 2091 nuncupatas,
1782 2034 1905 2091 usque
1920 2037 1969 2080 ad
1989 2038 2105 2092 talos,
2122 2055 2215 2083 cum
2233 2045 2374 2089 habitu

1320 2099 1522 2154 patientia
1551 2106 1784 2150 nuncupato
1810 2097 1850 2137 &
1867 2097 2084 2152 corrigiam
2100 2113 2191 2142 cum
2207 2102 2372 2157 cingulo

1327 2169 1423 2199 cum
1445 2157 1593 2208 sporta
1611 2182 1624 2204 ,
1649 2155 1689 2194 &
1718 2168 1794 2196 non
1812 2165 1977 2197 utantur
1999 2157 2223 2211 Sandaliis‚
2251 2175 2373 2215 prout

1329 2223 1498 2257 utuntur
1514 2212 1741 2268 Capucini,
1773 2227 1848 2255 nec
1880 2213 1961 2256 alio
1991 2229 2142 2269 genere
2169 2219 2370 2273 Habitus,

1328 2288 1409 2331 quo
1437 2282 1608 2315 utuntur
1641 2273 1843 2327 Capucini
1864 2301 1877 2323 ,
1911 2287 1961 2315 ne
1976 2274 2026 2316 ab
2040 2276 2238 2331 aliquibus
2256 2281 2370 2324 credi

1327 2331 1440 2391 possit
1456 2360 1470 2382 ,
1490 2346 1559 2372 eos
1576 2334 1734 2374 Fratres
1749 2333 2052 2387 Capucinorum
2068 2335 2170 2387 effe,
2195 2338 2264 2381 sub
2282 2354 2370 2393 poe-

1327 2393 1386 2437 nis
1411 2389 1604 2446 praedietis
1620 2416 1634 2438 ,
1665 2391 1704 2430 &
1731 2389 1816 2432 aliis
1833 2417 1847 2439 ,
1875 2392 2043 2435 arbitrio
2066 2393 2246 2450 ejusdem
2262 2399 2367 2440 Illu-

1327 2449 1492 2493 striffimi
1506 2475 1521 2497 ,
1544 2449 1584 2486 &
1597 2449 1938 2490 Reverendiffimi
1955 2451 2120 2494 Domini
2137 2454 2366 2499 Cardinalis

1326 2504 1579 2562 imponendis
1595 2532 1606 2544 .

1385 2621 1596 2676 Exemplar
1620 2623 1664 2662 in
1689 2621 1831 2664 charta
1856 2626 1967 2667 auth.
1992 2628 2036 2667 in
2050 2628 2219 2671 Archivo
2237 2634 2364 2673 Gene-

1442 2683 1525 2724 ralt'
1553 2681 1710 2723 Ordinis
1732 2685 2181 2731 ArmarioAuthentica
2195 2693 2240 2732 in
2251 2685 2362 2749 fasc.

1442 2741 1622 2794 colligato
1638 2752 1782 2793 num-⁴4
1793 2753 1824 2782 i.

1322 2876 1573 2940 TA.

286 3019 403 3058 TatIm
430 3031 597 3068 quoque,
621 3030 660 3055 ac
678 3019 744 3056 boc
761 3021 945 3057 Decretum
966 3020 1076 3056 fuerat
1101 3019 1255 3064 legaliter
1280 3021 1474 3058 intimatum
1488 3043 1501 3063 ‚
1529 3018 1594 3057 fuit
1619 3021 1654 3058 &
1674 3022 1874 3071 expeditum
1901 3024 2130 3065 Monitorium
2152 3041 2265 3067 coram
2281 3044 2362 3068 tunc

309 3068 528 3107 Illustrissimo
539 3090 554 3112 ‚
572 3069 607 3105 &
631 3068 928 3106 Reverendiffimo
953 3070 1038 3105 DD.
1054 3069 1273 3118 Hieronymo
1288 3070 1444 3107 Matheio
1454 3070 1606 3107 Camerae
1616 3071 1826 3118 Apostolicae
1841 3072 2013 3112 Auditore
2028 3077 2197 3115 Generali
2213 3093 2271 3128 per
2285 3080 2361 3116 asta

221 3117 389 3155 Francifci
414 3117 576 3165 Baspletti
599 3117 688 3154 Cur.
703 3117 810 3154 caus.
823 3117 978 3155 Camerae
1001 3116 1213 3165 Apostolicae
1237 3118 1380 3155 N0tarii
1400 3118 1462 3155 sub
1482 3117 1538 3155 die
1554 3119 1786 3169 XXII-Iunii
1803 3120 2055 3161 MDXXXll.
2072 3127 2223 3164 Sedente
2242 3129 2358 3166 San&-

221 3179 323 3204 mem.
347 3166 525 3211 Gregorio
547 3167 645 3203 XIII.
661 3190 675 3206 ,
690 3167 796 3203 Anno
806 3166 900 3203 Illius
914 3167 949 3202 X
955 3169 980 3203 l.
995 3166 1100 3203 Plena
1111 3176 1225 3204 autem
1238 3167 1280 3203 ad
1291 3168 1359 3204 baec
1371 3179 1448 3203 cum
1460 3179 1531 3204 non
1545 3168 1737 3215 sequeretur
1751 3168 1912 3206 executio
1925 3194 1939 3214 ,
1951 3184 2040 3208 anno
2054 3174 2093 3208 M
2099 3175 2170 3210 DX
2177 3176 2247 3213 XX
2255 3177 2336 3212 Vll.
2345 3200 2359 3221 ,

219 3215 367 3254 xxxi.
390 3214 543 3260 Augusti
566 3214 633 3250 suit
657 3216 847 3251 Decretum
870 3214 1122 3263 suprapositum
1147 3217 1190 3253 ab
1215 3215 1336 3252 eodem
1359 3215 1545 3253 Cardinale
1570 3217 1712 3254 vicario
1736 3218 1977 3256 confirmatum
2001 3244 2014 3264 ,
2050 3221 2084 3256 &
2107 3222 2243 3271 insuper
2268 3236 2357 3261 anno

220 3263 524 3303 MDxxxvnl.
549 3262 658 3300 XVI·
676 3263 831 3312 Januarii
843 3286 857 3308 ,
881 3264 1037 3311 sequenti
1051 3266 1089 3303 S.
1103 3265 1225 3310 Cong.
1243 3264 1372 3310 Regni.
1392 3265 1549 3302 Decreto
1570 3267 1834 3304 corroboratum
1848 3291 1859 3302 .

316 3363 428 3400 Sacra
456 3358 687 3409 Regulariam
713 3360 943 3410 Congregatz’o
955 3385 968 3404 ,
991 3360 1197 3411 instantibus
1223 3359 1287 3398 FF.
1303 3362 1489 3411 Capucinis
1509 3362 1641 3412 censuit
1654 3387 1667 3408 ,
1693 3365 1898 3414 Confratres
1913 3365 2098 3403 societatis
2116 3365 2271 3416 &oannis
2288 3371 2359 3408 Dei

222 3408 421 3448 'nullatenus
435 3410 556 3447 debere
564 3407 864 3495 geilarehabitum
874 3421 950 3446 cum
964 3410 1115 3457 Capucio
1129 3409 1266 3457 oblongo

219 3459 373 3506 gationis
397 3459 546 3496 arbitrio
561 3481 571 3492 .
626 3458 790 3494 icentiam
807 3465 988 3506 propterea
1011 3470 1108 3494 conce
1130 3468 1157 3495 tc
1182 3459 1255 3508 ipsit

216 3505 399 3554 faciendi,
419 3506 475 3543 die
505 3504 608 3551 XVI.
633 3505 809 3556 ‘Januarii
836 3505 1026 3548 ,MDXX
1119 3507 1164 3544 II.

419 3600 529 3640 Locus
542 3609 573 3646 ᾧ
583 3604 698 3651 Sigilli
707 3629 719 3642 .

1270 3410 1379 3504 j-stve
1390 3423 1488 3450 acuto
1500 3412 1585 3460 ,sed
1597 3413 1743 3448 rotundo
1762 3436 1774 3456 ,
1788 3413 1856 3461 sub
1876 3423 1977 3463 poena
2002 3418 2153 3453 carceris
2166 3442 2181 3461 ,
2208 3419 2358 3467 Congre-

1306 3462 1460 3500 ratribus
1488 3461 1677 3511 Capucim's
1693 3484 1706 3506 ,
1728 3472 1837 3498 omnes
1867 3462 2155 3510 contrafacientes
2179 3470 2357 3507 carcerari

856 3655 1084 3700 Cardinalis
1108 3654 1405 3702 Alexandrinus
1419 3687 1434 3715 9

1601 3716 1770 3764 Georgius
1792 3714 1987 3758 ‘Palearius
2008 3717 2255 3762 Secrecarius.

2163 3857 2306 3895 Emani-
