2704 4296
352 256 640 341 xxxxfi.

290 372 357 419 nis
378 371 611 437 nucusque
630 367 851 421 concessas
869 401 885 428 ,
913 386 1005 420 non
1024 371 1226 422 obstante
1245 390 1341 421 mo-

288 439 334 490 tai
354 441 476 491 nova
498 438 774 501 difficultate
795 440 1037 491 coufirmat
1053 479 1066 492 .
1226 462 1243 492 1
1258 461 1338 505 59.

361 512 438 562 Fr.
469 511 695 561 Carolum
725 511 781 562 de
813 510 1001 581 Spinosa
1030 544 1046 571 ,
1087 516 1338 564 Provincia:

287 580 706 652 Flandro·Belgicae
724 581 994 641 Professum,
1013 583 1219 634 Ecclesiae
1235 585 1340 634 Tri-

286 650 448 701 calensi
466 654 510 701 in
524 652 800 724 Episcopum
822 653 1012 721 praeficit
1028 690 1043 711 ,
1073 669 1182 703 cum
1203 653 1339 703 facul⁴

286 733 379 772 tate
408 721 692 773 Pontificalia
716 728 764 775 in
793 723 994 775 Dioecefi
1022 723 1337 775 Mechlinienfi

285 793 523 843 exercendi
541 830 554 842 .
1224 802 1336 844 16²0.

357 868 564 915 Decreto‘
583 863 875 916 Eminentiss.
905 865 1164 917 Cardinalis
1188 865 1336 916 Poeni·

283 936 642 1003 'tentiarii-,quod
663 936 908 986 Indultum
925 936 982 985 ad
1003 935 1230 985 instantias
1248 941 1335 986 Re-

282 1005 594 1055 verendiffimi
627 1011 676 1057 P.
697 1007 937 1056 Generalis
967 1005 1332 1056 Observantium

283 1089 370 1143 pro
392 1074 623 1143 Apostatis
638 1113 653 1134 ,
681 1074 725 1126 St
745 1074 952 1144 fugitivis
970 1070 1226 1125 ¹concessum
1243 1108 1259 1134 9
1284 1076 1335 1127 ἃ

279 1148 439 1212 amplo
473 1148 643 1196 titulo:¹
676 1144 870 1195 Ediftum
885 1147 1013 1212 siaeper
1032 1146 1171 1193 reditu
1173 1144 1332 1213 sugiti-

277 1235 433 1265 vorum
461 1220 591 1263 totius
610 1217 787 1265 Ordinis
818 1215 863 1265 S.
887 1211 1102 1282 Francis'ci
1132 1213 1331 1283 publica·

277 1295 382 1336 tum
399 1320 416 1344 ‚
433 1299 514 1335 nec
532 1289 795 1354 Capucinos
810 1322 825 1343 ,
843 1303 924 1333 nec
943 1287 1057 1334 alios
1076 1281 1329 1335 Francisca·

274 1370 359 1405 nos
371 1392 387 1415 ‚
407 1358 617 1424 proprios
635 1357 882 1406 Generales
899 1354 1113 1405 habentes
1130 1355 1330 1423 comple-

277 1427 430 1477 statur
448 1462 463 1485 ,
489 1426 746 1476 declaratur
761 1458 773 1476 .
1213 1434 1324 1477 162.

414 1535 547 1588 SUB
586 1535 985 1584 BENEDICTO
1021 1530 1175 1582 ΧῙΙῘ.

347 1638 402 1689 Β.
424 1636 585 1688 Felicis
612 1638 635 1685 a
653 1640 911 1688 Cantalicio
931 1673 946 1695 ‚
961 1638 986 1684 a
1006 1639 1093 1686 ΡΡ.
1113 1638 1330 1687 Clemen-

273 1717 319 1758 te
338 1713 439 1760 XI.
473 1707 753 1756 Sanctorum
783 1705 1110 1757 Confefforum
1145 1710 1325 1757 Canoni

265 1783 363 1843 jam
395 1778 507 1829 alias
541 1775 757 1846 adscripti
791 1777 1207 1828 Canonizationem
1223 1796 1328 1846 pro·

273 1853 457 1919 'mulgat
478 1881 492 1898 -.
1209 1859 1324 1914 164.

287 1983 290 1984 7
343 1916 710 1972 Constitutiones
740 1918 789 1971 S.
809 1936 949 1970 mem.
971 1918 1154 1975 Urbani
1175 1921 1277 1971 VII
1286 1925 1322 1970 1.

274 1987 355 2041 fol.
370 2006 455 2053 97.
475 1990 523 2043 ὅ(
550 1991 802 2041 Alexandri
819 1995 941 2042 VII.
963 1989 1044 2041 fol.
1067 2000 1180 2040 106.
1210 1987 1323 2057 poli-

274 2073 344 2112 tas
362 2099 377 2121 ,
401 2066 520 2112 circa
543 2060 845 2112 Bibliothecas
862 2057 1107 2112 confirmat
1123 2098 1138 2120 ,
1167 2061 1216 2113 &
1232 2065 1324 2112 Mi-

273 2132 412 2183 nistro
431 2132 703 2184 Provinciali
720 2168 736 2191 ,
767 2152 818 2182 ac
850 2127 1192 2185 Diffinitoribus
1218 2148 1325 2183 con-

263 2203 463 2269 junctim
490 2236 506 2262 ³
549 2204 709 2254 Libros
737 2204 992 2274 duplicatos
1018 2240 1033 2262 ,
1067 2200 1142 2254 seu
1171 2199 1323 2272 super-

270 2276 390 2326 fluos
427 2273 745 2325 commutandi
774 2311 790 2333 ,
835 2294 886 2323 ac
930 2277 1029 2324 aliis
1071 2273 1321 2325 Provinciae

271 2347 568 2398 Bibliothecis
598 2344 856 2414 applicandi
884 2343 1152 2396 facultatem
1184 2346 1322 2414 largi-

271 2430 348 2468 tu?
373 2448 387 2467 ὀ
1207 2425 1324 2478 Ῑὸ7ο

342 2487 488 2556 Quod
522 2492 704 2538 Fratres
736 2481 917 2537 infirmi
945 2524 960 2546 ,
1002 2485 1321 2556 Indulgentiae

271 2557 318 2608 in
346 2561 523 2610 Sacello
546 2561 885 2610 Valetudinarii
913 2558 1085 2608 lucrari
1117 2556 1286 2626 possint
1303 2592 1319 2617 ‚

271 2627 483 2678 concedit
502 2658 514 2676 .
1203 2632 1317 2678 168.

279 2742 282 2746 ,
339 2702 449 2748 Non
465 2694 669 2747 obstante
689 2694 1005 2767 AnniJubilaei
1024 2695 1226 2767 generali
1246 2700 1318 2749 In·

271 2765 614 2838 dulgentiarum
647 2764 930 2837 suspenlione
949 2806 965 2828 ,
1000 2769 1317 2838 Indulgentias

174 2839 176 2843 ’
270 2855 356 2910 pro
376 2840 566 2890 secunda
582 2840 655 2890 die
676 2838 879 2910 Augusti
897 2871 911 2897 ,
937 2858 1021 2908 pro
1041 2840 1181 2890 Pestis
1204 2845 1323 2892 San·.

270 2912 334 2961 sti
365 2915 414 2962 P.
451 2909 705 2971 Francisci,
736 2930 787 2960 ae
821 2912 1152 2980 Conceptionis
1180 2916 1233 2962 Β.
1252 2917 1314 2964 V.

269 2985 434 3032 Mariae
463 2981 773 3033 Immaculatae
806 2983 851 3031 in
883 2981 1095 3032 Ecclefiis
1125 2983 1321 3034 Provin-

270 3055 447 3103 'ciarum
470 3055 934 3108 Ultramontanarum
960 3057 1136 3122 acquiri
1162 3052 1282 3124 posse
1303 3086 1320 3113 ,

271 3125 482 3195 indulget
499 3157 512 3174 .
764 3188 769 3193 ν
1204 3130 1316 3175 168.

341 3200 427 3246 ΡΡ.
458 3194 675 3245 Ministro
699 3227 714 3253 ·,
752 3193 801 3246 <Sc
828 3193 1124 3245 Procurator-i
1168 3198 1318 3248 Gene-

272 3264 437 3316 ralibus
451 3299 467 3326 ,
483 3269 642 3318 locum
657 3269 702 3317 in
719 3268 909 3334 Capella
925 3266 1163 3318 Pontificia
1179 3304 1194 3328 ,
1211 3287 1319 3318 con-

271 3339 392 3388 ·cedit
409 3372 423 3389 -.
1203 3350 1265 3388 16
1266 3361 1314 3401 9.

345 3411 532 3477 Propria
550 3426 692 3461 manu
722 3403 962 3478 quodlibet
987 3404 1150 3459 Altare
1167 3409 1317 3475 Majus

277 3477 322 3524 in
340 3482 549 3531 omnibus
567 3481 724 3532 nostris
742 3478 952 3531 Ecclefiis
968 3517 984 3539 ,
1000 3478 1146 3531 tribus
1162 3480 1319 3533 diebus

274 3543 641 3603 hebdomadatim
662 3586 678 3612 -,
707 3551 756 3604 ὃς
780 3570 859 3621 per
885 3566 1035 3602 totam
1062 3553 1319 3604 octavam-2

279 3623 746 3675 Commemorationis
758 3621 1098 3689 Defunftorum
1117 3627 1319 3694 proAni-

275 3707 456 3741 marum
483 3698 776 3761 purgantium
805 3694 1120 3766 redemptione
1147 3698 1192 3746 in
1221 3714 1319 3764 per·

278 3777 466 3831 petuum
482 3762 740 3833 privilegiat
755 3804 767 3814 .
1203 3777 1315 3826 169.

880 253 1076 340 [JiL
1141 251 1640 340 E’JV'C’JJ
1695 250 1927 340 tiis.

1471 376 1612 421 Anno
1626 370 1817 437 jubileo
1835 387 1923 418 non
1943 366 2147 417 obstante
2162 404 2178 427 ,
2203 372 2453 443 Indulgen⁴

1401 444 1485 489 tias
1517 442 1738 508 plenarias
1757 456 1851 506 ¹pro
1885 438 2016 488 Festo
2037 442 2360 508 Conceptionis
2392 448 2445 494 B.

1403 516 1464 561 V.
1483 511 1644 560 Mariae
1667 512 1982 559 Immaculatae
2006 512 2262 560 Provinciis
2287 515 2448 566 Ultra-

1399 584 1626 630 montanis
1643 578 1985 642 jam‘conceffas
2003 615 2019 639 ,
2046 583 2186 631 etiam
2217 581 2274 631 ad
2295 586 2448 634 Eccle-

1398 652 1479 701 lias
1510 667 1602 700 tam
1622 650 1836 700 Fratrum
1852 683 1868 710 ,
1898 653 2034 719 quam
2051 654 2332 703 Monialium
2360 656 2447 706 in„

1399 721 1536 772 Italia
1559 721 1763 772 extendit
1781 755 1797 782 ,·
2020 742 2025 747 ‘
2331 745 2443 786 170.

1479 793 1622 858 Qod
1643 806 1738 842 tam
1756 793 1923 843 infirmi
1942 794 2120 845 Fratres
2139 830 2154 853 ,
2180 795 2321 862 quam
2338 800 2448 846 Mo-

1395 862 1534 913 niales
1564 865 1608 911 in
1630 862 1890 914 lufirmario
1908 865 2222 934 Indulgentias
2251 866 2445 918 Ordinis

1395 935 1564 984 lucrari
1586 945 1782 1001 queant,
1798 934 1847 986 ὅ(
1865 937 1989 1003 quod
2005 937 2272 1005 rescriptum
2293 941 2446 989 valeat
2535 967 2537 970 ν

1395 1023 1478 1072 pro
1499 1007 1669 1064 Brevi,
1694 1006 1908 1055 concedit
1925 1039 1935 1055 .
2329 1024 2347 1057 1
2360 1028 2442 1069 70.

1465 1080 1663 1125 Decreto
1683 1079 1783 1125 Sac.
1801 1079 2040 1147 Congreg.
2057 1078 2252 1128 Rituum
2269 1076 2443 1129 1,εᾶἰο-

1393 1158 1468 1193 nes
1502 1144 1682 1195 secundi
1706 1179 1723 1204 ,
1756 1145 1804 1198 ὅ(
1832 1150 1952 1198 tertii
1988 1149 2217 1198 Nocturni
2250 1150 2442 1218 propriae

1393 1233 1498 1264 cum
1516 1214 1810 1269 Oratione‘&
1828 1217 1962 1278 Missa
1981 1225 2162 1288 propria
2182 1221 2238 1269 de
2260 1225 2307 1270 S.
2325 1223 2441 1270 Feli-

1390 1302 1440 1333 ce
1454 1286 1762 1354 approbantur
1775 1325 1786 1336 .
2324 1305 2343 1338 1
2357 1308 2384 1349 7
2397 1307 2438 1341 ι.

1461 1353 1631 1405 Ordini
1654 1361 1728 1419 jus
1759 1356 2015 1410 Tertiarios
2041 1362 2285 1428 recipiendi
2316 1378 2442 1412 com·

1386 1437 1540 1493 ‘petere
1569 1458 1585 1484 ,
1616 1425 1665 1477 ὃς
1690 1443 1895 1496 receptos
1926 1429 2137 1479 omnibus
2169 1430 2217 1482 ὅ(
2251 1432 2440 1499 lingulis

1384 1495 1640 1567 privilegiis
1673 1497 1722 1548 <St
1755 1501 1915 1566 'gratiis
1932 1535 1947 1557 ,
1983 1500 2151 1549 Ordini
2184 1501 2439 1553 Tertiario-

1386 1580 1491 1615 rum
1510 1603 1525 1625 ,
1547 1570 1572 1615 a
1592 1583 1857 1635 quocunque
1874 1569 2087 1619 Ministro
2108 1572 2325 1623 Generali
2346 1573 2437 1623 Mi-

1387 1640 1599 1703 noritano
1621 1637 1972 1704 dependentium
1999 1641 2216 1691 conceffis
2229 1641 2436 1714 gaudere

1386 1704 1506 1774 poffe
1521 1742 1536 1764 ,
1556 1705 1605 1758 <St
1622 1705 1785 1757 debere
1803 1709 2002 1759 declarat
2017 1742 2028 1758 .
2317 1729 2334 1761 1
2348 1734 2432 1777 74.

1460 1778 1533 1831 Ut
1550 1794 1629 1844 per
1646 1776 1877 1837 octavam,
1890 1782 2114 1847 Corporis
2131 1781 2298 1832 Christi
2317 1800 2432 1834 nun-

1385 1861 1601 1916 cupatam
1617 1883 1632 1906 ,
1655 1848 1704 1897 in
1732 1847 1941 1899 omnibus
1971 1848 2165 1901 Ordinis
2193 1852 2433 1915 Eccleliis,

1386 1917 1721 1968 Santtiffimum
1754 1924 2101 1971 Sacramentum
2137 1935 2390 1991 exponatur
2414 1958 2431 1985 ,

1383 1988 1433 2040 ἃ
1462 1990 1519 2039 ad
1539 1989 1627 2039 diei
1654 1989 1972 2058 crepusculum
2001 1995 2293 2044 Matutinum
2320 2013 2429 2046 cum

1385 2059 1619 2111 Laudibus
1631 2096 1648 2119 ‚
1670 2061 1861 2112 durante
1879 2061 2155 2131 expolitione
2169 2099 2185 2122 ,
2203 2081 2429 2126 cantetur,

1384 2131 1569 2182 ordinat
1587 2165 1599 2181 .
2314 2157 2332 2186 1
2346 2157 2428 2198 77.

1454 2203 1533 2252 Fr.
1577 2203 1919 2255 Hartmannum
1966 2202 2241 2255 Brixffnsem
2286 2209 2430 2257 Mini-

1383 2271 1526 2322 strum
1556 2277 1828 2325 Generalem
1845 2309 1862 2334 ,
1888 2273 2102 2326 facultate
2130 2276 2395 2344 Apostolica
2413 2312 2429 2336 ,

1381 2343 1719 2395 Provincialem
1735 2382 1751 2404 ,
1786 2346 1835 2398 ὅς
1854 2346 1970 2397 duos
1998 2345 2284 2397 Diffinitores
2305 2348 2427 2399 sine-³

1386 2417 1592 2483 Capituli
1623 2416 1847 2468 concursu
1883 2424 1905 2479 (
1926 2418 2183 2468 neceffitate
2221 2435 2374 2468 tamen
2407 2454 2425 2478 ,

1381 2488 1458 2535 vel
1477 2489 1823 2538 Provinciarum
1842 2490 2092 2539 commodo
2112 2487 2159 2537 id
2181 2491 2423 2558 exigente)

1380 2555 1679 2607 constituendi
1698 2563 1963 2609 communit
1978 2592 1991 2607 .
2309 2579 2327 2608 1
2340 2563 2423 2620 78.

1448 2628 1612 2677 Eidem
1639 2626 1835 2679 fimilem
1854 2624 2113 2680 facultatem
2134 2629 2427 2680 Guardianos

1377 2694 1421 2745 in
1442 2697 1546 2746 adiu
1565 2698 1883 2748 celebrationis
1900 2700 2224 2766 Capitulorurn
2255 2700 2426 2768 eligen-

1377 2767 1453 2826 di,
1468 2766 1664 2835 aliasque
1683 2771 1727 2817 in
1744 2768 1878 2818 cursu
1901 2771 2168 2821 visitationis
2187 2768 2423 2820 Commis-

1377 2831 1516 2889 sarios
1539 2875 1555 2897 ‚
1584 2838 1658 2888 stu
1687 2839 1922 2907 Ministros
1952 2841 2257 2891 Provinciales
2283 2844 2424 2893 etiam

1378 2909 1436 2959 ad
1469 2912 1718 2959 triennium
1736 2909 1981 2974 duraturos
2011 2911 2306 2969 instituendi,
2334 2914 2422 2962 lar-

1375 2984 1506 3051 gitur
1523 3014 1537 3031 .
2309 2999 2368 3043 17
2371 3004 2422 3044 9·

1448 3053 1500 3104 P.
1518 3050 1801 3123 Angelicum
1815 3051 1994 3121 Viglini
2009 3088 2023 3110 ,
2037 3053 2290 3103 Provinciae
2303 3057 2424 3103 Nea-

1379 3126 1586 3193 politanae
1608 3126 1868 3174 Alumnum
1892 3122 2171 3192 Episcopum
2187 3126 2422 3192 Tropeen-

1380 3193 1472 3245 sem
1491 3192 1728 3245 constituit
1747 3228 1760 3244 .
2305 3215 2323 3244 1
2336 3199 2420 3245 80.

1450 3266 1673 3317 Carolum
1689 3266 1745 3316 de
1764 3263 1951 3333 Spinosa
1969 3262 2025 3315 de
2046 3263 2246 3315 Ecclesia
2262 3266 2421 3316 Trica-

1378 3334 1486 3388 lenfi
1505 3337 1563 3387 ad
1586 3330 1960 3406 Antverpiensem
1977 3334 2210 3387 transfert.
2306 3357 2322 3385 1
2337 3341 2362 3386 8
2378 3359 2419 3388 1.

1448 3407 1788 3474 indulgentiam
1804 3410 2050 3476 plenariam
2062 3423 2148 3476 pro
2162 3406 2299 3458 Pestis
2314 3412 2420 3459 San-

1377 3479 1560 3530 <storum
1582 3477 1749 3549 Jacobi
1777 3477 1802 3527 ὲ
1834 3479 2038 3528 Marchia
2055 3511 2070 3536 ‚
2107 3499 2159 3528 ac
2194 3478 2419 3530 Francisci

1380 3553 1567 3611 solani,
1595 3549 1763 3601 Ordin.
1795 3550 1882 3600 PP.
1907 3550 2025 3599 Min.
2054 3548 2418 3601 Observantium

1379 3636 1464 3690 pro
1488 3620 1700 3672 ‘Ecclefiis
1734 3620 1948 3671 Fratrum
1967 3657 1984 3681 ,
2019 3641 2073 3671 ac
2103 3623 2419 3672 Monialiurn...

1379 3693 1530 3744 reddit
1552 3705 1818 3760 perpetuam
1834 3729 1846 3742 .
2302 3695 2415 3742 182.

1414 3821 1417 3825 ,
1445 3765 1785 3832 Indulgentiam
1813 3762 2008 3816 fimilem
2039 3783 2123 3835 pro
2144 3762 2272 3815 Festo
2292 3767 2417 3813 Con·

2125 3835 2342 3903 ceptionis
