2658 4244
242 364 320 404 que
350 348 643 406 provisionem,
668 350 900 396 inhaerendo
929 354 1150 410 praesertim
1181 358 1290 400 Lite-

239 422 293 450 r1s
321 410 391 451 fel.
421 422 504 451 rec.
528 408 755 452 clementis
773 413 866 454 vu.
888 414 925 453 &
957 416 1288 470 GregoriiXIII.

239 469 521 512 Romanorum
538 467 797 521 Pontificum,
813 470 936 512 etiam
954 472 1290 517 praedecessorum

239 527 466 579 nostrorum
479 555 495 577 ,
511 540 581 580 per
598 525 758 571 easdem
780 528 993 585 praesentes
1010 535 1163 586 pariter
1179 548 1290 577 man-

238 583 378 628 damus
400 613 414 635 ,
442 585 645 640 praedi-flos
684 589 848 630 Fratres
883 590 1105 632 strictioris
1138 591 1287 634 Obser-

238 656 384 690 vantiae
399 658 475 686 non
497 644 695 688 molestari
714 677 729 700 ,
745 650 838 702 quin
856 647 1068 691 vilioribus
1084 679 1098 702 ,
1111 653 1148 692 ὅ(
1169 665 1288 707 repe-

239 703 350 746 tiatis
373 703 510 759 pannis
526 732 539 754 ,
564 705 604 744 &
630 703 817 762 despecto
836 707 974 749 colore
1002 719 1192 760 utantur,
1219 709 1282 752 sed

237 762 424 804 volumus
450 763 517 803 sub
544 761 692 806 eisdem
707 766 870 820 poenis,
895 766 1004 822 quod
1030 781 1172 808 eorum
1200 764 1283 809 for-

237 835 303 863 ma
345 820 516 864 Habitus
553 848 568 871 2
603 823 735 879 quoad
776 826 995 877 Caputium
1026 825 1283 876 rotundum,
1349 854 1356 858 -

237 883 495 925 Mozzettam
526 880 648 925 latam
680 911 693 933 ,
735 883 775 922 &
806 883 1047 925 Mantellum
1079 884 1282 940 perpetuo

236 941 473 994 protensum
488 966 503 989 a
528 938 573 981 fit
602 943 638 982 &
659 938 736 982 effe
751 939 899 984 debeat
916 940 1176 985 observantiae
1192 943 1287 983 Fra-

236 999 366 1041 tribus
381 1003 552 1040 omnino
565 997 784 1040 conformis
806 1028 821 1050 ,
849 1000 1044 1056 illumque
1060 1002 1165 1043 intra
1183 999 1285 1041 duos

235 1058 394 1099 menses
412 1067 553 1111 aptare
568 1085 582 1106 ,
604 1072 649 1097 ac
679 1056 834 1111 gestare
851 1059 1028 1101 debeant
1043 1086 1058 1108 ,
1085 1070 1203 1112 atque
1232 1057 1288 1097 ita

236 1130 311 1170 per
325 1114 757 1171 quoscunqueJudices
774 1115 1015 1158 Ordinarios
1032 1145 1046 1167 ,
1065 1118 1105 1158 δε
1126 1114 1291 1168 delega-

236 1184 303 1214 tos
319 1203 334 1224 ,
356 1173 478 1215 etiam
494 1171 699 1215 causarum
719 1172 1095 1230 PalatiiApostolici
1111 1171 1290 1215 Audito-

236 1245 307 1274 res
341 1230 541 1288 judicari,
566 1233 602 1273 &
630 1228 792 1272 diffiniri
825 1231 1003 1284 debere,
1027 1247 1072 1275 ac
1098 1231 1288 1281 irritum,

240 1292 280 1332 ὃς
302 1291 419 1333 inane
433 1318 449 1338 ,
476 1290 500 1330 st
519 1287 630 1331 secus
646 1290 761 1345 super
780 1291 839 1333 his
853 1291 874 1333 ἑ
890 1305 1143 1348 quocumque
1158 1317 1173 1340 2
1186 1303 1284 1345 qua-

237 1350 297 1390 vis
323 1348 565 1391 auctoritate
591 1347 769 1391 scienter
789 1377 803 1399 ,
837 1351 903 1394 vel
933 1352 1166 1404 ignoranter
1193 1361 1288 1390 con.

232 1407 592 1462 tigeritattcntari
607 1437 622 1459 ,
640 1406 899 1451 decernimus
921 1437 933 1460 ,
956 1409 1286 1452 &declaramus.
1358 1445 1360 1448 ,

238 1468 333 1511 Non
362 1464 605 1508 obstantibus
632 1467 1024 1518 Constitutionibus,
1050 1469 1090 1509 δι
1111 1465 1289 1509 Ordina-

237 1525 417 1568 tionibus
433 1524 678 1578 Apostolicis
693 1553 707 1576 ,
722 1539 767 1567 ac
781 1555 796 1578 ,
809 1538 1006 1582 quatenus
1021 1539 1120 1582 opus
1139 1524 1180 1566 fit
1193 1553 1207 1575 ,
1224 1522 1288 1565 di-

237 1585 287 1627 ἕὶὶ
312 1582 477 1625 Ordinis
498 1611 515 1632 ,
546 1583 669 1627 etiam
697 1582 956 1640 juramento,
981 1582 1288 1625 confirmatione

238 1641 472 1697 Apostolica
494 1668 507 1691 ,
535 1640 600 1682 vel
617 1643 756 1696 quavis
779 1641 973 1684 firmitate
987 1642 1063 1683 alia
1080 1639 1287 1683 roboratis

236 1698 394 1745 statutis
411 1724 425 1747 ,
453 1699 490 1738 &
512 1698 866 1740 consuetudinibus
883 1729 896 1750 ,
922 1699 1149 1753 privilegiis
1190 1711 1288 1752 quo·

239 1772 338 1816 que,
356 1755 538 1806 indultis,
550 1757 590 1797 &
606 1757 751 1799 Literis
765 1757 1006 1810 Apostolicis
1021 1757 1175 1800 eisdem
1192 1758 1288 1798 Fra-

237 1817 370 1862 tribus
387 1815 605 1859 strictioris
621 1815 894 1861 Observantiae
907 1845 921 1867 ,
951 1815 1196 1872 illorumque
1215 1818 1290 1856 Su-

236 1875 470 1935 perioribus
490 1902 503 1925 ,
530 1875 569 1917 &
583 1873 785 1929 quibusvis
800 1875 887 1918 aliis
904 1873 974 1920 sub
987 1873 1288 1931 quibuscunque

237 1947 389 1979 tenore
404 1963 420 1984 ,
443 1935 483 1975 &
499 1931 639 1975 formis
656 1962 668 1984 ,
694 1948 739 1977 ac
755 1947 844 1976 cum
863 1934 1067 1992 quibusvis
1082 1934 1204 1975 etiam
1221 1932 1290 1973 de.

237 1994 534 2050 rogatoriarum
569 1991 866 2046 derogatoriis,
891 1993 1057 2050 aliisque
1085 1990 1292 2034 efficacio-

240 2055 351 2098 ribus
369 2080 384 2102 ,
413 2049 644 2093 &insolitis
672 2050 861 2095 clausulis
888 2080 902 2103 ,
932 2067 977 2095 ac
1006 2052 1254 2094 irritantibus
1274 2080 1289 2102 ‚

240 2117 280 2156 Sc
309 2111 399 2154 aliis
416 2109 595 2152 decretis
620 2112 658 2152 in
686 2125 866 2166 genere,
892 2111 958 2153 vel
988 2111 1027 2152 in
1053 2109 1212 2166 specie,
1242 2122 1287 2150 ac

241 2171 338 2216 alias
357 2170 395 2211 in
410 2170 661 2213 contrarium
681 2168 958 2224 praemifforum
979 2167 1287 2226 quomodolibet

240 2227 433 2274 conceffis
452 2254 465 2277 ,
492 2228 771 2280 confirmatis,
800 2230 840 2272 δι
869 2228 1067 2272 innovatis
1085 2258 1096 2269 .
1130 2229 1290 2281 Quibus

240 2287 426 2333 omnibus
440 2315 456 2336 ,
483 2287 523 2326 &
552 2287 711 2343 singulis
741 2302 885 2331 eorum
916 2287 1097 2329 omnium
1125 2298 1288 2329 tenores

241 2345 506 2404 praesentibus
523 2359 597 2400 pro
613 2345 733 2401 plene
748 2375 762 2396 ,
789 2347 826 2390 δε
843 2345 1084 2389 sufficienter
1099 2345 1286 2402 expreffis

239 2405 343 2449 &ad
365 2405 534 2447 verbum
558 2405 714 2448 insertis
744 2406 934 2448 habentes
951 2431 965 2454 ,
991 2404 1070 2446 illis
1095 2404 1189 2447 alias
1217 2405 1288 2450 in..

238 2465 311 2509 suo
325 2464 474 2506 robore
491 2463 775 2518 permansuris,
793 2465 865 2506 hac
882 2463 973 2504 vice
987 2462 1186 2507 duntaxat
1203 2462 1288 2517 spe-

239 2523 404 2567 cialiter
421 2553 436 2574 ,
463 2524 503 2564 &
528 2520 716 2578 expresse
742 2522 1015 2578 derogamus,
1040 2520 1289 2575 coeterisque

242 2583 455 2626 contrariis
471 2581 993 2637 quibuscunque-Volumus
1008 2593 1163 2632 autem,
1177 2580 1287 2636 quod

241 2639 494 2698 praesentium
507 2639 762 2696 transumptis
776 2641 922 2692 ,etiam
941 2639 1153 2694 impreflis,
1168 2653 1287 2681 manu

242 2698 414 2754 alicujus
437 2698 598 2740 Notarii
627 2700 788 2753 publici,
804 2698 1030 2756 subscriptis
1045 2728 1060 2751 ,
1085 2702 1125 2744 &
1145 2697 1289 2755 Sigillo

243 2757 414 2812 alicujus
433 2755 614 2799 Personae
626 2760 666 2801 in
683 2756 882 2811 dignitate
901 2759 1176 2802 Ecclefiastica
1191 2772 1290 2800 con-

243 2817 388 2859 stitutae
405 2815 733 2866 munitis,eadem
745 2814 902 2871 prorsus
914 2817 1013 2860 fides
1028 2819 1289 2867 adhibeatur,

242 2889 332 2930 quae
346 2873 496 2917 eisdem
513 2872 770 2928 praesentibus
787 2874 1051 2922 adhiberetur
1064 2907 1078 2931 ,
1106 2877 1132 2920 si
1153 2875 1290 2920 forent

243 2934 438 2977 exhibitae
454 2960 468 2982 ,
495 2932 561 2974 vel
576 2933 735 2977 ostensae
753 2966 763 2975 .

307 2996 460 3035 Datum
485 2993 624 3034 Romae
644 2992 748 3048 apud
776 2996 815 3036 S.
837 2996 1004 3037 Petrum
1033 2995 1102 3038 sub
1128 2995 1291 3039 Annulo

245 3051 321 3096 Pis
316 3052 467 3094 catoris
480 3050 549 3092 die
563 3065 601 3092 x.
617 3053 793 3107 Januarii
811 3068 858 3095 Μ.
876 3069 947 3096 nc.
965 3069 1095 3099 xxiv.
1122 3053 1291 3100 Pontifi-

246 3121 358 3154 catus
374 3109 511 3156 Nostri
529 3112 648 3153 Anno
660 3111 800 3155 Primo
812 3140 824 3152 .

921 3174 960 3216 V.
983 3173 1146 3217 Theatin
1160 3203 1171 3214 .

300 3265 656 3345 sBrevefirmatum
672 3315 685 3339 ,
709 3288 888 3343 &plura
901 3288 1066 3348 ejusdem
1082 3291 1288 3346 Exempla-

359 3351 426 3389 ria
442 3347 572 3391 Auth.
599 3353 642 3390 in
671 3347 840 3392 Archivo
859 3361 951 3405 gen.
978 3350 1071 3393 Ord.
1099 3352 1202 3392 Tom.
1232 3352 1285 3392 C.

363 3418 467 3449 num.
481 3417 577 3462 134.

456 3525 1132 3605 1N‚OTA.<

250 3620 329 3708 C
342 3622 570 3679 Qnstitutioni
585 3627 664 3666 huic
676 3627 791 3676 quoad
807 3628 876 3665 PP.
890 3626 1083 3666 Striffloris
1098 3625 1291 3662 Obseruan-

357 3681 409 3707 ttae
434 3671 528 3707 varic
558 3675 762 3722 derogatum
798 3677 871 3716 est:
896 3689 934 3713 ea
959 3686 1073 3713 autem
1089 3700 1101 3719 ‚
1127 3687 1201 3723 quae
1225 3675 1290 3710 cir-

251 3731 291 3755 ca
312 3721 381 3757 PP.
397 3720 613 3757 Recollefftos
638 3727 763 3762 Gallia:
786 3727 930 3763 ulterius
965 3725 1039 3762 aeta
1057 3723 1175 3767 fuere,
1201 3723 1294 3759 vide-

254 3767 381 3823 bjmtur
395 3768 429 3802 in
456 3769 596 3805 Bullarii
620 3774 765 3817 Tomo,
787 3775 975 3821 Buttas,&
1003 3773 1124 3813 Brevia
1153 3771 1294 3812 Provin-

253 3825 379 3854 ciarum
389 3816 603 3855 Gallicarum
616 3822 811 3860 cominente
822 3847 831 3860 .

900 233 1062 324 Sub
1120 234 1434 328 ‘Urbano
1503 241 1596 330 V
1585 218 1733 326 ΙΙΙ.ι

1351 357 1610 408 Confirmat
1636 364 1887 407 Decretum
1912 354 1958 405 S.
1983 350 2145 421 Cong.'
2164 357 2366 408 Concilii
2380 392 2397 416 ,

1385 429 1560 479 editum
1594 443 1758 477 contra
1805 426 2050 475 nonnullos
2102 424 2345 495 Episcopos
2378 463 2394 486 ,

1384 499 1638 549 &Ministris
1657 496 2019 549 Provincialibus
2037 496 2364 562 praetendentes
2377 533 2394 555 ‚

1385 586 1435 619 ut
1470 573 1516 618 in
1548 572 1687 619 literis
1718 606 1733 627 ‚
1778 568 1939 635 quibus
1974 564 2075 614 suos
2106 567 2313 615 Clericos
2342 566 2399 616 ad

1385 643 1433 690 S.
1466 636 1588 691 O'rd.
1615 639 1894 707 recipiendos
1939 639 2130 686 mittunt
2164 672 2180 694 ,
2213 654 2303 685 non
2330 635 2396 686 so-

1379 709 1479 759 lum
1498 709 1599 778 ipsis
1619 715 1640 769 (
1658 707 1922 777 Episcopis)
1939 706 2244 757 obedientiam
2265 706 2396 775 spon-

1378 779 1539 837 deant,
1557 779 1631 828 sed
1650 784 1787 829 etiam
1795 779 2040 843 juridicam
2061 776 2393 840 fidejuffionem

1376 849 1582 917 praestent
1608 850 1663 898 de
1693 848 2070 898 subministrando
2099 847 2264 897 talibus
2285 852 2396 899 Fra-

1381 918 1526 968 tribus
1539 918 1777 969 Ordinatis
1798 917 2003 978 vistusst
2024 917 2190 969 vestitu
2207 954 2222 976 ,
2241 921 2287 968 in
2305 921 2396 987 hy-

1381 986 1541 1056 potesi,
1559 987 1686 1053 quod
1704 989 1778 1035 vel
1800 991 2086 1056 Religionem
2103 987 2357 1040 desererent
2375 1024 2392 1047 ,

1384 1059 1456 1107 vel
1471 1058 1526 1106 ab
1549 1075 1599 1105 ea
1620 1055 1929 1106 desererentur
1945 1094 1957 1106 .

1435 1159 1837 1241 URBANU‘S
1884 1189 2090 1237 PAPA
2135 1192 2319 1239 v111.

1533 1267 1601 1313 Ad
1611 1276 1844 1324 perpetuam
1869 1271 1931 1311 rei
1956 1273 2178 1313 memoriam
2195 1300 2206 1311 .

1500 1359 1647 1401 Omine
1671 1356 1807 1399 dilecti
1827 1357 1896 1400 filii
1927 1357 2100 1401 Ministri
2127 1355 2393 1402 Provincialis

1513 1417 1731 1461 Provinciae
1749 1418 1941 1459 flandriae
1967 1418 2131 1460 Ordinis
2166 1420 2402 1460 Fratrum-t

1349 1479 1555 1519 Minor-um
1583 1479 1621 1517 S.
1642 1475 1839 1517 Francisci
1863 1477 2165 1531 Capucinorum
2181 1489 2392 1530 nuncupa-

1347 1547 1484 1578 torum
1504 1535 1632 1578 Nobis
1650 1548 1778 1588 nuper
1792 1538 2013 1590 expositum
2031 1533 2109 1578 fuit
2127 1564 2140 1586 ,
2164 1535 2273 1591 quod
2290 1533 2391 1575 alias

1349 1594 1370 1636 ἃ
1393 1597 1497 1636 Ven.
1512 1593 1717 1636 Fratribus
1732 1593 1869 1635 nostris
1893 1599 1933 1638 S.
1954 1596 2005 1635 R.
2023 1597 2070 1636 E.
2099 1593 2390 1636 Cardinalibus

1349 1654 1458 1695 Sacri
1488 1651 1664 1694 Concilii
1694 1651 1926 1693 Tridentini
1955 1654 2253 1708 Interpretibus
2281 1665 2394 1694 ema-

1348 1711 1459 1754 navit
1474 1711 1699 1752 Decretum
1714 1710 1867 1750 tenoris
1880 1709 2390 1773 subsequentis3videlicet:

1384 1826 1655 1896 Illtgllriffi’mi
1675 1861 1691 1886 ,
1721 1828 1776 1876 ἐν’
1789 1827 2145 1894 Reverendiffi'mi
2162 1826 2352 1877 Domini.

1354 1932 1619 1977 Provincialis
1640 1936 1947 1989 Capucinorum
1965 1934 2160 1979 Flandriae
2174 1933 2300 1978 refert
2315 1935 2392 1978 ali-

1350 2052 1424 2094 bus
1450 2050 1532 2107 ipse
1559 2049 1648 2094 suos
1672 2053 1829 2095 Fratres
1855 2052 2100 2096 ordinandos
2127 2050 2393 2103 transmittit,

1350 2112 1539 2153 exhibeat
1555 2114 1826 2153 reverentiam
1842 2141 1855 2164 ,
1870 2113 1907 2153 &
1924 2111 2202 2154 obedientiam
2224 2113 2392 2166 Episco-

1347 2171 1407 2226 pis
1432 2201 1447 2222 ,
1479 2172 1518 2212 &
1546 2169 1713 2225 amplius
1740 2171 1898 2226 praestet
1925 2169 2136 2226 juridicam
2160 2170 2392 2227 fideijuffio-

1353 2244 1443 2272 nem
1471 2228 1791 2272 subministrandi
1810 2231 1999 2280 Victum,
2022 2231 2061 2270 &
2084 2229 2283 2271 Vestitum
2311 2230 2360 2271 iis
2377 2257 2392 2280 ,

1351 2303 1451 2344 quos
1477 2287 1701 2343 apostatare.
1717 2318 1732 2340 ,
1749 2300 1815 2332 aut
1831 2289 1925 2331 alias
1953 2289 1973 2330 a
1991 2288 2208 2342 Religione
2237 2287 2392 2330 dimitti

1347 2349 1559 2403 continget
1577 2376 1586 2386 .
1615 2350 1718 2405 Qae
1734 2362 1826 2390 cum
1851 2361 1953 2389 nova
1979 2349 2053 2389 sint
2069 2377 2082 2398 ,
2109 2349 2148 2388 &
2173 2346 2358 2389 inaudita
2378 2374 2393 2397 ,

1349 2422 1399 2449 ne
1421 2406 1531 2462 quod
1553 2407 1758 2460 Religioni
1773 2406 2053 2463 praejudicium
2069 2405 2285 2455 inferatur,
2300 2407 2393 2461 sup-

1349 2466 1505 2521 plicat,
1530 2475 1574 2508 ut
1590 2464 1854 2518 declaretur,
1885 2466 1951 2507 An
1978 2462 2061 2521 ipse
2078 2463 2194 2520 poffit
2227 2464 2278 2505 ad
2311 2464 2390 2506 hoc

1349 2523 1572 2579 compelli,
1597 2538 1671 2565 nec
1688 2526 1766 2567 ne?
1789 2566 1792 2571 ,
2022 2570 2027 2574 ,

1440 2585 1562 2623 sacra
1590 2585 1848 2638 Congu-gotio
1876 2582 2149 2625 Cardinult‘um
2175 2609 2190 2631 ,
2226 2582 2396 2624 Concilii

1355 2641 1578 2685 Tridentini
1605 2644 1869 2696 Interpretum
1903 2641 2052 2697 censuit
2070 2670 2083 2691 ,
2113 2641 2395 2683 Provincialcm

1352 2705 1637 2754 Capucinorum
1663 2703 1705 2741 in
1729 2701 1857 2742 literis
1893 2699 2116 2757 dimfflriis
2143 2727 2157 2750 ,
2189 2711 2286 2753 quos
2300 2697 2394 2754 suis

1350 2757 1564 2804 Fratribus
1589 2759 1758 2799 concedit
1768 2758 1823 2798 ad
1844 2759 2004 2799 Ordines
2015 2757 2279 2813 st‘st'fpl'mdm
2298 2781 2312 2805 ,
2326 2769 2394 2796 ne-

1349 2830 1546 2874 quaquam
1559 2818 1644 2869 cogt'
1651 2815 1755 2872 pesp?
1769 2814 1818 2856 ab
1834 2815 2024 2873 Epssopis
2040 2815 2094 2855 ad
2103 2816 2362 2856 reverentiam
2377 2842 2392 2866 ,

1349 2877 1401 2927 ξφ
1415 2875 1670 2918 obedientiam
1683 2875 1763 2915 illis
1773 2873 2114 2923 exhibendam‚auc
2127 2873 2182 2914 ad
2193 2871 2391 2929 hujusmo-

1352 2931 1941 2992 difidejuffionempraestandam
1955 2962 1971 2983 ,
1998 2946 2065 2974 nec·
2093 2932 2215 2973 ullum
2231 2935 2390 2986 pium-‚⁴

1352 2993 1581 3047 Antistium
1606 2991 1739 3033 debere
1759 3018 1774 3043 ,
1805 3001 1876 3033 aut
1910 2999 2002 3033 tuta
2033 2991 2264 3046 conscientia
2286 2988 2390 3045 poffi

1351 3054 1402 3096 ab
1432 3052 1635 3095 eorundem
1663 3054 1858 3094 Fratrum
1887 3048 2195 3092 ordinationibus
2222 3048 2290 3088 hoc
2301 3048 2390 3104 filo

1343 3120 1549 3170 praetextu
1572 3109 1763 3166 abstinere
1776 3135 1790 3158 ‚
1817 3109 1921 3162 quod
1941 3121 1986 3148 ca
2001 3105 2185 3165 formula
2209 3106 2390 3146 exhiben-

1347 3173 1387 3215 de·
1404 3169 1584 3228 Epistopo
1606 3169 1864 3210 reverentiam
1887 3195 1901 3218 ,
1926 3165 1979 3216 ὠ·
2005 3164 2281 3215 obedientiam,
2298 3165 2392 3221 fir-

1348 3240 1443 3273 vata
1456 3257 1470 3279 ,
1492 3223 1741 3284 vclfidejufflo
1749 3224 1944 3283 praestata
1963 3219 2179 3283 nonfuerit
2193 3252 2203 3262 .
2236 3223 2389 3281 Cosmus

1354 3287 1579 3333 Cardinalis
1591 3285 1635 3326 de
1656 3289 1790 3328 Torres
1806 3313 1818 3325 .

1407 3351 1521 3391 Loco
1552 3345 1608 3401 »Β
1640 3342 1769 3400 Sigilli

1402 3410 1512 3450 Cum
1526 3402 1784 3455 autem,sicut
1805 3401 1946 3445 eadem
1963 3401 2153 3457 expositio
2169 3397 2390 3455 subjunge-

1348 3469 1418 3511 bat
1432 3495 1447 3518 ,
1464 3463 1642 3508 Minister
1658 3461 1921 3506 Provincialis
1934 3460 2142 3516 praedielus
2167 3458 2388 3512 plurimum

1350 3526 1484 3581 cupiat
1505 3525 1730 3566 Decretum
1756 3517 1982 3574 hujusmodi
2010 3534 2083 3575 pro
2097 3517 2262 3561 firmiori
2277 3517 2386 3559 illius

1349 3582 1595 3628 subsistentia
1610 3610 1625 3632 ‚
1649 3575 1964 3630 &obstrvantia,
1980 3577 2221 3634 Apostolicae
2240 3573 2388 3618 confir-

1351 3642 1539 3686 mationis
1556 3637 1780 3695 patrocinio
1795 3636 2152 3689 communiri3ideo
2169 3635 2298 3678 Nobis
2314 3635 2388 3676 hu-

1352 3702 1503 3744 militer
1518 3696 1731 3754 supplicari
1748 3696 1847 3738 fecit
1866 3725 1880 3747 ,
1896 3707 1941 3739 ut
1959 3696 2046 3753 ejus
2063 3699 2167 3738 votis
2184 3692 2391 3749 hujusino-

1356 3761 1396 3803 di
1412 3772 1591 3802 annuere
1606 3756 1658 3798 de
1675 3756 1922 3811 benignitate
1938 3754 2170 3811 Apostolica
2196 3753 2389 3807 dignare-

1353 3833 1469 3862 mur.
1493 3821 1579 3863 Nos
1597 3817 1721 3871 igitur
1736 3814 1959 3860 Ministrum
1981 3812 2276 3911 Provinciahlegt
2294 3825 2389 3866 prae-

2210 3886 2221 3910 1
2265 3885 2330 3912 Ul'ss

2409 1885 2608 1928 Libellussnp-

2409 1927 2476 1966 plex
2493 1929 2525 1955 S.
2538 1931 2608 1958 Con.

1350 2007 1453 2049 quos
1477 1991 1688 2047 Episcopos
1705 1995 1953 2047 praetendere
1969 2023 1983 2046 ,
1998 1995 2095 2036 utin
2115 1994 2244 2036 literis
2262 2021 2276 2044 ,
2299 1995 2393 2049 qui·
2406 1977 2491 2037 {13:1⁸⁸-
2510 1975 2610 2006 mm
