2658 4244
364 261 389 300 1
419 261 443 300 1
475 236 512 298 6
966 227 1127 313 Sub
1170 226 1572 314 ‘Clemente
1622 225 1772 314 IX.

292 337 424 374 Ηῠὶὶῆῑιι
436 337 618 386 Capllcisso
629 360 643 381 ν
665 339 847 387 qubtannis
860 342 1146 388 proceffionalitcr
1158 356 1214 388 per
1227 347 1358 391 plateas
1372 345 1564 387 ducendam
1579 368 1588 377 .
1616 344 1854 391 opponebant
1881 341 1910 376 se
1924 341 2003 376 huic
2020 339 2110 375 faeta
2138 341 2226 378 RR.
2256 346 2321 381 ΡΡ.
2337 345 2427 380 Con-

291 387 490 430 ventuales,
508 387 716 432 anegante&
741 392 836 436 quod
855 391 926 439 jam
941 395 1011 430 An.
1034 395 1131 442 1646.
1160 394 1274 438 imago
1292 395 1337 430 D.
1354 394 1501 430 Antonii
1516 393 1551 428 in
1565 392 1701 429 illorum
1715 394 1848 431 Habitu
1862 391 1894 426 in
1910 389 2059 436 Capella
2083 387 2246 426 Thesauri
2273 391 2353 438 (uti
2368 407 2431 428 vo-

289 436 414 481 catur)
430 434 448 471 ὲ
463 435 633 471 diametro
643 437 797 483 oppofita
811 440 967 488 Capellae
979 445 1016 481 S.
1034 444 1213 481 Restitutae
1226 467 1239 486 ,
1253 443 1296 479 ab
1313 443 1411 479 Urbe
1431 441 1668 490 Neapolitana
1680 442 1780 481 fuerit
1791 441 1956 478 co¹locata
1971 462 1982 480 ‚
2018 438 2053 474 8:
2069 437 2153 472 alias
2169 439 2299 475 Divum
2314 442 2347 476 in
2371 442 2431 476 du-

289 483 372 529 plici
390 507 402 527 ,
429 482 464 519 &
487 483 645 521 distinao
669 487 833 525 Habitum
860 491 894 526 in
923 494 1040 530 eadem
1069 492 1212 529 Ecclefia
1240 491 1515 539 Metropolitana
1537 500 1740 539 comparere
1769 503 1837 527 non
1863 489 2069 536 quadraret:
2097 486 2176 522 Sac.
2193 486 2431 533 congregatio

290 532 369 567 Rit.
391 543 437 568 ex
462 533 656 579 particulari
675 538 811 574 motivo
835 540 955 578 Brevis
973 541 1168 588 Apostolici
1182 567 1195 586 ,
1227 551 1299 587 quo
1326 542 1371 577 ab
1387 541 1505 577 lnnoc.
1521 543 1563 579 X.
1579 542 1755 589 receptio,
1780 541 1815 577 8<
1835 536 1983 575 retentio
1997 538 2125 574 Statuae
2143 536 2186 571 D·
2206 537 2350 572 Antonii
2366 538 2430 573 in.-

289 581 426 616 Habitu
441 581 738 627 Conventualium
754 587 818 624 fuit
834 590 1038 628 eonfirmata
1049 612 1062 634 ,
1087 602 1205 628 contra
1219 590 1422 636 Capucinos
1441 600 1490 629 10,
1509 591 1690 629 Novemb.
1707 592 1809 634 ¹667·
1824 589 1870 625 ita
1883 585 2038 630 decrevit
2050 610 2059 621 ·
2416 612 2419 619 ·

389 629 477 686 Qum
493 629 561 680 1¹⁰st
570 630 722 679 plurima
736 636 889 676 Decreta
905 643 934 678 S
935 653 985 679 ac.
999 638 1150 676 Rituum
1163 639 1451 686 congregationis
1464 662 1476 682 ‚
1500 651 1673 679 annuente
1686 642 1789 677 etiam
1803 640 1831 675 S
1832 636 2006 686 anfiiffimo
2021 635 2116 672 edita
2133 655 2145 676 ,
2167 633 2210 675 (θ’
2223 642 2363 690 executa
2373 639 2432 689 pro

290 686 481 726 receptwne
495 703 507 720 ³
533 680 576 721 (θ’
605 690 772 732 perpetua
787 691 977 725 retentione
1002 689 1137 726 Statuae
1150 690 1190 727 S.
1205 689 1360 726 Antonii
1374 687 1415 722 de
1427 686 1551 725 Padua
1573 692 1613 725 in
1625 691 1766 726 Habitu
1783 683 2077 726 Conventualium
2102 686 2140 719 in
2163 684 2330 720 Sacrario
2345 705 2359 723 2.
2373 682 2435 729 seu

292 725 467 774 Thesauro
484 728 766 778 Metropolitanae
781 735 953 774 Civitatis
968 735 1137 785 Neapolis
1150 762 1163 781 ‚
1173 746 1281 785 prout
1290 738 1330 771 in
1341 734 1439 771 ditiis
1453 736 1624 774 ‘Decretis
1637 763 1651 783 ,
1669 739 1715 774 ad
1728 750 1800 787 quae
1814 737 1884 778 &c.
1895 734 2072 782 ‘Princeps
2088 731 2317 772 Cellamarius
2328 731 2437 788 dona:

289 777 387 812 verit
404 775 593 812 Gauonicis
609 778 754 830 ejusdem
768 785 1044 834 Metropolitanae
1057 786 1221 822 Statuam
1233 784 1379 832 eiusdem
1391 785 1429 818 in
1442 784 1583 822 Habitu
1595 787 1848 835 Capucinorum
1861 796 1936 821 cum
1951 782 2205 820 condit-ionibus
2220 805 2232 825 ,
2253 790 2293 817 ut
2318 787 2436 827 exponi

289 823 411 861 debeat
426 824 482 861 die
496 824 678 866 Dominica
699 833 796 881 infra
807 834 973 870 Offiavam
987 832 1071 882 Festi
1084 834 1228 882 ejusdem
1241 830 1280 868 in
1295 832 1432 881 Capella
1448 834 1579 870 Sanftae
1592 834 1770 884 Restitutae
1786 860 1798 878 ‚
1812 835 1910 884 pofita
1925 832 1940 868 ἒ
1954 831 2122 880 conspeFiu
2139 830 2234 867 illius
2247 829 2407 866 Sacrarii
2420 852 2435 871 ,

289 872 336 913 &
355 872 523 921 Thesauri
531 877 687 923 praediffi
700 904 713 923 ,
736 892 838 929 atque
849 881 1130 933 proceffionaliter
1155 882 1285 930 deferri
1313 893 1388 918 cum
1409 883 1613 919 interventu
1627 879 1774 922 Patrum
1786 884 2040 931 Capucinorum
2053 906 2066 924 ‚
2090 892 2164 916 cum
2178 878 2345 927 &Music-is
2358 903 2371 922 ,
2393 877 2435 918 (5·

289 921 341 958 Co
348 923 531 960 ncionibus
545 926 588 961 ab
603 927 722 975 eisdem
736 931 926 978 Capacinis
933 931 1108 980 faciendis
1121 955 1133 975 ,
1146 932 1188 972 ὠ·
1198 929 1279 966 aliis
1288 929 1394 978 paffiis
1409 931 1449 965 in
1464 929 1646 966 donatione
1658 931 1808 980 appositis
1819 955 1832 972 ‚
1851 931 1896 966 ad
1909 942 2010 978 quam
2022 931 2094 971 &c.
2110 928 2234 964 Eadem
2249 929 2329 964 Sac-
2347 927 2438 964 Con-

283 981 348 1017 gre
351 972 451 1017 gotio
466 971 511 1007 ad
524 975 710 1012 reiteratas
720 986 837 1026 preces
851 979 1095 1017 procuratoris
1110 978 1293 1016 Generalis
1308 975 1600 1017 Conventualium
1611 1001 1624 1019 ‚
1652 990 1782 1014 necnon
1796 979 2048 1025 Deputatorum
2071 975 2153 1013 diiii
2172 976 2338 1024 Thesauri
2355 1000 2367 1018 ‚
2394 975 2436 1016 ὠ·

291 1018 435 1067 Capellae
447 1021 487 1057 S.
508 1021 684 1070 ‘Januarii
698 1050 711 1070 ,
725 1027 848 1063 audita
860 1040 989 1077 quoque
1003 1026 1167 1076 instantia
1182 1029 1435 1065 Canonicorum
1449 1023 1543 1061 diriae
1558 1024 1833 1073 Metropolitanae
1844 1049 1858 1068 ,
1871 1037 1908 1062 re
1903 1026 2064 1074 sponditr
2079 1027 2108 1063 S
2110 1034 2278 1061 erventur
2296 1023 2431 1060 omnino

287 1065 439 1105 Decreta
458 1070 486 1105 S
488 1081 539 1105 ac.
554 1070 841 1120 Congregationis
853 1099 866 1118 ,
886 1077 930 1117 ὠ·
943 1075 1178 1113 Simulacrum
1191 1075 1231 1111 S.
1245 1075 1400 1111 Antonii
1412 1076 1451 1109 in
1464 1074 1607 1110 Habitu
1621 1074 1878 1121 Caput-inarum
1890 1073 1982 1110 nullo
1996 1073 2089 1110 modo
2103 1082 2292 1121 exponatur
2306 1099 2315 1109 .

385 1118 476 1152 Cum
491 1128 605 1154 autem
618 1122 725 1166 aliqui
740 1123 825 1158 RR.
843 1122 1212 1161 PP.Conventualium
1225 1134 1270 1159 ex
1286 1124 1351 1159 hoc
1368 1125 1517 1159 Decreto
1531 1121 1739 1170 phylatsteria
1754 1122 1970 1169 ampliarent,
1982 1123 2124 1168 gratiam
2135 1122 2178 1158 ad
2195 1121 2437 1169 Metropolita-

288 1175 364 1200 nam
383 1165 565 1212 Neapolit.
581 1169 765 1205 resti-istam
784 1182 846 1216 per
864 1172 1040 1218 publicum
1053 1183 1175 1219 typum
1186 1170 1380 1219 spargerent
1395 1170 1633 1214 universalem,
1643 1170 1875 1219 nobisquejus
1892 1172 2023 1208 Divum
2039 1170 2236 1208 Antonium
2251 1169 2286 1205 in
2303 1170 2436 1205 Habitu

287 1211 408 1247 nostro
430 1213 594 1250 vestiendi
618 1217 773 1254 absolute
793 1220 986 1266 ademptum
1000 1220 1064 1258 ess'e
1080 1221 1330 1265 praetenderent
1341 1245 1353 1264 ‚
1377 1220 1413 1255 P.
1429 1219 1636 1256 Procurator
1650 1219 1833 1257 Generalis
1849 1219 1968 1255 Nostri
1982 1219 2126 1256 Ordinis
2140 1219 2273 1262 sumpto
2288 1219 2417 1254 adSac.

287 1260 606 1306 congregationem
625 1267 773 1303 Rituum
788 1268 923 1306 recursu
935 1293 948 1313 ‚
959 1269 1156 1316 gravamina
1170 1269 1225 1304 sua
1242 1269 1357 1306 Eidem
1375 1269 1496 1304 Italico
1512 1268 1674 1304 idiomate
1687 1269 1848 1317 exposuit
1861 1291 1874 1311 ,
1885 1268 1926 1303 ist
1941 1267 1994 1304 hic
2008 1266 2163 1314 sequitur
2180 1268 2215 1300 in
2234 1266 2355 1301 Latino
2373 1292 2383 1302 .

384 1308 597 1348 Procurator
609 1314 790 1352 Generalis
803 1317 1057 1368 Cdpucinorum
1068 1315 1253 1355 humillime
1268 1318 1406 1367 exponit
1419 1317 1491 1353 ΕΕ.
1506 1314 1588 1354 VV-
1601 1317 1752 1365 qualiter
1764 1315 1832 1367 post
1841 1325 2034 1352 emanatum
2047 1315 2090 1351 ab
2106 1313 2167 1350 hac
2179 1314 2260 1350 Sac.
2279 1314 2414 1362 Congre
2423 1327 2438 1338 ⁰

282 1358 428 1406 gatione
441 1358 639 1399 ‘Decretum
674 1364 864 1404 articulare
879 1369 973 1404 circa
983 1367 1146 1405 Statuam
1160 1367 1361 1403 S.Antonii
1375 1367 1415 1401 in
1429 1364 1600 1415 Thesauro
1610 1363 1761 1414 Neapoli
1770 1365 1959 1413 ponendam
1969 1366 2008 1401 in
2021 1363 2163 1402 Habitu
2178 1362 2253 1399 PP.
2273 1363 2434 1399 Conven-

287 1405 437 1443 tualium
446 1430 461 1451 ,
485 1409 524 1443 in
536 1409 638 1447 diver
650 1425 677 1448 ts
689 1413 798 1451 Italiae
807 1416 889 1453 locis
898 1416 1079 1465 praefatum
1091 1416 1275 1453 Decretum
1282 1416 1398 1463 fuerit
1418 1416 1509 1463 typis
1522 1413 1733 1466 impastum,
1755 1415 1800 1458 ὼ·
1818 1410 2047 1464 reimpreffum
2061 1424 2137 1451 cum
2154 1409 2271 1468 Titulo
2280 1422 2429 1458 genera-

287 1454 340 1500 li,
363 1455 549 1493 videlicet:
575 1461 768 1499 Decretum
777 1464 856 1501 Sac.
871 1463 1164 1510 Congregationis
1184 1464 1283 1510 super
1299 1464 1493 1501 Simulacro
1505 1465 1552 1500 D.
1567 1463 1714 1500 Antonii
1731 1463 1909 1506 Patavini,
1938 1461 2119 1508 prohibens
2131 1485 2145 1504 ,
2170 1472 2212 1495 ne
2237 1461 2346 1508 ipsum
2359 1460 2432 1496 ullo

285 1504 394 1589 {nodo
404 1505 438 1540 in
454 1505 588 1545 Habitu
601 1510 786 1559 Capucino
795 1523 993 1562 exponatur
1003 1537 1017 1558 ,
1030 1513 1087 1551 (ed
1102 1513 1336 1550 tantummodo
1350 1512 1384 1549 In
1397 1512 1534 1549 Habitu
1545 1512 1687 1550 Ordinis
1701 1513 1882 1550 Minorum
1895 1510 2011 1550 saneti
2025 1509 2191 1548 Francisci
2206 1509 2434 1545 Conventua-

303 1565 374 1589 tum
386 1580 396 1590 .

384 1602 439 1639 Ex
449 1603 592 1653 inspefzo
604 1607 669 1643 tali
680 1610 839 1656 generali
856 1610 972 1647 Titulo
985 1636 998 1655 ‚
1024 1613 1043 1658 (
1058 1613 1098 1647 iu
1112 1610 1148 1645 in
1163 1622 1299 1647 annexo
1313 1613 1452 1647 videtur
1461 1610 1578 1658 folio)
1603 1611 1763 1649 nonnulli
1785 1609 2023 1659 pretendunt,
2056 1607 2146 1657 quod
2170 1607 2217 1644 Ι).
2233 1604 2430 1643 usntom‘ut

286 1662 356 1686 non
368 1650 511 1697 amplisu
523 1678 532 1692 ‚
562 1654 606 1695 (θ’
620 1657 659 1691 in
675 1657 767 1692 nullo
782 1682 795 1701 ,
823 1659 1067 1707 quicunquestt
1079 1682 1093 1702 ‚
1118 1657 1186 1693 loco
1197 1658 1287 1707 poffit
1298 1659 1438 1706 depingi
1450 1683 1465 1702 ,
1491 1657 1550 1694 vel
1548 1658 1662 1706 sculpi
1675 1661 1713 1693 in
1726 1658 1867 1694 Habitu
1881 1659 2135 1704 Caput-inarum
2147 1679 2160 1700 ,
2173 1655 2238 1704 sed
2245 1653 2430 1701 privativi

285 1700 326 1733 in
339 1709 375 1734 eo
396 1699 472 1736 PP.
489 1700 781 1740 Conventualium
796 1730 807 1747 ‚
823 1706 866 1746 ὼ·
879 1706 1015 1752 quidem
1026 1729 1038 1748 ‚
1051 1707 1107 1741 uti
1121 1705 1222 1742 multi
1237 1715 1411 1752 apponunt
1423 1707 1509 1753 ‚sub
1522 1715 1619 1753 poena
1634 1707 1990 1740 excommunicationis
2003 1730 2014 1739 .
2064 1737 2070 1745 ,

383 1745 466 1782 Fuit
478 1748 595 1792 etiam,
607 1753 668 1796 qui
675 1752 811 1800 publice
825 1754 865 1788 in
881 1753 1071 1798 cathedra,
1083 1754 1227 1838 nonffine
1241 1754 1397 1790 Habitus
1412 1753 1514 1802 nostri
1529 1754 1665 1800 injuria
1677 1777 1691 1795 ‚
1703 1762 1823 1788 contra
1841 1752 2030 1799 Capucium
2050 1753 2282 1788 acuminatum
2310 1750 2429 1786 clama-

283 1795 341 1830 vit
353 1818 364 1837 ,
385 1794 477 1831 unde
492 1801 724 1836 contentiones
736 1803 775 1838 in
792 1800 1044 1838 Tribunalibus
1057 1826 1071 1844 ‚
1081 1803 1137 1838 uti
1189 1803 1314 1839 enetiis
1325 1825 1337 1844 ,
1349 1801 1476 1839 Clodiae
1489 1797 1584 1851 Foffae
1601 1801 1674 1843 &a
1702 1813 1778 1836 cum
1793 1799 1977 1848 confusione
1989 1811 2113 1846 magna
2127 1824 2138 1843 ,
2153 1812 2190 1835 ac
2204 1798 2319 1847 populi
2329 1799 2432 1847 *li-an-

283 1841 363 1878 dalo
384 1843 611 1891 nascebantur
627 1873 637 1884 .
656 1849 839 1899 Supplicat
847 1850 950 1898 proin
965 1850 1036 1887 ΕΕ.
1052 1847 1091 1887 V
1091 1848 1135 1887 V.
1150 1874 1163 1893 ‚
1182 1860 1223 1886 ut
1245 1851 1538 1887 inconvenientiis
1552 1848 1664 1898 elapsis
1679 1873 1692 1893 ‚
1718 1849 1761 1890 &⁰
1774 1849 1914 1898 futuris
1937 1849 2076 1884 obviare
2095 1847 2299 1895 dignentur,
2322 1846 2432 1884 decla-

283 1890 394 1927 ΝΜΟ
405 1915 416 1935 ³
432 1893 520 1940 quod
532 1918 546 1938 ‚
556 1894 644 1944 ficut
663 1898 844 1948 Inscriptio
853 1898 1026 1946 generalis
1040 1908 1222 1935 memorata
1240 1897 1379 1936 incauti
1391 1922 1404 1943 ‚
1429 1899 1472 1940 (θ’
1486 1908 1607 1936 contra
1619 1907 1763 1935 mentem
1774 1897 1877 1945 hujus
1887 1897 1969 1933 Sac.
1985 1897 2270 1943 Congregationis
2293 1898 2332 1932 in
2351 1895 2430 1931 aliis

283 1939 447 1976 Decreth·
464 1964 477 1984 a
492 1944 683 1992 prasertim
699 1949 738 1983 in
750 1949 910 1984 ‘Decreto
925 1958 981 1995 27.
995 1949 1205 1995 Septembris
1224 1948 1321 1994 ¹659·
1335 1946 1426 1983 edito
1438 1959 1457 1983 e
1498 1944 1617 1997 teffam
1629 1970 1641 1989 ‚
1650 1945 1775 1993 fuerat
1787 1943 1928 1993 appofita
1942 1967 1955 1987 2
1973 1946 2025 1980 ita
2034 1946 2126 1979 vmm‘
2144 1954 2290 1991 tempore
2321 1943 2428 1992 elapso

283 1986 421 2025 licitum
421 1990 538 2037 fuerit
553 2015 563 2035 ,
587 1994 630 2035 ὼ·
642 1995 799 2046 deinceps
810 1995 946 2033 licitum
949 1996 994 2045 sit
1005 1997 1157 2032 retinere
1165 2021 1177 2040 ‚
1191 1996 1234 2038 ὠ·
1244 2005 1407 2045 exponere
1415 1955 1568 2043 pigeret
1576 2020 1589 2039 ‚
1594 1992 1793 2044 sculpturas
1804 1993 1876 2035 &a
1891 1992 1931 2030 S·
1945 1993 2099 2030 Antonii
2111 1991 2284 2030 Patavini
2305 1994 2344 2029 in
2354 1993 2432 2030 Ha-

283 2037 364 2090 bitu
378 2039 482 2074 etiam
498 2040 674 2088 Capaecino
686 2068 699 2088 ‚
720 2044 825 2094 juxta
838 2044 1022 2094 cujuslibet
1032 2044 1245 2083 devotionem
1259 2070 1269 2081 .
1295 2044 1586 2095 QunGratiam
1600 2044 1668 2080 Sec.

383 2087 445 2123 Ad
467 2089 563 2136 quod
587 2092 654 2128 Die
676 2105 708 2139 9.
729 2095 826 2142 Junii
845 2095 945 2131 ι668.
968 2093 1122 2131 Libellus
1149 2093 1365 2139 gravatorius
1389 2093 1454 2130 fuit
1474 2093 1623 2131 remiss‘us
1646 2093 1688 2130 ad
1714 2093 1790 2130 Sec.
1812 2090 2130 2136 congregationem
2157 2089 2266 2128 Sacrae
2292 2088 2431 2139 inquili-

284 2135 391 2171 ῑῖῡῐὶἷδ
405 2160 416 2178 ³
439 2149 514 2183 quae
532 2149 585 2184 30.
597 2141 691 2185 Iunii
710 2143 811 2179 1668.
827 2143 1036 2180 Reaoribus
1050 2142 1174 2179 Brixiae
1189 2166 1202 2185 ‚
1225 2144 1258 2179 8<
1275 2143 1420 2179 veronae
1431 2143 1572 2188 desuper
1586 2142 1634 2178 ita
1647 2141 1710 2179 scri
1738 2141 1775 2178 lit
1787 2168 1798 2179 .

384 2182 424 2220 V
419 2189 612 2226 ertentibus
626 2191 734 2237 quibu
749 2191 827 2228 dam
840 2191 1046 2243 differentiis
1058 2192 1098 2227 in
1112 2192 1271 2230 Civitate
1287 2189 1523 2240 Neapolitana
1545 2194 1639 2229 inter
1654 2154 1751 2227 P‘Ag.
1771 2190 1967 2239 Capucinos
1979 2213 1991 2233 ,
2012 2189 2054 2230 ὠ·
2067 2186 2325 2226 Conventuales
2338 2189 2431 2224 circa

284 2233 462 2271 Habitum
474 2258 487 2278 ,
501 2247 565 2283 quo
579 2239 709 2275 Statua
763 2266 772 2276 .
789 2240 944 2278 Antonii
955 2240 1076 2277 debeat
1089 2239 1208 2290 vestiri
1223 2265 1235 2284 ,
1247 2240 1306 2277 vel
1314 2239 1372 2277 illo
1391 2240 1646 2289 Ca’pucinorum
1655 2265 1668 2285 ,
1692 2238 1751 2276 vel
1766 2237 1874 2276 altero
1893 2238 2187 2276 Conventualium
2202 2239 2241 2291 in
2256 2237 2433 2287 Proceffio-

284 2292 327 2316 ne
343 2282 382 2315 in
395 2293 578 2321 memorata
591 2287 685 2324 vrbe
698 2312 711 2332 ‚
729 2288 834 2335 juxta
853 2289 1143 2339 testamentariam
1166 2289 1357 2337 ‘Principis
1370 2289 1572 2327 Cellamarii
1585 2289 1822 2339 dispositionem
1836 2313 1849 2333 ,
1871 2287 2055 2325 Dominica
2071 2287 2169 2337 infra
2186 2285 2353 2322 Oclavam
2370 2295 2432 2334 per

282 2327 443 2377 Ecclssfim
451 2332 660 2381 principales
664 2335 832 2383 facienda
846 2340 860 2371 ?
884 2337 1019 2385 prodiit
1029 2337 1216 2375 Decretum
1227 2339 1308 2375 Sac.
1323 2339 1609 2386 Congregationis
1622 2339 1772 2375 Rituum
1796 2339 1836 2372 in
1851 2337 2011 2386 favorem
2023 2334 2121 2371 ‘'P‘'P.
2137 2333 2430 2372 Conventualium

283 2376 432 2414 {imitate
444 2401 457 2421 φ
480 2379 524 2420 &⁰
539 2390 601 2429 pro
615 2381 677 2419 illa
689 2384 783 2420 ‘vrbe
796 2385 988 2423 duntaxat:
1014 2385 1087 2433 jam
1097 2385 1179 2422 vero
1191 2398 1268 2423 cum
1278 2387 1487 2424 inaudiatur
1500 2413 1513 2432 ‚
1539 2387 1628 2436 quod
1641 2388 1828 2425 Decretum
1841 2383 1910 2424 tale
1922 2386 1962 2420 in
1975 2383 2086 2434 vestra
2099 2385 2193 2420 vrbe
2197 2383 2296 2431 fueri
2301 2392 2316 2419 t
2334 2383 2433 2418 reim—

278 2423 425 2475 preffum
428 2427 638 2477 subreptitie
650 2457 664 2475 ,
676 2434 774 2480 eique
786 2435 825 2468 in
835 2436 1009 2482 principio
1021 2433 1182 2481 adjunffla
1190 2435 1348 2481 praefatio
1361 2459 1373 2478 ‚
1386 2449 1459 2483 quae
1471 2438 1510 2472 in
1525 2435 1706 2484 Originali
1725 2447 1793 2471 non
1809 2436 2009 2475 continetur
2025 2457 2037 2478 ‚
2051 2434 2094 2474 ὠ·
2112 2444 2184 2480 quae
2197 2432 2295 2481 efficit
2309 2456 2321 2475 ‚
2344 2430 2433 2479 quod

282 2476 470 2512 Decretum
484 2487 559 2514 cum
566 2480 766 2529 praejudicio
780 2481 1036 2530 Capucinorum
1045 2504 1059 2524 ,
1081 2482 1120 2515 in
1159 2481 1445 2528 uorumfavorem
1456 2484 1527 2530 jam
1536 2488 1636 2534 prius
1649 2485 1799 2522 Decreta
1816 2484 1919 2533 hujus
1933 2483 2220 2530 Congregationis
2244 2480 2338 2517 edita
2352 2478 2435 2528 sub*-

271 2536 321 2560 ⁴re
334 2549 348 2568 ,
368 2533 512 2572 pateat,
533 2528 575 2568 ὠ·
588 2528 634 2577 fit
647 2528 844 2577 universale
858 2556 869 2566 .
896 2529 1021 2581 Qare
1043 2491 1261 2567 Exceilentiae
1281 2527 1403 2580 Vestrae
1427 2531 1667 2579 dignabuntur
1682 2534 1882 2582 disponere,
1902 2540 1942 2567 ut
1965 2528 2117 2580 impreffa
2140 2528 2345 2576 exemplaria
2364 2553 2378 2572 ,
2401 2527 2435 2576 ]ἱ

281 2584 355 2622 quae
368 2573 470 2622 hujus
483 2586 618 2613 naturae
631 2579 864 2616 inveniantur
878 2603 891 2621 ‚
906 2577 1235 2662 maneantsusliensa
1248 2603 1261 2623 ,
1275 2579 1319 2620 ὼ·
1332 2578 1936 2631 ‘Bibliopolissubgraviffimispoenis
1949 2581 1995 2614 im
2019 2588 2144 2615 onatur
2157 2603 2169 2622 ,
2185 2589 2227 2613 ne
2242 2576 2313 2612 alia
2331 2579 2430 2614 reim-

276 2623 436 2670 primant
448 2648 460 2666 ‚
479 2625 522 2666 &¹
547 2628 659 2662 omnia
675 2626 748 2676 jam
760 2626 912 2679 impreffa
934 2628 979 2664 ad
992 2626 1123 2666 Cancel
1135 2628 1246 2664 ariam
1254 2636 1440 2676 portentur
1453 2653 1467 2672 ,
1484 2631 1536 2666 ibi
1549 2630 1774 2667 comburenda
1791 2641 1803 2669 3
1825 2640 1900 2666 cum
1925 2629 1986 2676 qui
2000 2628 2070 2664 ibet
2096 2628 2260 2664 Statuam
2285 2626 2325 2663 S.
2338 2625 2430 2662 «Λη-

282 2672 371 2706 tonii
382 2672 421 2706 in
433 2671 493 2708 illa
508 2675 665 2711 Habitus
671 2676 801 2724 forma,
815 2690 916 2726 quam
926 2678 1067 2726 propria
1081 2676 1189 2713 difflat
1198 2677 1348 2724 devotio,
1358 2679 1474 2727 pingi,
1490 2678 1549 2718 vel
1551 2680 1703 2728 formari
1709 2680 1829 2728 facere
1835 2678 1928 2729 poffit
1939 2702 1948 2713 .
1976 2678 2022 2715 Et
2039 2676 2240 2726 receptionis
2262 2685 2302 2710 ac
2317 2685 2430 2710 execu-

281 2719 388 2755 tionis
396 2721 844 2774 praeseutiumpraestolamur
856 2729 1016 2764 notitiam
1028 2726 1100 2768 &a

383 2769 522 2815 lnsuper
532 2771 566 2806 &
580 2773 657 2808 Sac.
672 2775 913 2820 Congregatio
928 2776 988 2812 sub
1003 2785 1062 2811 21.
1072 2774 1160 2824 Julii
1180 2776 1283 2812 ι668.
1293 2777 1336 2815 ad
1350 2776 1477 2815 fortius
1500 2778 1703 2815 firmandum
1714 2776 1970 2824 Capucinorum
1990 2776 2055 2824 Jus
2066 2799 2081 2818 ,
2108 2773 2216 2811 edidit
2239 2772 2428 2808 Decretum

281 2824 360 2854 ante
374 2818 508 2853 Noram
520 2819 668 2865 politum
682 2848 692 2858 .

379 2866 518 2914 ijus
527 2880 640 2906 autem
655 2883 725 2917 non
739 2873 954 2910 obstantibus
967 2897 979 2918 ,
1005 2874 1171 2918 gliscebat
1184 2876 1294 2912 adhue
1307 2876 1368 2912 sub
1388 2875 1498 2912 cinere
1520 2875 1609 2920 ignis
1635 2873 1918 2912 contradiffionis
1931 2897 1944 2917 ‚
1965 2882 2078 2910 contra
2109 2883 2211 2920 quem
2226 2871 2330 2906 Pater
2347 2871 2429 2906 Pro-

280 2925 420 2951 curator
434 2916 615 2954 Generalis
641 2920 862 2958 Illustriffimo
878 2923 1032 2959 Domino
1046 2924 1216 2960 Generali
1239 2923 1403 2962 Auditori
1426 2925 1578 2961 Camere:
1593 2923 1806 2971 Apostolicae
1826 2923 1945 2961 institit
1970 2935 2033 2972 pro
2056 2919 2197 2959 Decreti
2225 2917 2427 2968 suprapositi
2447 2914 2453 2948 l

281 2965 400 3011 aeq‘uieq
417 2976 457 3002 ac
467 2966 612 3003 aliorum
622 2970 827 3007 executione
839 2995 854 3015 ,
879 2972 1052 3010 mediante
1067 2972 1263 3011 Monitorio
1275 2999 1289 3020 ,
1302 2972 1469 3023 expedito
1479 2998 1495 3019 ,
1507 2974 1548 3010 itt
1564 2973 1714 3023 sequitur
1728 2985 1738 3010 ς

655 3165 1244 3224 ALOYSIUS
1353 3170 1484 3234 DE
1581 3165 2038 3231 AQUINO

281 3287 606 3340 'Prothonotarius
626 3291 862 3350 Apostolt'cus
878 3322 890 3344 ,
921 3295 1135 3352 Utriusque
1155 3300 1383 3351 Signatum.-
1397 3293 1629 3353 Sanffiffmi
1644 3298 1701 3336 D.
1717 3295 1771 3337 N.
1791 3296 1903 3349 Papae
1919 3294 2221 3352 Refirendarius
2234 3323 2249 3346 ,
2281 3307 2421 3337 necnon

340 3352 377 3390 C
379 3362 443 3390 ur·
462 3351 625 3409 Causizr.
645 3355 755 3395 Cam.
772 3353 903 3410 Apoll.
920 3355 956 3395 G
959 3356 1123 3396 encratis
1141 3360 1313 3398 Auditor
1325 3385 1338 3408 ,
1352 3360 1611 3410 Romanaeque
1629 3357 1759 3398 Curia
1773 3355 1907 3408 ‘Judex
1923 3355 2159 3396 ordinarius
2173 3382 2187 3405 ,
2201 3358 2363 3396 Senten-

397 3413 549 3452 tiarum
564 3424 714 3466 quoque
729 3439 742 3462 ‚
765 3411 813 3459 ἅθ’
829 3414 911 3454 Cau
932 3426 1047 3455 arum
1061 3422 1143 3455 tam
1158 3418 1200 3456 in
1216 3416 1346 3456 eadem
1364 3418 1537 3459 Romana
1554 3418 1701 3464 Curia,
1729 3413 1849 3468 quam
1863 3421 1978 3454 extra
2001 3426 2083 3452 eam
2098 3415 2275 3454 latarum
2289 3442 2302 3465 ,

471 3483 529 3510 ·ac
544 3473 774 3513 Litcrarum
791 3474 877 3525 Apo
913 3473 1102 3514 olicarum
1129 3487 1448 3529 quorumcunque
1463 3474 1696 3534 universalis
1707 3501 1720 3522 ,
1748 3473 1797 3520 ὅ
1821 3485 1946 3514 merus
1962 3475 2153 3514 Executor
2168 3470 2217 3512 ab

568 3529 693 3572 eodem
709 3528 944 3588 Sanffiffi’mo
960 3534 1125 3574 Domino
1141 3532 1280 3589 Nostro
1297 3536 1400 3588 Papa
1399 3534 1637 3591 specialiter
1649 3530 1786 3576 eutius
1800 3559 1814 3582 ‚
1830 3531 1883 3581 ἐφ’
1895 3530 2100 3586 α’φκῑαῑιις
2115 3561 2125 3572 .

285 3635 370 3724 U
387 3633 546 3688 Niverfis
560 3666 572 3685 ‚
596 3645 784 3696 &singulis
796 3647 881 3685 RR.
894 3647 979 3687 DD.
994 3649 1194 3687 Abbatibus
1207 3675 1219 3695 ,
1235 3650 1418 3689 Prioribus
1434 3677 1446 3698 ‚
1457 3650 1652 3700 Praepositis
1668 3673 1681 3694 ‚
1702 3649 1853 3694 Decanis
1866 3672 1880 3692 ‚
1904 3646 2071 3684 Diaconis
2086 3671 2099 3692 ‚
2125 3646 2394 3684 Archidiaconis
2404 3670 2417 3689 2

398 3686 609 3742 {euolasticis
621 3718 633 3737 ³
648 3696 860 3734 Cantoribus
869 3723 882 3742 ,
910 3698 1152 3743 Thesaurariis
1163 3723 1175 3742 a
1198 3699 1356 3749 Sacristis
1367 3725 1379 3745 ,
1404 3712 1476 3739 tam
1491 3697 1752 3738 Cachedralium
1764 3722 1779 3742 ‚
1805 3695 1906 3745 quam
1918 3695 2186 3743 Collegiatarum
2201 3696 2415 3746 Ecclefiarum

287 3735 473 3792 Gaffmmffl
484 3760 499 3779 ³
518 3737 838 3795 Parachialiumque
852 3742 1053 3784 Reflor'ibus
1062 3772 1077 3792 ‚
1099 3746 1262 3785 Plebanis
1275 3774 1287 3794 ,
1314 3747 1351 3786 V
1348 3749 1550 3800 iceplebanis
1560 3772 1575 3793 ‚
1603 3748 1749 3785 Curatis
1762 3770 1774 3790 ‚
1804 3758 1872 3782 non
1887 3746 2032 3785 Curatis
2043 3770 2055 3789 ‚
2068 3746 2260 3795 caeterisque
2273 3744 2417 3789 Presby-

286 3791 371 3818 teffl'
383 3807 397 3826 ³
427 3781 472 3823 &¹
482 3783 629 3822 Clerm't
639 3812 652 3831 2
677 3790 845 3830 Notariis
855 3821 868 3839 ‚
899 3797 943 3838 ὠ·
966 3796 1002 3832 T
997 3795 1221 3835 tabellionibus
1235 3799 1498 3848 quibuscumque
1510 3821 1525 3842 ‚
1549 3794 1671 3845 illique
1682 3820 1697 3840 ,
1727 3794 1786 3832 vel
1794 3794 1865 3832 illis
1876 3793 2103 3843 &asalutem
2131 3796 2170 3830 in
2185 3794 2332 3831 Domino
2342 3791 2413 3847 &a

286 3829 450 3880 Exposuit
460 3841 570 3882 nuper
583 3843 694 3873 coram
706 3839 822 3878 Nobis
843 3843 1152 3895 Reverendiffimus
1175 3847 1284 3886 Pater
1306 3842 1555 3886 Bonaveutura
1582 3845 1623 3882 de
1637 3843 1803 3883 Recineto
1828 3845 2044 3885 Procurator
2060 3841 2254 3930 Genergls}
2265 3839 2415 3895 Ordinis

2200 3915 2209 3925 ο
2252 3899 2364 3924 ranci-
