2658 4244
328 240 426 321 84
903 226 1062 316 Sub
1125 227 1442 317 Urbano
1509 226 1721 314 VIII.

255 338 421 375 diriorum
440 337 600 377 Parrum
610 366 624 386 ‚
645 338 750 392 prout
760 345 930 396 constabat
938 355 980 382 ex
1007 343 1151 392 allegato
1163 346 1192 382 S
1194 347 1358 381 ummario
1373 355 1466 380 num.
1486 353 1515 389 3.
1538 343 1583 379 ad
1596 356 1631 392 9.
1653 369 1667 389 ‚
1706 355 1809 393 atque
1822 343 1958 392 insuper
1971 338 2108 394 exfafio
2122 362 2135 383 9
2145 340 2200 383 ὑ·
2222 340 2401 392 attestatio-

257 399 299 422 ne
312 386 458 424 aliorum
470 386 703 427 parochorum
715 393 821 430 vrbis
834 418 847 438 ‚
859 394 1015 443 coequale
1029 392 1102 443 {fus
1115 405 1191 429 cum
1202 393 1260 428 illo
1274 392 1405 431 Sanflae
1418 393 1585 441 Susannae
1598 392 1797 430 habentium
1813 419 1825 438 ‚
1841 395 1901 441 qui
1921 392 2042 438 absque
2058 388 2129 425 ullo
2141 389 2376 428 reclamatione
2389 414 2402 434 ,

254 437 360 472 etiam
375 438 413 472 in
423 435 607 485 conspicuis
614 439 815 489 funeribus,
824 443 956 495 admiffo
965 444 1046 493 jure
1050 440 1238 491 sepeliendi
1246 442 1373 490 favore
1387 442 1655 490 Capucinorum,
1671 439 2092 492 &servatosolitffisuam
2100 441 2290 487 portionem
2299 440 2403 488 fune·

255 482 383 521 ralium
399 485 596 533 adsormam
605 487 731 538 statuti
746 501 946 540 receperant
960 519 970 530 .

352 534 385 571 Ε
404 534 575 583 εοηῙΡεὲἵιι
590 538 704 585 igitur
718 538 842 577 harum
853 545 1028 580 rationum
1039 538 1370 588 ‘FP-Suffroganter
1384 537 1633 588 existimabant,
1647 551 1715 575 non
1725 538 1808 589 polle
1826 538 1963 577 attendi
1977 536 2207 573 authoritates
2219 541 2281 582 pro
2294 534 2400 572 Paro-

254 581 314 618 cho
327 582 488 620 addai-“ias
500 610 514 631 ‚
526 589 687 632 quoniam
702 599 811 628 omnes
827 588 892 627 illae
907 591 1133 640 loquebantur
1146 591 1254 626 obiter
1266 612 1278 632 ‚
1301 587 1551 630 &incidenter
1570 585 1808 636 ‚supponendo
1823 589 1861 625 id
1871 613 1883 632 s
1906 587 1995 636 quod
2008 585 2107 621 h⁰die
2133 583 2406 640 disputabatur,

255 631 299 671 ὁ·
322 631 418 668 nulla
441 643 483 668 ex
494 636 551 670 -iis
570 659 585 679 ,
616 635 663 671 ad
683 638 829 676 articuli
857 651 995 676 examen
1017 638 1237 687 descendebat
1249 663 1261 681 ‚
1286 649 1324 672 ac
1351 647 1394 672 eae
1419 634 1523 672 multo
1546 637 1657 672 minus
1687 637 1903 685 applicabiles
1930 633 2218 682 dignoscebantur
2239 632 2404 679 praesenta

258 678 366 729 Theſs,
379 683 418 716 in
428 692 496 726 qua
509 684 548 719 ob
566 683 838 733 construb'lionem
851 688 1045 738 sepulturae,
1055 685 1180 736 faffam
1190 695 1252 735 pro
1269 684 1570 732 Extraneis,usque
1582 685 1624 720 ab
1637 686 1740 723 initio
1753 686 1908 734 edificate
1922 683 2064 732 Ecclesiae
2082 691 2228 718 curante
2229 683 2406 729 san-mem.

255 728 399 766 vrbano
418 727 515 769 Vm.
528 744 589 769 cen
604 734 657 769 eri
667 733 811 775 debebat
825 730 864 772 in
878 737 1031 774 omnibus
1041 761 1055 780 ,
1069 737 1111 778 ὼ·
1121 743 1182 783 per
1197 736 1308 771 omnia
1327 730 1649 781 Constitutionibu5‚
1663 734 1721 770 vel
1734 735 1888 784 Instituto
1897 732 1998 785 fuiffe
2012 732 2212 778 derogatum
2223 755 2244 787 .-

353 776 506 817 Firmato
519 793 560 818 ex
585 790 674 830 upra
685 784 838 823 addufiir
849 785 929 833 jure
941 784 1138 827 tumulandi
1151 783 1298 829 ,favore
1315 781 1458 830 Ecclefiae
1470 782 1499 818 S
1501 781 1684 829 anffliffimae
1700 785 1938 832 Conceptionis
1953 784 2101 821 Patrum
2113 781 2404 827 Capucmorunu

260 827 423 865 veniebat
435 829 474 864 In
486 831 756 880 consequentt'am
767 859 780 877 ‚
795 833 864 869 illis
878 836 982 870 etiam
1001 834 1119 870 deberi
1124 831 1229 878 solita
1242 830 1462 868 emolumenta
1476 827 1663 866 Funeralia
1675 855 1690 876 ,
1700 832 1804 881 juxta
1818 832 1908 882 quod
1920 831 2147 882 prafflicatum
2154 828 2279 877 fuerat
2296 838 2406 862 cunt.»

261 874 343 912 aliis
354 875 534 915 ‘Parochis
545 904 559 925 ,
581 880 624 921 ὠ·
637 892 712 919 cum
725 884 864 932 ipsomet
875 882 1029 921 Parocho
1041 879 1176 919 Sanetae
1189 879 1356 921 Sulimnae
1367 903 1378 913 .

50 924 155 992 gru
176 925 212 964 e!
238 934 245 954 =
362 923 409 962 Et
428 928 481 963 ita
500 938 648 978 utraque
672 931 745 973 &c-
770 933 822 979 (·)

53 974 250 1043 ψέἱῗῃῒζὲἰί
557 988 559 990 ’

49 1043 249 1075 formamefuit

52 1085 176 1114 decisum
187 1102 197 1112 .

403 1025 644 1074 uotlescunque
656 1029 836 1076 autemjus
850 1030 1002 1066 nostrum
1016 1054 1028 1071 ‚
1041 1027 1075 1062 in
1089 1029 1186 1064 causa
1196 1027 1258 1063 hac
1274 1025 1472 1071 particulari
1492 1032 1562 1059 tam
1575 1022 1682 1058 solid-E
1698 1023 1733 1059 8<
1750 1024 1986 1061 universaliter
2002 1024 2211 1060 vindicatum
2225 1047 2238 1067 ,
2250 1022 2415 1067 deinceps

265 1073 406 1112 servaris
435 1076 593 1111 ervandis
609 1086 771 1113 exercere
788 1079 875 1112 ratio
890 1078 1040 1112 stradebit
1058 1099 1070 1116 ‚
1091 1086 1259 1111 memores
1273 1073 1336 1109 effe
1351 1081 1493 1120 oportet
1522 1072 1726 1116 Superiores
1748 1072 1891 1110 Locales
1906 1075 2053 1110 duorum
2085 1075 2231 1109 aliorum
2248 1073 2415 1125 Decretu-

263 1135 353 1166 rum,
367 1123 556 1160 authentice
576 1124 615 1157 ¹⁶71
629 1125 741 1161 Arch.
753 1124 917 1161 Generali
933 1125 1023 1160 Ord.
1036 1126 1143 1161 Tom.
1158 1126 1196 1160 L.
1219 1134 1311 1158 num.
1332 1131 1408 1167 177.
1422 1119 1666 1156 affcrvatorum
1676 1142 1689 1161 ‚
1715 1129 1864 1164 quorum
1889 1123 2003 1167 primo
2028 1121 2065 1155 S.
2086 1122 2156 1157 Rit.
2170 1121 2415 1173 Congrcgauo

267 1168 602 1219 19.Januar111692.
629 1173 771 1208 sancivit
784 1195 797 1215 ,
819 1184 860 1210 ut
873 1173 1063 1221 hujttfmodi
1079 1172 1251 1207 cadavera
1259 1169 1473 1219 sepeliantur
1495 1171 1534 1205 in
1556 1166 1624 1203 loco
1637 1167 1797 1215 separato
1815 1172 1860 1206 ab
1884 1170 1968 1214 illo,
1985 1179 2050 1215 quo
2078 1167 2298 1224 tumulantur
2321 1164 2416 1201 Reli-

255 1219 361 1268 giosiz
385 1221 495 1255 altero
510 1220 596 1255 vero
609 1220 782 1265 inhibuit,
807 1233 852 1257 ne
869 1215 1055 1269 sepulchris
1070 1232 1207 1267 vagus,
1237 1221 1272 1256 8<
1297 1219 1451 1255 modesto
1481 1215 1708 1255 Ecclesxarum
1734 1217 1923 1255 nostrarum
1947 1217 2061 1256 cultui
2085 1218 2251 1254 difformis
2272 1223 2415 1249 ornatus

258 1268 317 1303 seu
332 1269 559 1305 stemmatum
574 1267 718 1314 insignia
733 1271 800 1307 ἃς.
816 1281 1028 1318 apponantur
1043 1295 1053 1306 .

358 1317 459 1354 Plura
477 1317 556 1361 alia,
569 1318 712 1354 materias
724 1319 806 1356 huic
819 1331 968 1358 armexa,
988 1320 1020 1355 8<
1032 1333 1190 1358 connexa
1204 1318 1318 1355 videre
1334 1317 1414 1353 licet
1424 1315 1460 1351 in
1472 1316 1589 1351 nostro
1605 1312 1700 1363 ‘Jure
1714 1315 1822 1364 deciso
1837 1317 1856 1353 a
1876 1316 1940 1353 fol.
1957 1327 2036 1364 223.
2049 1316 2154 1362 usque
2167 1314 2209 1349 ad
2224 1311 2304 1347 281.
2320 1310 2418 1345 Con-

255 1364 393 1403 sulatur
407 1366 551 1414 desuper
568 1367 603 1402 8(
618 1367 723 1403 ludex
745 1367 917 1412 generalis
937 1368 1044 1404 Verb.
1064 1363 1484 1417 sepultura-&cularium,
1511 1373 1638 1411 quarta
1653 1363 1831 1412 funeralis
1844 1367 1917 1407 «ἕνα.
2203 1411 2212 1420 ο

339 1424 341 1426 ·
357 1414 466 1465 Qud
480 1415 561 1450 dein
573 1416 728 1452 cadvera
742 1415 963 1461 saecularium,
979 1419 1111 1455 Habitu
1132 1414 1389 1455 nostriordinis
1404 1413 1517 1451 vestiri
1530 1424 1654 1460 queam
1669 1437 1682 1457 2
1694 1425 1739 1450 CX
1754 1415 1908 1451 Decreto
1921 1413 2012 1451 inter
2021 1413 2298 1452 constitutiones
2315 1407 2415 1456 ΡΜ)8

260 1463 452 1501 innocentii
467 1462 517 1500 X.
530 1464 674 1512 liquebit
684 1488 696 1499 .

258 1681 370 1747 Ut3,
398 1679 669 1760 contagione
695 1689 1042 1740 celebrationem
1065 1694 1306 1757 Ca‘pitulo-

291 1777 397 1811 rum
416 1761 775 1809 Provincialium
797 1762 841 1808 in
864 1762 1087 1827 aliquibus
1118 1765 1307 1812 Provin-

291 1833 374 1881 ciis
393 1829 687 1898 impediente,
705 1834 791 1882 PP.
810 1832 1126 1890 Provincialis,
1142 1832 1188 1883 ὃ(
1211 1830 1307 1883 Dif-

293 1900 496 1952 finitores
524 1899 782 1951 necessarias
810 1901 1085 1970 provisiones
1112 1902 1308 1963 faciant,

293 1971 345 2023 ὅ(
364 1965 657 2022 Gua'rdianos
679 1974 854 2043 eligant
873 2008 888 2031 ,
921 1973 1131 2024 concedit
1146 2011 1158 2023 .
1187 1968 1192 1976 ⁵

332 2102 754 2157 URBANUS
810 2106 1030 2154 PAPA
1083 2107 1234 2155 VIII.

465 2219 536 2263 Ad
547 2218 742 2279 futuram
768 2226 830 2265 rei
855 2226 1102 2265 memoriam.

378 2338 515 2392 xponi
542 2339 671 2382 Nobis
695 2352 830 2396 nuper
858 2339 957 2383 fecit
985 2340 1156 2384 dilectus
1185 2342 1310 2386 Filius

406 2399 652 2439 Procurator
688 2400 903 2442 Generalis
935 2402 1120 2442 Fratrum
1150 2403 1314 2444 Ordinis

264 2459 473 2499 Minorum
487 2455 618 2500 Sansti
636 2457 835 2499 Francisci
849 2458 1152 2513 Capucinorum
1170 2475 1314 2502 nuncu-

265 2525 479 2572 patorum,
498 2514 610 2570 quod
624 2543 638 2566 ,
660 2531 750 2557 cum
765 2517 818 2558 ob
844 2517 1023 2571 contagii
1047 2517 1315 2570 impedimen-

267 2582 355 2617 tum
385 2573 422 2614 in
457 2574 657 2630 aliquibus
688 2575 867 2631 ejusdem
893 2575 1058 2617 Ordinis
1088 2579 1313 2620 Provinciis

266 2631 729 2691 CapitulaProvincialia
747 2634 947 2676 celebrari
961 2637 1314 2691 nequeant,idcir-

267 2701 419 2736 cotum
433 2718 447 2740 ‚
459 2704 507 2732 ne
520 2692 739 2734 Provinciae
751 2694 839 2748 ipsae
851 2693 983 2749 aliqua
1001 2707 1218 2750 propterea
1235 2696 1313 2738 cir-

266 2764 315 2794 ca
331 2745 565 2793 necessarias
589 2749 833 2805 provisiones
855 2755 1060 2806 pariantur
1088 2755 1314 2798 incommo-

267 2810 321 2853 da
339 2836 354 2858 ,
380 2818 466 2852 tum
481 2809 603 2851 etiam
621 2838 634 2860 ,
657 2812 751 2865 quia
776 2812 963 2854 nonnulli
979 2814 1204 2856 Guardiani
1229 2817 1314 2857 Do-

266 2881 426 2911 morum
459 2868 703 2923 regularium
733 2869 910 2925 ejusdem
938 2871 1106 2913 Ordinis
1131 2873 1314 2929 eligendi

267 2927 359 2974 sunt
374 2955 389 2977 ,
413 2926 537 2969 dietus
569 2929 813 2971 Procurator
838 2930 1054 2972 Generalis
1079 2930 1188 2984 iuxta
1210 2932 1315 2974 deli·
1337 2941 1340 2942 ’

267 2986 522 3030 berarionem
544 2986 583 3027 in
599 2989 936 3044 Congregatione
950 3017 963 3040 ,
986 2991 1051 3032 hic
1069 2991 1242 3034 Romaed
1259 2991 1319 3034 di-

267 3046 382 3090 lestis
399 3045 509 3087 Filiis
527 3045 692 3088 Vicario
708 3048 904 3089 Gener-ali
917 3079 931 3100 ,
953 3048 997 3090 ac
1020 3049 1316 3094 Diffinitoribus

269 3105 451 3158 eiusdem
465 3103 631 3147 Ordinis
656 3107 789 3150 habita
802 3103 943 3149 fastam
958 3137 970 3158 ‚
987 3122 1060 3162 per
1080 3113 1165 3151 Nos
1181 3109 1234 3152 de
1256 3111 1318 3151 in-

268 3162 482 3218 frascripta
497 3160 711 3215 facultate,
727 3180 773 3207 ac
787 3164 885 3207 aliis
901 3163 1072 3221 desuper
1086 3168 1314 3222 opportune

267 3221 479 3281 provideri
495 3221 706 3277 sumopere
720 3222 949 3275 defideret3
968 3228 1052 3267 Nos
1067 3224 1175 3268 felici
1191 3229 1317 3270 dista-

269 3297 356 3324 rum
372 3283 675 3325 Provinciarum
691 3282 824 3332 statui,
838 3281 1114 3339 prosperaeque
1127 3285 1325 3327 directim.

271 3341 311 3382 ni
325 3369 338 3388 ,
352 3343 547 3397 quantum
563 3355 654 3383 cum
673 3341 852 3384 Domino
866 3339 1076 3396 possumus,
1091 3343 1315 3387 consultum

272 3397 349 3439 effe
375 3404 587 3455 cupientes
604 3428 618 3451 ,
638 3400 764 3451 ipsum
784 3403 1102 3444 Procuratorem
1130 3406 1316 3446 Genera-

273 3456 354 3497 lem
383 3457 613 3510 specialibus
640 3459 870 3509 favoribus,
893 3460 933 3500 ὅ(
958 3460 1099 3515 gratiis
1134 3461 1314 3516 prosequi

275 3514 459 3557 volentes
475 3545 489 3562 ,
513 3521 550 3560 &
576 3518 595 3559 ἃ
620 3519 821 3574 quibusvis
854 3520 1314 3570 excommunicationis,

273 3571 555 3625 suspensionis,
585 3579 624 3619 ὅ(
650 3577 853 3620 interdicti
879 3605 892 3628 ,
920 3576 1084 3629 aliisque
1117 3579 1315 3622 Ecclesia-

275 3631 381 3673 sticis
395 3630 623 3686 sententiis,
649 3637 848 3686 censuris,
866 3637 906 3678 &
921 3636 1050 3693 poenis
1067 3636 1088 3680 a
1106 3635 1193 3690 jure
1209 3667 1221 3687 ‚
1248 3636 1312 3680 vel

276 3690 325 3731 ab
342 3690 505 3732 homine
521 3718 535 3740 ,
549 3695 686 3746 quavis
698 3697 908 3738 occasione
924 3723 938 3745 ,
963 3694 1028 3737 vel
1058 3697 1169 3738 causa
1199 3697 1286 3740 latis
1304 3725 1318 3746 ,

275 3750 302 3789 si
330 3748 472 3802 quibus
498 3752 805 3805 quomodolibet
835 3753 1047 3796 innodatus
1073 3757 1236 3807 existit,
1268 3755 1316 3798 ad

276 3806 462 3850 effectum
486 3806 735 3867 praescntium
771 3811 967 3857 duntaxat
990 3812 1313 3873 consequendum

1365 1693 1506 1734 harum
1531 1689 1631 1730 serie
1653 1689 1908 1730 absolventes
1925 1718 1940 1740 ,
1965 1692 2005 1730 &
2030 1687 2259 1731 absolutum
2290 1681 2416 1747 fore..)

1364 1749 1575 1792 censentes
1590 1776 1603 1798 ,
1615 1746 1988 1801 supplicationibus,
2001 1748 2086 1805 ejus
2105 1746 2267 1788 nomine
2285 1743 2414 1804 Nobis

1366 1810 1481 1863 super
1498 1808 1573 1848 hoc
1593 1806 1800 1848 humiliter
1816 1807 2007 1861 porrectis
2028 1805 2235 1853 inclinati,
2249 1809 2417 1865 attentis

1368 1865 1716 1917 narratis‚dile<‘tis
1733 1870 1857 1907 etiam
1873 1863 1964 1907 filiis
1980 1865 2168 1908 Ministris
2189 1866 2419 1923 Provincia—

1366 1926 1500 1975 libus,
1526 1939 1570 1966 ac
1605 1923 1902 1971 Diffinitoribus
1935 1915 2418 1982 provinciarumOrdints

1369 1983 1623 2040 hujusmodi,
1647 1982 1755 2040 quod
1787 1983 1899 2025 fimul
1929 1982 2165 2039 congregati
2181 2007 2196 2030 ,
2220 1979 2261 2019 δι
2282 1987 2423 2032 provi-

1367 2042 1496 2086 slones
1511 2071 1524 2094 ,
1545 2057 1627 2096 quae
1644 2039 1865 2085 neceffariae
1877 2054 2014 2093 erunt,
2030 2042 2167 2084 facere
2181 2069 2197 2089 ,
2213 2050 2286 2079 nec
2303 2047 2420 2099 non<

1366 2103 1489 2144 etiam
1514 2116 1640 2144 novos
1670 2104 1895 2144 Domorum
1922 2102 2166 2157 regularium
2195 2092 2420 2153 hujusmodi

1366 2160 1618 2205 Guardianos
1649 2161 1804 2214 eligere
1822 2161 1951 2204 libere
1965 2190 1981 2213 ‚
2011 2162 2048 2202 &
2079 2158 2190 2201 licite
2224 2155 2386 2198 valeant
2404 2177 2420 2200 ,

1362 2220 1593 2276 Apostolica
1610 2220 1876 2263 Authoritate
1893 2231 2069 2271 ,tenore
2086 2215 2334 2274 praesentium
2364 2212 2423 2251 fa-

1371 2280 1565 2323 cultatem
1584 2279 1845 2322 concedimus
1861 2308 1875 2329 ,
1899 2281 1939 2321 &
1957 2279 2234 2334 impartimur3
2266 2276 2422 2339 [Jecer-

1374 2350 1513 2383 nentes
1549 2353 1674 2381 novas
1707 2338 2035 2381 Guardianorum
2067 2332 2292 2393 hujusmodi
2310 2391 2316 2397 .
2333 2328 2424 2369 ele-

1375 2399 1526 2440 &iones
1540 2427 1553 2448 ,
1569 2398 1725 2454 aliaque
1742 2394 1927 2452 praemiffa
1947 2426 1959 2447 ,
1977 2398 2120 2452 vigore
2137 2394 2393 2454 praesennum
2411 2414 2426 2437 ,

1377 2458 1416 2499 ὺι
1435 2455 1659 2510 praesertur,
1683 2455 1865 2499 facienda
1881 2487 1896 2507 ,
1910 2457 2113 2512 postquam
2130 2452 2229 2494 faeta
2244 2448 2394 2492 fuennt
2412 2473 2426 2495 ,

1377 2515 1507 2559 valida
1526 2545 1540 2567 ,
1566 2515 1678 2558 firma
1695 2544 1709 2566 ,
1732 2517 1771 2557 δε
1794 2513 1973 2557 efficacia
2000 2514 2172 2556 existere
2187 2540 2202 2560 ,
2229 2512 2270 2551 &
2299 2506 2419 2571 fote,

1374 2574 1540 2630 suosque
1566 2575 1768 2630 plenarios
1787 2602 1800 2623 ,
1825 2574 2057 2627 &integros
2073 2570 2233 2613 effectus
2259 2569 2391 2610 sortlrl
2407 2590 2423 2615 ‚

1373 2637 1412 2676 δι
1428 2635 1617 2676 obtinere
1636 2662 1649 2684 ,
1676 2648 1754 2676 nec
1779 2646 1860 2674 non
1881 2633 1924 2674 iis
1944 2661 1957 2682 ,
1978 2633 2018 2673 in
2035 2642 2213 2687 quorum
2234 2626 2420 2669 favorem

1373 2693 1472 2736 fient
1488 2723 1502 2744 ,
1516 2691 1738 2749 pleniffime
1753 2691 1950 2747 suffragari
1975 2692 2016 2731 in
2045 2689 2235 2732 omnibus
2250 2715 2264 2738 ,
2291 2687 2427 2748 &per

1374 2751 1766 2803 omnia,perinde.,ac
1780 2752 1805 2791 fi
1820 2752 1861 2790 in
1878 2749 2080 2804 Capitulis
2100 2741 2425 2806 provincialibus

1375 2811 1484 2868 juxta
1516 2811 1609 2853 dicti
1633 2809 1802 2851 Ordinis
1829 2809 2169 2855 constitutiones,
2193 2799 2426 2860 Apostolica

1377 2872 1643 2917 Autboritate
1671 2867 1930 2909 confirmatas
1958 2863 2058 2908 faeta
2073 2862 2259 2914 fuissent,
2293 2860 2426 2915 sicque

1378 2934 1426 2977 ab
1441 2931 1628 2975 omnibus
1651 2925 1834 2975 censeri,
1861 2927 1969 2967 &ita
1986 2940 2058 2981 per
2081 2922 2426 2979 quoscunqueju-

1376 2992 1517 3038 dices,
1532 2992 1569 3031 δι
1585 2984 1898 3034 Commiffarios,
1913 2985 2052 3040 quavis
2070 2983 2320 3026 authoritate
2335 2975 2427 3020 fun-

1378 3061 1523 3105 gentes
1540 3046 1737 3104 judicari,
1762 3047 1802 3086 &
1816 3042 1979 3086 definiri
1997 3043 2178 3093 debere,
2199 3055 2243 3082 ac
2259 3039 2427 3080 irritum

1379 3112 1417 3152 δε
1440 3109 1588 3158 inane,
1612 3105 1636 3146 fi
1664 3103 1759 3159 quid
1788 3104 1896 3144 secus
1926 3101 2040 3158 super
2059 3102 2118 3141 his
2142 3100 2163 3141 ἐι
2191 3111 2426 3153 quoquam,

1377 3168 1514 3224 quavis
1527 3164 1791 3212 authoritate,
1803 3159 2061 3212 scienter,vel
2077 3161 2311 3214 ignoranter
2328 3169 2427 3221 con·

1377 3227 1517 3281 tigerit
1534 3222 1753 3267 attentari.
1777 3224 1869 3263 Non
1885 3219 2127 3262 obstantibus
2148 3217 2423 3281 Constitutjoff

1374 3286 1493 3329 nibus
1508 3314 1523 3336 ,
1547 3285 1584 3326 8<
1598 3279 1936 3325 ordinationibus
1965 3276 2206 3333 apostolicis
2222 3304 2235 3325 ,
2266 3289 2312 3316 ac
2328 3274 2423 3340 dish

1376 3344 1540 3387 Ordinis
1571 3369 1586 3393 ,
1617 3339 1801 3397 illiusque
1833 3339 2135 3380 Provinciarum
2170 3333 2392 3387 hujusmodi
2410 3358 2425 3380 ,

1376 3405 1497 3447 etiam
1515 3402 1757 3457 juramento,
1772 3397 2074 3440 confirmatione
2089 3394 2334 3450 Apostolum,
2354 3391 2422 3432 vel

1374 3463 1515 3518 quavis
1531 3460 1721 3503 firmitate
1735 3458 1812 3501 alia
1842 3456 2040 3499 roboraris
2055 3455 2210 3496 staturis
2228 3482 2240 3503 ,
2265 3454 2302 3495 &
2320 3465 2420 3492 con-

1375 3521 1651 3564 suetudinibus
1669 3547 1683 3569 ,
1709 3516 1928 3573 privilegiis
1943 3528 2108 3569 quoque
2122 3541 2136 3563 ,
2158 3512 2328 3555 indultis
2344 3538 2358 3560 ,
2387 3512 2426 3550 δι

1376 3581 1525 3624 Literis
1544 3575 1781 3631 Apostolicis
1812 3576 1850 3616 in
1875 3573 2121 3626 contrarium
2139 3569 2422 3626 praemissorum

1377 3637 1681 3694 quomodolibet
1699 3632 1907 3682 concessis,
1923 3631 2186 3682 confirmatis,
2200 3633 2239 3673 &
2257 3632 2426 3672 innova-

1375 3699 1424 3740 tis
1441 3727 1452 3739 .
1476 3696 1637 3752 Qubus
1650 3693 1833 3735 omnibus
1852 3720 1865 3743 ,
1878 3693 1917 3733 &
1931 3693 2111 3747 singulis,
2124 3691 2289 3733 illorum
2305 3699 2428 3730 teno-

1380 3771 1442 3800 res
1470 3752 1728 3812 praesentibus
1755 3766 1828 3805 pro
1854 3750 2100 3793 sufficienter
2129 3747 2317 3805 expreffis
2356 3749 2426 3786 lia-

1377 3817 1537 3868 bentes,
1552 3812 1628 3856 illis
1642 3810 1739 3855 alias
1754 3812 1793 3854 in
1808 3811 1875 3857 suo
1897 3811 2043 3854 robore
2057 3806 2340 3874 permansuris,
2354 3808 2426 3848 hac

2277 3879 2368 3910 vxce
