2658 4244
274 254 383 339 ,46

879 235 1042 326 Sub
1105 237 1456 354 Gregorio
1519 241 1612 326 X
1607 238 1748 328 [V

218 343 341 405 num,
369 349 432 394 vel
462 348 773 394 subcinericium
802 353 818 403 ζ
843 353 888 395 ut
914 351 1150 410 praemissum
1178 354 1234 396 est
1251 382 1265 405 ,
1324 372 1421 413 que,
1441 355 1633 408 Indultis,
1652 359 1688 398 &
1706 353 1855 399 Literis
1872 349 2128 410 Apostolicis‚
2144 355 2369 406 fratribus‚‘

219 417 344 458 etiam
376 411 624 453 Mantellum
647 411 809 467 longius
838 412 889 455 ad
914 412 1264 456 conventualium
1323 419 1362 458 ὃς
1379 417 1600 458 Hei-emitis
1631 414 1824 471 praedictis
1843 442 1857 465 ,
1886 424 2112 467 eorumque
2136 415 2368 470 Superiori*

222 469 520 526 longitudinem
538 468 707 514 deferre
733 498 748 521 ,
773 471 811 512 &
841 483 1092 514 mozzettam
1117 473 1242 515 latam
1260 500 1274 523 ,

223 531 446 584 &longam
461 558 476 579 ,
491 544 566 572 non
580 527 647 572 sub
665 528 881 582 mantello,
901 531 970 573 sed
984 531 1101 585 super
1118 531 1273 586 gestare

224 598 445 632 teneantur
458 616 469 628 .
513 588 679 646 Insuper
712 589 901 631 strieiori
938 594 1274 645 Capucinorunt..

223 647 508 704 praedistorum
527 649 613 690 vitae
641 648 901 690 consulentes
919 677 933 699 ,
966 662 1015 691 ne
1041 651 1090 692 ab
1120 648 1272 691 eisdem

223 705 478 750 Reformatis
506 706 572 762 ipfi
601 708 801 763 Capucini
825 707 1016 757 admitti,
1045 708 1111 755 vel
1141 708 1267 763 recipi

224 763 367 821 poffint
384 793 398 815 ,
422 763 490 810 sub
506 765 651 815 eadem
665 767 1091 819 excommunicationis
1106 768 1267 808 senten-

223 826 296 875 tia,
316 823 400 878 ipso
415 825 541 875 sano,
559 837 641 868 tam
656 826 706 866 ab
721 823 811 879 ipsis
826 826 1047 880 Capucinis
1063 825 1241 879 receptis
1256 852 1271 875 ,

225 884 347 942 quam
370 884 624 927 Reformatis
667 884 960 936 recipientibus
986 881 1230 931 incurrenda
1258 910 1272 932 ,

224 940 508 985 interdicimus
523 971 537 994 ,
569 945 607 983 δε
632 942 917 998 ρτοὴὶὸειιιυ35
946 944 1000 987 Et
1016 940 1272 984 nihilominus

223 1006 356 1045 astum
376 1000 500 1056 ipsum
520 1001 763 1056 receptionis
781 1029 795 1052 ,
810 1003 847 1042 &
864 998 1062 1051 transitus,
1080 1012 1272 1055 tanquam

223 1059 409 1103 indebite
427 1058 572 1101 factum
590 1088 604 1109 ,
631 1074 680 1102 ex
696 1073 802 1101 nunc
816 1087 830 1109 ,
852 1069 972 1113 prout
989 1073 1036 1100 ex
1055 1069 1150 1100 tunc
1177 1057 1275 1097 irri-

219 1131 312 1161 tum
326 1146 340 1168 ,
355 1120 394 1158 &
408 1119 566 1172 penitus
583 1117 737 1160 nullum
753 1115 830 1158 effe
846 1116 1107 1159 decernimus
1122 1143 1136 1165 ,
1151 1116 1190 1165 &
1204 1113 1274 1154 de-

215 1178 424 1224 claramus
448 1205 459 1216 .
505 1178 558 1217 Et
599 1176 793 1230 quoniam
832 1173 1016 1216 fimiliter
1042 1172 1274 1228 accepimus

219 1233 445 1285 nonnullos
472 1234 601 1283 alios,
631 1234 699 1288 qui
728 1231 798 1273 sub
822 1234 1127 1277 Heremitarum
1157 1244 1275 1274 voca-

221 1293 320 1335 bulo
335 1292 593 1334 nominantur
609 1319 622 1342 ,
644 1294 764 1346 'vagos
784 1320 797 1343 ,
811 1303 879 1334 aut
897 1290 1090 1348 profugos
1106 1320 1120 1342 ,
1151 1303 1196 1331 ac
1215 1291 1273 1340 A-

220 1351 414 1408 cephalos
430 1350 500 1393 sub
515 1350 666 1392 nullius
681 1350 928 1392 Obedientia
944 1350 1145 1407 degentes
1162 1376 1175 1399 ,
1194 1362 1270 1390 nec

221 1410 515 1464 Episcoporum
530 1408 800 1464 jurisdictioni
816 1408 855 1450 se
871 1406 1130 1466 subjicientes
1147 1436 1162 1458 ,
1187 1405 1270 1450 fine

220 1471 354 1526 aliqua
372 1469 542 1513 licentia
558 1497 571 1520 ,
601 1468 667 1510 vel
686 1467 765 1510 loci
780 1467 1039 1522 affignatione
1054 1497 1068 1519 ,
1095 1481 1170 1510 non
1189 1466 1270 1509 sine

1336 476 1406 516 bus
1421 504 1435 526 ,
1457 478 1496 516 &
1519 476 1698 518 Personis
1725 475 1762 516 in
1781 486 1930 528 genere
1945 501 1959 523 ,
1987 470 2050 514 vel
2068 472 2106 511 in
2121 470 2251 528 specie
2267 487 2370 529 quo·-

1335 534 1562 576 modolibet
1581 533 1772 577 conceffis
1788 562 1802 583 ,
1817 530 2082 581 confirmatis,
2095 533 2136 572 &
2148 531 2368 573 innovatis.

1335 593 1493 653 Qibus
1508 594 1695 636 omnibus
1709 622 1723 644 ,
1751 606 1894 634 eorum
1922 602 2087 633 tenores
2117 588 2369 646 praesentibus

1335 657 1410 706 pr'o
1424 651 1670 696 sufficienter
1684 651 1870 707 expre-ffis
1885 650 2079 692 habentes
2094 678 2109 701 ,
2134 651 2209 692 hac
2228 650 2373 693 vice-³

1327 710 1524 755 duntaxat
1551 711 1784 767 specialiter
1799 740 1813 763 ,
1835 712 1872 751 &
1900 707 2084 764 expresse
2100 710 2344 763 derogamus
2360 733 2375 758 ,

1330 772 1560 827 caeterisque
1583 771 1799 812 contrariis
1814 769 2120 825 quibuscunque
2139 798 2149 808 .
2167 767 2372 815 Volumus

1332 837 1467 872 autem
1484 857 1498 878 ‚
1522 829 1630 884 quod
1657 829 1909 885 praesentium
1927 828 2188 882 transumptis
2209 853 2222 876 ,
2249 825 2377 867 etiam

1332 885 1523 941 impreffis
1537 916 1550 938 ,
1567 901 1688 937 manu
1703 887 1854 940 publici
1872 886 2034 930 Notarii
2053 883 2285 939 subscriptis
2300 913 2315 936 ,
2337 885 2377 930 &

1334 944 1464 998 sigillo
1482 943 1649 1000 alicujus
1668 945 1839 1001 personae
1857 976 1871 997 ,
1887 948 1925 987 in
1951 945 2153 1000 dignitate
2174 942 2376 985 Ecclesiaff

1335 1004 1426 1047 stica
1442 1003 1661 1046 constitutae
1675 1004 1840 1045 munitis
1856 1033 1871 1055 ,
1891 1003 2035 1045 eadem
2050 1002 2148 1046 fides
2167 1003 2318 1059 ubique
2336 1001 2375 1042 in

1334 1061 1489 1120 judicio
1504 1088 1518 1110 ,
1541 1063 1579 1102 &
1593 1073 1711 1110 extra
1726 1060 1968 1104 adhibeatur
1985 1089 1998 1111 ,
2014 1075 2101 1116 quae
2118 1061 2376 1117 praesentibus

1336 1119 1602 1171 adhiberetur
1618 1150 1632 1172 ‚
1656 1120 1682 1171 fi
1709 1118 1835 1161 essent
1859 1120 2072 1175 exhibitae,
2104 1119 2168 1161 vel
2194 1117 2377 1168 ostensae,

1339 1180 1488 1220 Datum
1506 1179 1644 1221 Romae
1673 1180 1712 1220 ln
1729 1181 1874 1220 Monte
1889 1177 2097 1236 Qirinali
2126 1176 2194 1219 sub
2211 1176 2377 1234 Annulo

1337 1235 1550 1281 piscatoris
1566 1265 1581 1288 ,
1610 1237 1678 1278 die
1695 1235 1870 1292 vi.Julii
1901 1235 2111 1278 millesimo
2125 1237 2379 1291 quinquagev

1335 1296 1431 1338 fimo
1447 1293 1704 1350 nonagesimo
1719 1296 1852 1352 primo
1865 1291 2130 1346 Pontificatus
2143 1293 2278 1348 Nostri
2292 1296 2377 1343 An*

1332 1369 1385 1399 no
1400 1368 1532 1411 primo
1550 1383 1562 1401 ,

1738 1476 1802 1519 M.
1827 1474 1871 1516 Ve
1904 1476 1988 1517 rius
2009 1472 2259 1518 Barbianus‚

219 1529 334 1584 gravi
359 1526 562 1574 Fidelium
582 1526 769 1569 scandalo
799 1527 876 1570 huc
903 1526 1084 1584 illucque
1101 1525 1236 1580 vagari
1257 1553 1270 1576 ,
1338 1535 1346 1540 ·

219 1584 446 1631 eorundem
475 1589 660 1629 Fratrum
695 1587 996 1640 Capucinorum
1029 1586 1234 1628 Habitum
1256 1611 1271 1632 ,

218 1646 290 1688 vel
314 1645 421 1687 adeo
445 1644 694 1688 consimilem
717 1643 919 1699 gestantes
936 1673 950 1694 ‚
980 1654 1024 1685 ut
1055 1643 1175 1688 facile
1195 1656 1271 1695 pro

221 1703 444 1757 Capucinis
478 1713 719 1757 reputentur
743 1727 758 1750 ,
795 1703 910 1742 Motu
937 1703 1021 1754 pari
1050 1730 1063 1751 ,
1106 1699 1272 1742 eosdem

219 1757 460 1805 Heremitas
497 1762 578 1802 fine
597 1758 746 1802 Literis
772 1756 1000 1802 dimissoriis
1015 1759 1180 1816 alicujus
1198 1761 1274 1800 Su-

219 1819 395 1875 perioris
411 1818 582 1860 Ordinis
609 1817 856 1874 approbati,
890 1817 944 1862 de
972 1817 1088 1875 cujus
1117 1816 1275 1873 gremio

220 1879 296 1922 fint
311 1906 325 1929 ,
341 1877 405 1922 vel
427 1877 614 1934 Episcopi
632 1876 711 1919 loci
727 1875 853 1926 illius,
869 1876 938 1923 ubi
953 1873 1133 1932 degunt,
1152 1890 1275 1931 vaga2-

224 1940 260 1981 ri
281 1966 296 1988 ,
325 1947 391 1979 aut
418 1951 468 1982 ex
485 1935 655 1992 propriis
686 1935 789 1979 locis
813 1929 1026 1978 discedere
1043 1951 1120 1978 non
1139 1932 1274 1991 potse,

222 2000 261 2050 βι
293 1995 489 2050 imprimis
514 1994 564 2043 ab
587 1993 741 2037 Habitu
770 1995 1099 2048 Capucinorum,
1124 1993 1275 2036 eisdem

222 2054 452 2105 saltem,vel
469 2054 557 2097 aliis
573 2052 798 2095 notioribus
816 2052 1054 2096 differentiis
1069 2054 1273 2109 distingui,

221 2117 263 2159 &
277 2113 456 2168 dignosci
470 2112 625 2156 debere
642 2139 656 2161 ,
680 2111 846 2153 omnino
863 2113 1115 2168 praecipimus
1129 2142 1143 2164 ,
1161 2115 1196 2154 &
1214 2112 1273 2165 ju-

219 2175 361 2219 bemus
375 2203 385 2214 .
407 2170 649 2214 Mandantes
668 2180 885 2225 propterea
902 2172 1094 2215 univerfis
1109 2201 1122 2223 ,
1142 2173 1182 2212 &
1195 2171 1273 2213 fin-

220 2231 321 2288 gulis
343 2230 550 2273 Fratribus
581 2227 834 2282 Reformatis
861 2231 1055 2284 praeditftis
1070 2262 1084 2283 ,
1106 2245 1271 2277 eorum-

221 2305 299 2347 que
317 2289 598 2344 Superioribus
614 2316 627 2338 ,
656 2303 702 2329 ac
733 2287 818 2342 ipsis
846 2291 1069 2333 Heremitis
1099 2293 1275 2345 acepha-

220 2352 271 2394 lis
286 2379 300 2400 ,
331 2350 369 2392 &
401 2349 481 2390 sine
509 2347 758 2395 Obedientia
786 2347 1067 2391 itinerantibus
1081 2379 1094 2400 ,
1126 2362 1271 2404 praeter

223 2421 459 2465 poenaS,per
473 2404 785 2455 Praedeceffores
801 2407 1009 2463 praedid‘tos
1026 2409 1181 2452 inflictis
1198 2439 1212 2459 .,
1230 2410 1267 2451 in

221 2469 374 2519 virtute
394 2468 541 2507 Sanctae
556 2465 823 2515 Obedientiae,
840 2479 886 2507 ac
903 2466 971 2510 sub
989 2468 1271 2523 indignationis

219 2526 404 2575 Nostrae,
440 2522 609 2579 aliisque
636 2523 896 2578 gravioribus
915 2528 1042 2580 poenis
1060 2554 1073 2576 ,
1102 2527 1275 2569 arbitrio

220 2585 359 2631 nostro
379 2581 636 2637 imponendis
649 2611 663 2632 ‚
687 2592 733 2624 ut
753 2584 938 2638 praemiffa
953 2586 1086 2628 omnia
1103 2613 1117 2635 ,
1143 2589 1184 2628 δε
1199 2584 1274 2629 fin-.

221 2643 332 2698 gula,
349 2641 459 2685 omni
471 2640 748 2693 excusatione,
760 2644 800 2682 &
815 2644 1153 2698 tergiversatione
1170 2645 1275 2701 post-

220 2700 349 2759 posita
367 2729 380 2750 ‚
407 2695 511 2742 infra
531 2698 594 2740 sex
613 2699 802 2741 mentium
818 2702 986 2755 spatium
1001 2706 1048 2755 ,a
1066 2704 1160 2747 data
1176 2719 1274 2761 prae-

220 2759 397 2805 sentium
414 2757 729 2811 computandum
746 2787 759 2808 ,
784 2760 920 2803 ⁴statim
937 2763 1220 2819 adimpleant,
1234 2766 1274 2805 &

220 2827 480 2873 exequantur
504 2845 513 2856 .
544 2816 668 2875 Qod
699 2819 725 2857 fi
754 2818 890 2862 tacere
917 2820 1146 2865 distulerint
1160 2853 1174 2874 ,
1206 2822 1274 2865 vel

221 2877 513 2932 neglexerint,
541 2890 611 2919 eos
639 2889 712 2928 per
740 2877 867 2920 Almae
885 2882 1006 2923 Urbis
1033 2882 1274 2926 vicarium„

222 2936 407 2980 nostrum
423 2934 488 2976 hic
507 2935 544 2977 in
564 2933 679 2980 Urbe
692 2963 706 2986 ,
734 2935 899 2992 ejusque
916 2939 1123 2991 districtu,
1137 2956 1181 2983 ac
1199 2954 1273 2995 per

219 2995 406 3045 locorum
425 2993 685 3045 ordinatim,
700 2995 768 3036 ubi
781 2998 945 3040 Fratres
962 3001 1139 3055 praediffi
1153 3013 1271 3054 repe-

227 3055 387 3101 riantur
402 3082 415 3105 ,
442 3066 515 3108 per
530 3054 852 3102 carcerationem
867 3085 882 3107 ,
897 3059 1056 3117 aliaque
1070 3068 1267 3115 opportu-

227 3127 278 3155 na
295 3112 393 3166 juris
409 3142 424 3164 ,
450 3111 597 3164 &facti
614 3112 820 3165 remedia,
847 3128 964 3170 prout
979 3119 1269 3162 contumacia„

229 3171 425 3228 cujusque
440 3171 657 3227 exegerit,
673 3174 764 3227 cogi
780 3199 795 3221 ,
808 3175 848 3220 &
863 3179 1054 3233 compelli
1071 3176 1178 3232 poffe
1196 3206 1208 3228 ,
1223 3191 1268 3218 ae

228 3231 384 3274 debere
400 3230 610 3278 volumus,
641 3231 904 3288 &jubeinuS‚
929 3238 982 3278 Et
1007 3237 1271 3279 nihilominus

220 3291 394 3347 irritum
410 3319 424 3342 ,
447 3290 621 3333 &inane
635 3289 920 3343 decernimus,
936 3295 1130 3351 quicquid
1156 3293 1270 3338 secus

223 3350 344 3403 super
362 3351 438 3399 his,
454 3350 475 3390 a
491 3351 855 3407 quoquam,quavis
870 3355 1129 3403 auftorit'ate,
1145 3354 1273 3396 scien·-

230 3417 296 3447 ter
311 3435 325 3457 ,
355 3410 418 3455 vel
438 3407 672 3462 ignoranter
687 3409 909 3466 contigerit
924 3412 1122 3456 attentari
1136 3439 1148 3452 .
1178 3416 1271 3454 Non

228 3464 506 3530 obstantibus„
522 3478 719 3523 quatenus
740 3482 840 3523 opus
854 3471 899 3511 fit
915 3500 928 3522 ,
943 3471 1105 3526 Regula
1128 3470 1274 3523 nostra,

227 3522 281 3566 de
298 3536 387 3588 ἕως
410 3529 569 3578 quaesito
593 3542 670 3571 non
687 3528 903 3582 tollendo,
931 3530 1098 3587 aliisque
1112 3531 1273 3572 Consti-

230 3582 452 3626 tutlombus
471 3610 486 3633 2
517 3587 556 3631 ὃς
583 3587 906 3630 ordinationibus
934 3589 1206 3645 ApostoliciS,
1233 3590 1274 3630 &

228 3650 496 3695 utrarumque
518 3643 765 3696 Regularum
783 3676 796 3699 ,
812 3649 894 3690 five
910 3648 1130 3698 Ordinum,
1146 3648 1272 3689 etiam

228 3698 481 3765 juramento,
496 3700 802 3747 confirmatione
818 3707 1075 3762 Apostolica,
1089 3705 1153 3750 vel
1172 3721 1271 3761 qua-

229 3759 290 3799 vis
310 3755 502 3799 firmitate
525 3759 601 3799 alia
625 3761 824 3805 roboratis
842 3765 995 3808 statutis
1012 3795 1025 3817 ,
1052 3763 1267 3809 consuetu-

232 3814 396 3868 dinibus
411 3843 425 3879 ρ
440 3816 627 3873 Regalis,
638 3819 675 3869 ἃ·
688 3821 880 3876 Ιηίὶίῐυῑῐε
891 3853 905 3876 ,
921 3825 1149 3881 privilegiis
1160 3839 1263 3891 quo·n
1323 3839 1398 3880 per
1412 3823 1576 3880 modum.
1591 3821 1763 3877 suffragii
1778 3820 2032 3877 applicantur
2046 3848 2057 3870 .,

1446 1592 1570 1641 'Breve
1596 1591 1638 1632 in
1646 1591 1992 1649 perg.fhrmatum
2021 1593 2063 1630 in
2083 1590 2254 1632 Archivo
2274 1589 2380 1634 Gen-⁸

1508 1649 1601 1691 Ord.
1618 1653 1782 1695 Armar.
1796 1648 2232 1713 Auth‚.1·nfasccollig.
2249 1661 2288 1689 n.
2303 1659 2326 1695 5
2338 1661 2373 1693 ι,

1355 1790 1471 1802 ——n—

1336 1935 1649 2004 Indulgentias
1665 1933 1872 2003 speciales
1892 1934 2089 1984 Coronis
2105 1968 2121 1991 ,
2140 1929 2342 1982 Rofariis
2360 1966 2378 1989 ,

1370 2009 1568 2065 Granis,
1591 2002 1989 2064 Numismatibu3‚
2015 2023 2113 2074 quae
2133 2003 2378 2052 Medallias

1368 2079 1597 2145 appellant
1613 2113 1627 2135 ,
1644 2075 1692 2127 ὅ(
1711 2075 1966 2132 Crucibus,
1987 2075 2044 2123 ad
2063 2078 2277 2123 Fratrum
2301 2090 2378 2127 no.-

1369 2149 1568 2207 strorurn
1586 2146 1814 2204 instantias
1829 2145 2071 2203 ,benediffis
2085 2145 2346 2212 impertitur
2356 2178 2370 2201 ,

1473 2278 1997 2331 GREGORIUS
2087 2277 2235 2333 XIV.

1362 2410 1394 2449 Ι.
1553 2410 1614 2451 UI
1641 2421 1758 2450 unam
1777 2420 1825 2448 ex
1844 2402 2072 2460 supradictis
2091 2402 2278 2452 coronis,
2310 2399 2378 2443 vel

1420 2406 1750 2570 QRosariis
1765 2494 1779 2516 ,
1805 2472 1872 2508 aut
1887 2477 2093 2514 coronam,
2111 2463 2146 2504 in
2162 2476 2238 2518 qua
2255 2474 2379 2502 unum

1574 2540 1643 2569 ,εκ
1659 2525 1790 2579 granis
1802 2553 1814 2575 ,
1832 2521 2146 2565 Numismatibus
2161 2550 2175 2571 ,
2189 2521 2254 2562 vel
2271 2522 2380 2559 Cru-

1336 2583 1447 2626 cibus
1465 2583 1696 2639 supradiftis
1710 2593 1853 2632 extat,
1885 2580 1934 2624 ad
1952 2581 2079 2622 minus
2094 2608 2107 2631 ,
2134 2580 2263 2621 tribus
2282 2576 2381 2618 vici-

1335 2643 1408 2684 bus
1441 2657 1513 2697 per
1545 2643 1816 2698 Septimanam
1848 2639 2087 2681 recitaverit
2105 2667 2117 2690 ,
2150 2637 2272 2679 toties
2289 2662 2304 2686 ,
2335 2648 2380 2676 ac

1335 2701 1434 2744 vere
1463 2702 1665 2744 contritus
1688 2715 1733 2742 ac
1748 2698 1942 2742 confessus
1971 2696 2224 2740 Eucharistiae
2237 2698 2381 2737 Sacra-2

1335 2771 1513 2804 mentum
1528 2758 1735 2816 sumpserit
1747 2788 1761 2810 ,
1776 2757 2053 2812 Indulgentias
2069 2755 2268 2811 plenarias
2283 2765 2383 2793 con-¹

1334 2819 1523 2876 sequetur
1537 2853 1548 2861 .
1906 2819 1909 2823 ⁴

1374 2922 1377 2925 ,
1392 2881 1450 2922 11.
1509 2878 1590 2940 Qii
1609 2879 1646 2920 in
1663 2876 1845 2919 manibus
1859 2889 1976 2916 unam
1992 2873 2045 2916 de
2060 2872 2230 2928 praefatis
2246 2874 2380 2914 Coro-

1333 2937 1393 2980 nis
1410 2966 1424 2988 ‚
1452 2948 1596 2982 tenens
1609 2965 1624 2987 ,
1651 2939 1691 2978 &
1709 2935 1758 2992 (fi
1777 2935 1911 2992 poffit)
1927 2931 2124 2976 confessus
2142 2934 2182 2979 &
2197 2943 2379 2972 commu-

1329 2997 1483 3043 nicatus
1511 2997 1662 3048 fuerit,
1690 2995 1756 3037 vel
1787 2995 1927 3038 saltem
1957 2992 2125 3034 evidens
2143 2989 2379 3047 paenitentia:

1331 3057 1483 3112 signum
1500 3054 1782 3100 monstraverit
1797 3083 1811 3105 ,
1837 3055 1874 3096 &
1892 3051 2130 3094 constitutus
2148 3051 2185 3091 in
2200 3047 2380 3090 articulo

1334 3116 1474 3158 mortis
1491 3145 1505 3167 ,
1531 3115 1682 3159 devote
1702 3118 1865 3158 Nomen
1877 3109 1967 3168 Jesu
1987 3122 2059 3150 ore
2078 3107 2142 3149 vel
2166 3105 2291 3149 corde
2318 3106 2378 3146 in-.

1334 3176 1543 3218 vocaverit
1558 3201 1572 3224 ,
1600 3174 1784 3229 acquiret
1804 3172 1955 3227 pariter
1972 3166 2273 3221 Indulgentiam
2291 3163 2380 3220 ple-

1335 3235 1516 3286 nariam,
1542 3235 1581 3275 &
1607 3233 1795 3277 omnium.
1815 3238 2074 3287 peccatorum
2105 3229 2263 3275 suorum
2290 3224 2379 3266 Re-

1334 3291 1552 3336 minionem
1567 3322 1577 3333 .
1822 3292 1824 3294 ’

1392 3355 1468 3399 ΙΠ-
1529 3354 1616 3410 Qi
1647 3356 1853 3396 Coronam
1877 3376 1894 3402 ,
1925 3355 1992 3391 aut
2023 3344 2188 3388 tertiam
2220 3339 2379 3384 Rosarii

1335 3421 1494 3468 partem
1509 3439 1524 3461 ,
1548 3411 1607 3453 uti
1635 3411 1748 3466 supra
1763 3439 1778 3462 ‚
1805 3408 1946 3451 diebus
1964 3405 2188 3450 stationum
2206 3403 2345 3444 Romae
2364 3428 2379 3450 ,

1335 3470 1461 3514 corde
1489 3470 1647 3513 devoto
1672 3473 1712 3512 ἃ.
1739 3467 1921 3512 contrito
1946 3464 2098 3507 dixerit
2115 3492 2129 3515 ,
2157 3461 2379 3526 lucrabitur

1335 3528 1498 3573 easdem
1528 3528 1807 3584 Indulgentias
1833 3529 1873 3570 &
1900 3532 2160 3582 peccatorum
2188 3522 2382 3563 remissio-

1334 3602 1426 3630 nem
1441 3618 1455 3640 ,
1481 3603 1578 3644 quas
1595 3617 1609 3640 ,
1633 3590 1673 3630 δι
1695 3600 1813 3642 quam
1830 3585 2038 3627 lucrantur
2056 3581 2259 3636 vifitantes
2288 3592 2383 3634 per-

1335 3646 1527 3690 sonaliter
1555 3646 1749 3691 Ecclefias
1775 3645 1881 3687 intra
1909 3645 1949 3684 &
1974 3652 2089 3683 extra
2104 3643 2312 3703 Romam,
2340 3637 2380 3676 δε

1332 3706 1492 3762 insuper
1518 3705 1799 3760 Indulgentias
1829 3704 1869 3743 &
1892 3711 2152 3758 peccatorum
2187 3694 2380 3740 remiffio-

1330 3780 1421 3808 nem
1438 3794 1452 3816 ,
1476 3779 1560 3822 quae
1575 3764 1613 3805 in
1629 3764 1672 3806 iis
1688 3763 1831 3806 diebus
1847 3761 2066 3803 Animabus
2083 3756 2378 3802 Defunctorum

2237 3871 2314 3920 IV«
