2704 4296
586 266 1303 547 ELEN

2078 292 2349 376 xxxiii.
2383 389 2411 393 ff

1375 388 2087 541 CHUS

417 601 2262 731 SUMMARIORUM

327 824 513 948 Qae
574 828 855 914 [iteris-
898 826 1344 948 Apostolicis
1368 903 1395 934 ‚
1454 836 1816 923 Decretis
1858 837 2013 927 &a
2075 845 2158 925 in
2211 837 2350 923 hoc
2395 910 2397 912 ᾗ

618 947 673 1031 Ι.
733 943 968 1032 Tomo
1030 956 1403 1039 contentis
1447 976 1996 1075 praeponuntur
2018 1023 2037 1043 .

366 1153 526 1208 SUB
577 1152 1026 1205 CLEMENTE
1076 1157 1203 1205 VII-

316 1312 360 1357 jv
431 1310 441 1328 ²
478 1308 507 1347 ’ζ
591 1292 784 1344 Atribus
802 1291 1187 1352 Reformationis,
1205 1307 1303 1360 quae

379 1359 433 1424 222
484 1361 524 1407 *q*
548 1361 571 1390 ’Δ
613 1365 958 1430 Capucinorum
1013 1362 1164 1431 postea
1213 1363 1302 1413 fuit

299 1479 335 1508 ³*
478 1420 524 1501 J
540 1430 567 1495 j
610 1447 869 1501 nuncupata
887 1469 903 1491 ‚
930 1433 1194 1502 indulgetur
1210 1471 1225 1493 ‚
1251 1449 1303 1483 ut

269 1502 337 1557 22²
403 1495 557 1578 keffiss‘ssgg
608 1503 748 1570 petita
778 1506 902 1572 prius
933 1504 1076 1565 (licet
1105 1523 1197 1554 non
1229 1505 1307 1554 ob-

348 1568 390 1595 ‘'‘
458 1568 499 1597 ““
546 1579 552 1586 “
611 1576 770 1643 tenta)
799 1574 985 1626 suorum
1013 1578 1199 1626 Parrum
1226 1580 1308 1627 Su-

259 1650 495 1718 periorem
528 1650 707 1699 licentia
732 1683 747 1706 ‚
793 1661 920 1696 extra
955 1647 1151 1696 Ordinis
1180 1650 1305 1697 Con-

260 1735 426 1770 ventus
449 1723 492 1768 in
511 1721 622 1769 locis
639 1717 850 1768 solitariis
868 1719 1021 1766 vivere
1038 1716 1236 1787 poffintz
1257 1717 1305 1769 δε

260 1808 316 1838 ne
335 1794 380 1839 in
398 1793 481 1840 hac
502 1790 687 1840 vivendi
709 1792 883 1838 ratione
901 1787 1170 1847 turbentur,
1204 1791 1305 1859 Epi-

260 1858 385 1930 scopi
406 1858 741 1912 Camerinenfis
758 1862 854 1923 J‘uri
871 1895 888 1918 ,
919 1878 971 1909 ac
1002 1862 1154 1909 tutelae
1184 1879 1307 1910 com-

260 1931 538 1982 mendantur
557 1964 571 1982 0
1147 1931 1243 1980 Fol.
1264 1951 1305 1981 1.

332 2000 729 2053 Reformationem
750 2002 1034 2069 Capucinam
1061 2003 1084 2051 ὲ
1107 2006 1190 2053 ΡΡ.
1210 2003 1308 2053 Ob-

259 2071 542 2123 servantium
562 2073 740 2124 Ordine
767 2071 938 2140 separat
958 2092 968 2122 :
999 2092 1099 2122 eam
1117 2072 1196 2124 sub
1217 2078 1304 2125 ΡΡ.

261 2147 662 2195 Conventualium
681 2145 930 2193 directione
950 2144 1210 2194 consti-tuit:
1237 2145 1307 2194 illi

260 2215 451 2265 modum
473 2216 656 2265 vivendi
672 2213 910 2273 ,vestiendi
932 2214 1022 2266 &a
1045 2214 1307 2282 praescribit,

261 2304 315 2334 ac
332 2300 425 2336 tam
445 2290 535 2335 FF.
552 2291 810 2343 Minorum,
830 2287 967 2352 quam
987 2286 1307 2336 Camaldulen·

259 2355 378 2406 fium
412 2360 650 2427 privilegia
674 2393 689 2414 ,
731 2360 940 2426 generica
975 2354 1024 2406 &
1058 2356 1262 2426 specifica
1291 2394 1308 2417 ,

260 2427 464 2477 conceffa
479 2465 493 2486 ,
525 2428 573 2478 ὅ(
591 2427 878 2476 concedenda
897 2463 912 2486 ,
945 2445 1073 2494 aeque
1089 2429 1309 2496 principa-

266 2499 372 2547 liter
393 2502 708 2548 communicat
728 2534 740 2546 .
1261 2517 1305 2556 3.

335 2566 625 2623 Confirmat,
651 2567 699 2615 ὅ(
727 2579 961 2614 enumerat
979 2569 1193 2614 nonnulla
1218 2568 1306 2613 ΡΡ.

263 2635 685 2689 Gamaldulenfium
708 2637 949 2704 Privilegia
965 2668 980 2692 ‚
1007 2635 1195 2684 Indulta
1215 2633 1306 2684 ἃς.

261 2708 515 2775 Capucinis
553 2703 803 2773 respective
837 2708 1141 2773 con-propria
1171 2740 1187 2764 ,
1234 2700 1308 2754 seu

261 2781 387 2846 aeque
417 2778 722 2845 principaliter
749 2772 949 2823 concessa
967 2807 979 2823 ‚.
1263 2791 1307 2839 ς.

331 2848 584 2898 Nonnullis
599 2850 685 2896 ΡΡ.·
704 2843 1065 2898 Observantium
1084 2862 1137 2894 ex
1162 2843 1307 2904 fama,

260 2917 386 2988 quod
401 2922 579 2966 Fratres
597 2916 753 2965 nostrae
768 2918 1156 2985 Congregationis
1170 2921 1308 2967 S.Re-

259 2992 420 3059 gulam
441 2987 496 3038 ad
517 2990 696 3037 literam
718 2985 953 3035 observare
973 2989 1143 3035 vellent
1159 3022 1175 3045 ,
1204 2996 1307 3038 co'n·

261 3059 456 3110 turbatis
471 3094 486 3117 ,
507 3062 583 3108 Fr.
605 3058 844 3108 Ludovico
860 3093 874 3115 ,
890 3055 939 3107 ὃς
956 3062 1046 3120 ejus
1068 3059 1231 3116 Sociis,
1250 3077 1305 3108 ne

261 3130 470 3197 deinceps
489 3127 802 3179 Observantes
818 3163 834 3187 ‚
863 3142 942 3177 aut
962 3146 1080 3177 nova
1101 3131 1198 3177 loca
1218 3129 1304 3178 fine

263 3199 443 3269 speciali
472 3199 644 3251 Sandiale
663 3199 791 3250 Sedis
819 3200 1000 3249 licentia
1024 3201 1274 3268 reciperent
1292 3237 1307 3258 ,

264 3272 437 3323 inhibet
453 3303 466 3321 ὀ
1232 3292 1250 3320 1
1267 3291 1284 3319 1
1296 3307 1306 3319 ο

434 3417 594 3469 SUB
665 3413 957 3467 PAULO
1030 3411 1131 3461 ΙΙΙ.
1196 3435 1206 3439 »

338 3552 578 3621 Religione
596 3556 685 3604 ΡΡ.
703 3552 1067 3604 Observantium
1092 3549 1151 3600 ob
1167 3554 1308 3601 conti-

267 3638 411 3670 nuum
438 3622 622 3673 suorum
651 3624 711 3672 ad
735 3638 904 3675 novam
939 3620 1307 3672 reformationem

266 3691 504 3743 tranfitum
519 3729 536 3751 ‚
564 3692 736 3762 semper
766 3697 912 3765 magis
945 3691 1160 3743 concusszi
1177 3731 1193 3754 ,
1218 3697 1307 3743 Ca-

264 3766 441 3830 pucinis'
467 3763 697 3815 interdicit
714 3797 732 3823 ,
761 3783 814 3815 ne
831 3762 1100 3817 Professores
1133 3764 1189 3814 de
1212 3763 1308 3815 Ob-

1365 1157 1621 1220 servantia,
1648 1163 1725 1212 vel
1753 1163 1809 1212 de
1833 1164 1997 1229 quavis
2023 1159 2109 1211 alia
2139 1157 2376 1229 Religione
2394 1187 2411 1215 ,

1364 1247 1447 1278 nec
1470 1233 1569 1278 loca
1600 1266 1616 1287 ‚
1651 1249 1733 1278 nec
1764 1237 1975 1290 Domus,
2012 1230 2148 1298 usque
2179 1231 2233 1280 ad
2263 1232 2411 1278 Gene-

1363 1300 1458 1347 rale
1490 1303 1578 1349 ΡΡ.
1610 1297 1972 1349 Observantium
2003 1304 2274 1367 Capitulum
2306 1300 2414 1347 reci-

1365 1382 1493 1435 piant
1512 1405 1524 1417 .
2333 1387 2352 1416 1
2365 1386 2410 1415 2.

1434 1437 1684 1507 Capacinis
1723 1442 2025 1508 receptionem
2056 1442 2254 1489 aliorum
2285 1439 2412 1486 Reli-

1365 1506 1601 1578 giosorum
1643 1514 1768 1574 (ΡΡ.
1792 1509 2156 1561 Observantibus
2192 1508 2327 1576 usque
2357 1505 2416 1555 ad

1367 1596 1528 1630 eorum
1556 1583 1826 1648 Capitulum
1849 1584 2078 1632 Generale
2100 1582 2324 1630 dun-taxat
2337 1595 2414 1626 eir·

1366 1653 1507 1718 ceptis
1523 1659 1553 1713 )’
1566 1669 1655 1700 non
1674 1655 1873 1720 amplius
1888 1653 2181 1702 interdictam
2199 1649 2280 1700 effe
2299 1686 2315 1709 ,
2338 1648 2413 1696 de-‘

1365 1721 1507 1772 clarat
1521 1759 1534 1772 .
2334 1738 2352 1767 1
2368 1737 2410 1787 3¹.

1442 1799 1643 1843 Attento·
1668 1794 1876 1862 Capituli
1909 1795 2148 1845 Generalis
2183 1787 2417 1846 statuto-⁵,

1368 1881 1461 1930 quo
1493 1866 1644 1914 Rffius
1672 1869 1804 1915 Pater
1831 1865 2039 1914 Minister
2056 1861 2294 1922 Generalis
2312 1895 2326 1916 ,
2363 1858 2413 1910 ὅτ

1367 1937 1564 1983 Vocales
1580 1936 1636 1984 de
1658 1934 1968 1986 Observantia
1985 1972 2000 1993 ,
2037 1933 2270 1984 Fratribus
2293 1928 2378 1977 suis
2398 1964 2415 1987 ,

1368 2005 1612 2055 arffiorem
1637 2010 1780 2055 vitam
1809 2006 1974 2055 ducere
1991 2001 2249 2058 volentibus
2270 2036 2285 2058 ,
2309 2019 2416 2049 con-

1366 2091 1481 2146 grua
1506 2078 1606 2126 loca
1639 2078 1663 2124 ὲ
1684 2078 2045 2127 Provincialibus
2066 2075 2294 2144 Capitulis
2325 2073 2415 2119 in..‚

1368 2147 1543 2196 dictum
1563 2146 1698 2207 finem
1719 2148 1980 2217 affignanda
1998 2145 2081 2196 effe
2099 2183 2113 2204 ‚
2139 2141 2376 2194 ‘sancivere
2395 2176 2412 2199 ,

1368 2220 1615 2286 Capucinis
1639 2223 1945 2286 receptionem
1963 2214 2417 2268 PRObsenvanvtium

1367 2286 1455 2338 fine
1478 2289 1652 2339 Sanciae
1672 2290 1827 2348 Sedis,
1846 2305 1924 2338 aut
1948 2294 2053 2338 RR.
2082 2291 2168 2337 ΡΡ.
2191 2283 2416 2341 Μίηἱίὶτί,

1367 2375 1446 2408 aut
1478 2359 1788 2409 Commiffarii
1823 2361 2122 2410 Generalium
2161 2355 2336 2424 speciali
2369 2355 2417 2399 li-

1367 2431 1517 2478 centia
1545 2432 1727 2479 noviter
1753 2429 1988 2480 interdicit
2005 2466 2015 2477 .
2340 2438 2416 2483 14·

1435 2501 1653 2545 Decernit
1669 2534 1684 2554 ,
1700 2513 1750 2545 ut
1764 2534 1778 2554 ,
1798 2500 1970 2560 fijuxta
1989 2497 2194 2562 Capituli
2217 2496 2422 2542 Genera-

1369 2566 1421 2613 lis
1440 2599 1455 2621 ,
1498 2565 1522 2611 ’ἐι
1542 2567 1752 2614 Patribus
1779 2568 1832 2615 de
1853 2565 2162 2616 Observantia
2202 2562 2415 2610 celebrati

1370 2633 1659 2684 sanctionem
1675 2670 1689 2692 ,
1723 2638 1944 2702 capitula
1968 2652 2135 2683 eorum>
2160 2634 2416 2682 Provincia·

1371 2706 1458 2762 lia,
1486 2708 1603 2754 intra
1631 2706 1744 2754 duos
1768 2705 1937 2754 menses
1958 2705 2222 2761 Fratribus,
2252 2701 2418 2750 archo-

1369 2793 1466 2823 rem
1495 2777 1639 2825 vitam
1663 2776 1829 2825 ducere
1861 2777 2114 2824 volentibus
2146 2807 2170 2831 ,·
2200 2791 2288 2822 non
2315 2770 2425 2822 affi-

1367 2849 1645 2915 gnaverint·,
1672 2846 1808 2895 libere
1835 2850 1876 2895 hi
1910 2847 1965 2895 ad
1992 2851 2167 2895 Fratres
2195 2845 2418 2910 Capucia-

1368 2932 1436 2966 tos
1458 2953 1471 2974 ‚
1502 2915 1576 2967 seu
1598 2920 1859 2985 Capucinos
1881 2916 2065 2966 tranl‘ire
2085 2916 2272 2984 possint.
2339 2931 2415 2976 15.

1437 2987 1717 3037 Eleeiionem
1749 2993 1797 3039 P.
1820 2989 2085 3038 Berua-rdini
2111 2984 2309 3038 Astenfis
2329 2988 2414 3034 in..‚

1370 3060 1607 3108 vicarium
1631 3061 1907 3108 Generalem
1932 3057 2175 3109 confirmat
2201 3093 2215 3114 ,
2259 3055 2307 3106 ὃ(
2336 3054 2415 3104 sub

1367 3145 1503 3196 poena
1535 3132 1969 3180 excomunicationis
2009 3131 2220 3180 omnibus
2263 3122 2416 3174 indefi-

1368 3199 1458 3248 nite
1485 3201 1696 3268 prohibet
1722 3238 1736 3258 ,
1765 3220 1817 3250 ne
1845 3202 2071 3252 Habitum
2104 3202 2128 3249 ὲ
2164 3198 2412 3262 Capucinis

1368 3267 1533 3320 deferri
1561 3269 1745 3321 solitum
1760 3271 1932 3342 gestent
1952 3307 1966 3329 ‚
1991 3270 2071 3320 nisi
2099 3269 2180 3319 sub
2200 3266 2413 3318 obedien-

1367 3342 1429 3389 tia
1445 3377 1460 3398 2
1485 3340 1533 3393 &
1552 3360 1660 3392 cura
1683 3343 1880 3405 ejusdem
1910 3346 1959 3392 P.
1979 3341 2246 3391 Bernardini
2275 3334 2415 3385 confi-

1367 3408 1483 3461 stant
1500 3449 1511 3461 .
2303 3443 2307 3447 ‹
2334 3414 2410 3455 16.

1437 3480 1697 3533 Confirmat
1723 3485 1894 3533 Literas
1917 3481 2201 3550 Apostolicas
2229 3478 2285 3527 de
2312 3495 2410 3526 ere-

1367 3551 1516 3602 &ione
1551 3553 1705 3602 nostrae
1726 3552 2110 3623 Congregationis
2140 3550 2165 3598 ὲ
2195 3550 2410 3601 Clemen-

1366 3636 1410 3671 te
1432 3627 1518 3674 ΡΡ.
1542 3628 1612 3673 VI
1621 3627 1659 3672 1.
1692 3622 1912 3673 concessas
1943 3643 1954 3670 :
1986 3622 2139 3673 Sancit
2156 3656 2172 3679 ,
2197 3635 2249 3670 ut
2275 3621 2411 3670 Vica-

1366 3695 1457 3744 rius
1477 3696 1716 3744 Generalis
1745 3694 1913 3743 electus
1929 3729 1945 3752 ,
1972 3695 2091 3742 intra
2113 3693 2321 3742 triduum
2341 3725 2356 3747 ,
2384 3692 2411 3738 ἂ

1360 3765 1492 3835 ,Βῶο
1531 3769 1581 3815 Ρ.
1610 3762 1833 3835 Magistro
1864 3765 2079 3823 Generali
2114 3766 2424 3815 Conventua--

1541 3853 1565 3884 e
2191 3836 2305 3884 lium
2322 3867 2341 3891 ,
