2658 4244
916 194 1082 282 ‚Sub
1142 192 1524 283 Clemente
1586 199 1719 287 IX.
2175 242 2201 285 1
2232 243 2325 309 17

262 320 303 359 ss·
321 319 495 368 franel-sm·
510 311 758 366 Capucinorum
770 311 1040 358 nuncupatorum
1053 315 1187 350 nomine
1193 315 1334 362 proprio
1350 338 1364 358 .,
1383 314 1427 355 ὠ·
1439 314 1547 349 totius
1558 311 1753 359 Religionis
1767 336 1779 356 ‚
1805 315 1892 360 quod
1906 340 1918 358 ,
1942 328 2016 353 cum
2032 316 2117 356 alias
2133 331 2208 358 orta
2226 321 2302 373 effet
2322 322 2366 359 lis
2376 348 2391 367 ‚

257 369 301 409 (θ’
314 367 538 417 controversia
550 369 642 402 inter
655 364 792 403 Fratres
816 360 976 401 Minore*
986 360 1240 396 Conventuales
1262 364 1301 399 S.
1314 361 1488 410 Francisci
1501 371 1541 396 ex
1554 372 1626 395 una
1643 384 1655 404 2
1676 362 1719 402 &¹
1732 360 1872 398 Fratres
1889 364 2078 410 Capucinos
2101 382 2142 406 ex
2157 371 2268 407 altera
2280 373 2392 420 parti.

258 417 321 452 bus
335 418 429 452 circa
442 417 613 454 Habitum
631 416 671 452 S.
684 410 832 451 Antonii
844 407 885 444 de
898 408 1023 446 Padua
1037 432 1049 451 ‚
1063 407 1213 449 &illius
1226 409 1390 458 Imaginis
1402 412 1441 445 in
1450 409 1645 458 proceſjione
1658 408 1861 447 delationem
1873 435 1886 456 ‚
1911 424 2038 448 necnon
2043 417 2147 464 super
2158 419 2392 468 inscriptioni.

257 465 321 501 hus
332 464 499 514 praedifii‘is
515 463 723 509 Imaginibus
746 457 947 508 apponendis
959 480 972 499 ,
995 456 1095 493 adita·
1109 457 1227 505 fuerit
1248 468 1311 507 pro
1336 457 1565 495 declaratione
1586 457 1823 504 praedittorum
1851 459 2005 494 habenda
2019 486 2031 504 ,
2057 465 2098 505 &¹
2110 467 2153 501 ad
2167 462 2244 504 lim
2257 469 2392 505 evitan-

259 513 321 549 das
331 517 442 551 Sacra
456 512 681 560 congregatio
694 508 866 550 Risum,
879 506 922 541 ab
935 516 1040 553 eaque
1044 505 1113 553 sub
1122 506 1177 542 die
1197 519 1248 554 19.
1262 506 1474 546 Novembris
1491 507 1589 552 1667.
1603 508 1820 543 emanaverit
1831 507 2028 552 Decretum,
2041 523 2102 556 quo
2114 526 2155 550 ex
2167 516 2308 565 adverso
2320 541 2333 558 ‚
2347 516 2390 556 ὅς’

256 572 318 612 pro
327 572 428 612 parte
445 557 732 600 Conventualinm
738 553 1014 604 praetendebatur
1028 553 1214 591 inhibitam
1226 581 1239 600 ,
1261 556 1470 604 prohibitam
1485 577 1500 599 ,
1513 555 1556 596 ὠ·
1568 556 1714 590 vetitam
1722 553 1824 605 fuiffe
1841 555 2006 592 Patribus
2023 559 2208 607 Capucinis
2222 565 2391 613 expositio.

261 623 334 649 nem
342 607 649 659 pradiffaed’eatuae
661 631 674 650 ,
699 605 742 646 ἐν
753 604 915 651 Imaginis
930 603 970 641 S.
986 601 1140 639 Antonii
1158 606 1196 639 in
1210 605 1352 642 Habitu
1367 603 1620 653 Capucinorum
1639 615 1650 642 2
1676 603 1752 639 Ideo
1779 613 1900 640 contra
1921 605 2080 652 praefatos
2098 609 2221 646 Patres
2235 614 2395 648 Conven.

259 659 369 701 tuales
379 655 624 707 praetendentes
635 678 649 697 ‚
662 654 858 691 ‘Decretum
868 650 1134 701 particulariter
1142 653 1271 701 fafilum
1281 653 1426 703 prosola
1438 653 1591 699 Imagine
1603 651 1724 690 Sanfli
1738 653 1876 701 expofita
1890 653 1929 687 in
1940 651 2007 689 loco
2019 679 2031 698 ‚
2043 657 2203 704 appellato
2222 660 2391 709 Thesauro

258 698 499 756 Neapolitana
517 703 688 740 Civitatis
699 726 713 746 ,
734 701 780 737 ad
791 699 1056 748 vniversitatem
1070 704 1217 739 omnium
1231 727 1244 746 ,
1264 703 1307 744 &¹
1330 701 1523 751 mgulorum
1536 700 1683 738 locorum
1703 700 1880 748 intelligi,
1904 702 1947 743 ἐφ’
1958 701 2101 749 efficium
2107 707 2233 754 sortiri
2244 709 2364 744 debere
2376 733 2391 752 ,

259 757 357 794 adita*
381 755 506 791 iterum
513 759 578 799 pro
599 749 828 787 declaratione
840 750 1021 786 enunciati
1037 749 1192 788 ‘Decreti
1204 753 1287 788 Sac.
1338 755 1451 789 ituum
1465 751 1738 798 Congregatione
1747 750 1810 796 sub
1821 750 1877 786 die
1890 760 1907 783 z
1918 763 1945 786 1.
1962 751 2059 799 ‘Julii
2080 756 2175 791 1668.
2191 757 2394 805 rescriptum

251 805 366 856 fiterit
377 827 389 848 ,
401 802 441 838 at
450 799 547 848 infra
558 824 571 845 ,
584 798 746 836 videlicet
757 811 769 834 ι
785 799 872 836 Cum
886 798 966 836 Sac.
977 796 1127 835 Rituum
1142 800 1372 850 congregatio
1385 801 1443 838 die
1462 813 1514 849 19·
1530 797 1743 838 Novembris
1761 800 1862 846 Ι667·
1885 798 2118 839 declaraverit
2138 806 2323 848 Statuam,
2350 806 2393 845 (Ψ

255 851 486 894 Simulacrum
497 849 538 886 S.
553 847 706 886 Antonii
718 847 760 886 de
773 847 897 885 Padua
911 844 970 897 effic
984 849 1216 895 exponendum
1239 851 1278 885 in
1289 851 1455 889 Sacrario
1469 874 1482 892 ,
1503 849 1547 890 &¹
1566 847 1706 898 Ecclesia
1720 846 1991 896 Metropolitana
2008 848 2175 898 Neapolis
2199 854 2238 887 in
2251 852 2392 888 Habitu

257 897 546 940 Conventualium
556 921 570 941 ‚
596 897 640 939 ὠ
651 895 743 934 nullo
755 896 849 932 modo
871 897 910 931 in
927 896 1067 933 Habitu
1081 896 1133 934 Ca
1154 900 1335 936 acinorum
1348 902 1388 936 in
1402 899 1517 936 eadem
1529 895 1671 947 Ecclesia
1683 922 1693 938 ‚
1710 905 1816 945 prout
1830 898 1868 932 in
1884 897 1970 932 dieto
1983 898 2128 935 Dccreto
2144 901 2218 940 (γε.
2246 900 2291 935 Et
2304 899 2392 947 quod

250 949 359 1001 postea
378 946 518 984 Fratres
532 945 786 986 Conventuales
809 943 897 981 illud
914 943 1017 992 Typis
1033 957 1110 981 man
1136 948 1279 986 averint
1296 948 1410 985 Romae
1423 973 1436 992 ,
1453 944 1680 986 Venetiarum
1691 971 1707 990 ,
1720 946 1873 991 Brixiae,
1892 946 2110 991 Mediolani,
2136 949 2179 988 ὠν
2198 946 2370 985 Novariae
2380 971 2393 990 ,

255 1010 331 1037 cum
343 995 532 1046 hujusmodi
545 992 786 1032 intitulatione
800 1019 810 1029 .
826 993 1013 1030 Decretum
1026 995 1108 1032 Sac.
1123 994 1517 1082 Congregationisd‘uper
1529 994 1722 1037 Simulacro
1737 995 1828 1032 Divi
1841 992 2010 1032 eAntouii
2024 995 2220 1039 Patavini,
2234 1008 2274 1031 ne
2289 995 2395 1044 ipsum

256 1046 326 1085 ullo
339 1045 430 1084 modo
446 1046 485 1081 in
498 1044 640 1081 Habitu
655 1044 910 1092 Capucinorum
921 1050 1111 1090 exponatur
1121 1045 1203 1092 ‚sed
1213 1055 1400 1084 tantummo
1427 1058 1444 1081 o
1462 1047 1502 1082 in
1532 1045 1675 1081 Habitu
1696 1042 1909 1084 tymnorum
1922 1045 1950 1082 S
1952 1043 2042 1080 ancti
2050 1043 2226 1093 Francisci
2240 1044 2396 1081 Conven-

251 1094 407 1135 1tualium
422 1120 432 1130 .
458 1093 504 1131 Et
511 1092 657 1142 proinde
668 1091 912 1140 exponentibus
928 1091 1118 1139 Capucinis
1131 1095 1235 1134 varia
1249 1095 1371 1132 exinde
1385 1096 1473 1131 oriri
1483 1092 1684 1141 discrimina
1698 1117 1712 1137 ,
1732 1105 1807 1128 cum
1819 1092 1839 1128 ὰ
1851 1091 2027 1129 nonnullis
2050 1095 2302 1141 interpretetur
2327 1104 2395 1128 non

250 1147 296 1182 in
302 1143 376 1194 sola
390 1139 660 1192 Metropolitum
673 1139 911 1189 lVeapolitana
921 1139 1004 1187 ,fied
1018 1142 1145 1190 ubique
1161 1141 1307 1181 locorum
1321 1170 1331 1180 .
1356 1143 1485 1181 Eadem
1496 1144 1524 1180 S
1526 1154 1578 1178 ac.
1594 1143 1729 1190 Congre
1754 1143 1825 1178 atio
1853 1141 1899 1177 ad
1909 1140 1972 1177 illa
1985 1141 2189 1178 removenda
2203 1166 2216 1185 ,
2237 1142 2280 1182 &¹
2292 1141 2396 1178 ma‘o-

252 1206 328 1231 rem
340 1191 507 1230 cautelam
518 1215 532 1235 ,
553 1190 866 1239 &satisfafiionem
877 1188 1076 1233 declaravit,
1085 1190 1245 1242 emanciffi’
1254 1217 1268 1237 ,
1295 1193 1338 1234 (ξ’
1351 1191 1503 1241 intelligi
1512 1200 1574 1239 pro
1583 1210 1595 1217 -
1613 1201 1647 1228 et
1660 1192 1700 1227 in
1726 1189 1777 1226 ola
1790 1188 2092 1238 metropolitana
2107 1191 2279 1228 Civitatis
2338 1202 2396 1226 ea-

253 1242 356 1293 polis,
369 1241 432 1277 hac
445 1240 501 1279 die
514 1250 571 1276 21.
584 1237 682 1288 ‘Julii
699 1238 798 1280 1668.
810 1237 979 1289 quue
987 1263 1001 1282 ‚
1012 1236 1093 1276 licet
1102 1241 1216 1277 eadem
1228 1244 1256 1280 S
1258 1253 1310 1278 ac.
1326 1241 1555 1288 Congregatio
1568 1241 1722 1276 omnibus
1734 1264 1745 1282 ,
1767 1239 1810 1280 ἐφ’
1814 1238 1958 1287 singulis
1966 1239 2187 1288 prohibuerit
2190 1239 2258 1286 suh
2275 1239 2396 1286 Imagi-

258 1292 363 1328 nibus
383 1287 578 1338 praedietts,
591 1299 790 1337 quocunque
802 1287 943 1325 Habitu
960 1286 1128 1324 decoratis
1141 1298 1305 1338 apponere
1315 1290 1658 1337 ‚verbaimportantia
1676 1287 1867 1324 Dittionem
1878 1312 1890 1331 ‚
1902 1288 2135 1337 impreffionem
2145 1287 2296 1336 praefictae
2312 1288 2395 1324 Ima-

282 1341 353 1374 inis
364 1335 423 1389 effe
434 1348 552 1374 veram
557 1337 704 1385 formam
717 1336 863 1384 ejusdem
878 1334 998 1372 Sanffli
1006 1358 1019 1378 ,
1031 1345 1073 1371 ut
1086 1347 1127 1376 ex
1141 1337 1289 1377 Decreta
1303 1349 1457 1376 emanata
1472 1338 1529 1374 die
1541 1346 1595 1383 27.
1611 1337 1821 1385 Septembris
1839 1336 1937 1382 1659.
1950 1338 2080 1373 tenoris
2083 1337 2260 1384 sequentis
2274 1360 2285 1379 ,
2299 1336 2396 1372 vide-

254 1353 339 1424 licet
354 1399 363 1422 ε
386 1387 427 1422 In
441 1386 712 1432 Congregatione
726 1385 808 1423 Sao.
820 1383 971 1419 Rituum
988 1384 1170 1420 ordinaria
1185 1385 1306 1422 habita
1319 1398 1432 1422 coram
1445 1389 1474 1423 S
1475 1385 1649 1433 anftiffimo
1659 1409 1673 1428 ‚
1693 1385 1739 1419 ad
1756 1383 1955 1420 relationem
1965 1384 2222 1431 Eminentiffimi
2245 1384 2295 1420 D.
2309 1385 2397 1420 Car·

256 1434 386 1482 dinalis
399 1431 614 1482 Rospigliosi,
635 1431 810 1470 Sanffiitas
822 1433 899 1468 Sua
914 1431 1121 1475 mandavit,
1140 1443 1182 1468 ex
1196 1434 1347 1480 Imagine
1359 1434 1481 1470 Sanfii
1493 1431 1664 1468 eAntonii
1678 1433 1722 1467 de-
1734 1432 1858 1468 Padua
1872 1430 1910 1468 V
1905 1444 2014 1468 eronae
2030 1430 2182 1482 impressa
2194 1444 2270 1467 cum
2282 1431 2397 1467 Habi-

258 1493 300 1520 tu
315 1483 568 1530 Capucinorum
579 1504 592 1524 ‚
610 1480 720 1516 deleri
731 1478 907 1528 Distichou
918 1501 930 1521 ‚
952 1478 995 1518 &⁹
1007 1479 1279 1517 ‘Dedicatoriam
1293 1481 1413 1517 reduci
1424 1482 1471 1517 ad
1473 1481 1624 1528 formam
1643 1480 1787 1516 Decreti
1801 1480 2090 1527 Congregationis
2102 1480 2232 1516 Indicis
2245 1504 2259 1523 ‚
2283 1487 2396 1526 nempe

255 1531 318 1569 ubi
342 1530 474 1566 dicitur
487 1530 519 1564 la
534 1539 615 1564 vera
634 1528 743 1563 forma
754 1551 767 1571 ‚
793 1527 864 1562 dici
889 1527 919 1561 la
931 1526 994 1572 piis
1011 1538 1090 1564 vera
1103 1528 1211 1565 forma
1222 1555 1234 1565 .
1255 1530 1444 1577 Propterea
1458 1528 1711 1577 circumscripto
1724 1527 1871 1564 Decreto
1885 1527 1904 1564 ἂ
1918 1529 1945 1565 S
1949 1541 1998 1564 ac.
2016 1527 2397 1576 Congregationefitvo-

255 1592 295 1616 re
311 1577 563 1614 Tertiariorum
581 1576 865 1624 Congregationis
879 1573 1077 1612 Galliarum
1087 1601 1101 1620 ‚
1126 1588 1281 1615 emanato
1295 1579 1351 1614 die
1366 1589 1398 1614 z.
1411 1577 1562 1627 Augusti
1570 1577 1746 1626 praesentis
1769 1576 1872 1613 Auni
1885 1602 1900 1621 ,
1911 1577 2055 1625 servari
2080 1576 2395 1625 Constitutionem.)

251 1629 330 1678 san.
344 1638 439 1663 mem.
453 1623 703 1662 ‘Urbani-VIII.
716 1648 730 1668 ‚
745 1637 784 1660 ac
798 1624 947 1660 Decreta
960 1624 1054 1659 edita
1068 1625 1100 1660 8.
1113 1624 1224 1672 ‘Junii
1235 1651 1250 1671 ,
1268 1627 1311 1667 &⁸
1328 1637 1380 1665 12.
1395 1625 1494 1674 ‘Julii
1505 1624 1838 1673 proximepraeterito
1856 1626 1964 1661 Anno
1980 1625 2081 1670 1658.
2094 1625 2215 1661 debitae
2226 1626 2397 1661 executio-

258 1677 297 1713 ni
310 1674 509 1711 demandari
522 1685 537 1712 ς
562 1673 632 1709 Die
646 1683 704 1716 27.
719 1671 929 1720 Septembris
944 1671 1043 1718 1659.
1057 1673 1102 1713 &⁶
1117 1673 1218 1720 prius
1241 1677 1281 1709 in
1307 1675 1390 1711 Sac.
1417 1675 1691 1722 Congregatione
1705 1673 1834 1708 Indicis
1847 1697 1859 1715 ,
1885 1673 2006 1710 habita
2020 1673 2077 1708 die
2096 1684 2149 1709 ιο.
2163 1672 2274 1721 ‘Junii
2293 1675 2394 1717 1656.

259 1723 362 1772 hujus
374 1747 389 1767 ‚
415 1720 473 1758 vel
475 1719 634 1769 similium
651 1729 805 1756 tenorum
818 1718 1243 1770 Inscriptionesprohibitae
1251 1723 1394 1770 fuerint
1416 1722 1470 1758 his
1481 1724 1602 1758 verbis
1615 1735 1626 1757 t
1647 1721 1891 1770 [ascriptiones
1915 1733 2027 1757 omnes
2047 1721 2240 1766 Imaginum
2259 1720 2397 1757 Sancto-

258 1783 339 1810 rum
348 1770 519 1818 Francisci
527 1788 548 1813 ·‚
570 1769 612 1810 ἐς·
624 1768 776 1805 Antonii
790 1767 830 1803 de
842 1767 967 1805 Padua
981 1791 995 1811 ,
1015 1768 1054 1804 in
1066 1770 1190 1817 quibus
1199 1770 1332 1807 dicitur
1342 1796 1356 1815 ‚
1374 1771 1523 1819 formam
1535 1771 1695 1808 Habitus
1707 1795 1719 1814 ,
1742 1782 1811 1818 qua
1835 1770 1958 1818 depieti
1960 1770 2049 1817 sunt
2058 1794 2070 1813 ‚
2079 1768 2138 1820 effi²
2152 1769 2290 1805 eandem
2299 1794 2311 1812 ,
2328 1780 2396 1816 qua

260 1821 322 1869 ipsi
336 1820 384 1869 usi
399 1819 548 1867 fuerunt
558 1841 571 1861 ,
587 1816 646 1853 vel
664 1818 702 1852 in
719 1816 844 1865 quibus
856 1813 1015 1866 afferitur
1030 1818 1069 1853 in
1081 1817 1140 1853 hoc
1156 1842 1169 1862 ‚
1194 1818 1252 1855 vel
1260 1818 1317 1854 illo
1331 1819 1474 1855 Ordine
1487 1819 1607 1856 Saniii
1617 1819 1794 1866 Francisci
1805 1817 1864 1870 effe
1878 1830 1997 1855 veram
2008 1843 2021 1863 ,
2041 1818 2226 1865 legitimam
2238 1842 2251 1861 ,
2263 1818 2306 1858 &³
2328 1824 2396 1852 non

264 1872 496 1916 interruptam
508 1866 652 1915 ejusdem
662 1867 690 1903 S
692 1864 782 1900 aneti
796 1864 918 1902 Patris
932 1866 971 1900 in
976 1863 1068 1911 filios
1071 1866 1299 1917 succeffionem
1312 1893 1324 1912 ‚
1339 1868 1543 1905 Inhaerentes
1556 1868 1702 1906 Decreto
1717 1867 1804 1904 alias
1817 1868 1908 1905 edito
1923 1868 1981 1904 die
2008 1866 2179 1917 10.5‘uttii
2196 1867 2299 1911 1656.
2323 1866 2395 1905 &c-

264 1915 454 1965 Propterea
471 1914 575 1963 juxta
585 1914 805 1963 dispositiones
814 1913 1089 1961 praeinsertorum
1102 1915 1326 1960 Decretorum
1336 1942 1350 1961 ,
1370 1916 1473 1954 liceat
1486 1915 1584 1952 ditiis
1596 1917 1765 1955 Patribus
1778 1918 1966 1964 Capucinis
1978 1917 2112 1964 deferre
2117 1913 2396 1964 processionaliter

263 1967 455 2005 Statuam,
478 1963 523 2004 ὠ·
536 1963 682 1999 Statuas
693 1985 706 2004 ‚
727 1960 901 2008 Imagines
915 1973 956 1997 ne
970 1971 1133 2010 exponere
1146 1964 1266 2001 Sanfiii
1278 1966 1433 2006 Antonii
1449 1965 1601 2001 omnibus
1614 1967 1654 2000 in
1668 1964 1748 2000 Iocis
1762 1989 1775 2009 ,
1796 1972 2026 2012 praeterquam
2051 1966 2090 1999 in
2106 1963 2191 1999 dieto
2217 1964 2286 1998 loco
2300 1988 2313 2007 ,
2341 1971 2398 2010 ap·

256 2012 383 2063 pellata
402 2009 573 2060 Thesauro
587 2033 600 2053 ,
616 2011 655 2045 in
681 2009 840 2046 Civitate
854 1972 1092 2058 Agapolitana
1106 2036 1118 2056 ‚
1144 2013 1286 2050 Habitu
1301 2014 1556 2063 Capucinorum
1580 2013 1718 2064 vestitas
1730 2037 1743 2057 ‚
1765 2012 2042 2061 prohibitumque
2065 2036 2078 2056 ‚
2106 2012 2294 2049 inhibitum
2315 2035 2328 2056 ‚
2353 2011 2397 2052 (δ’

261 2059 458 2109 vetitumsit
465 2059 621 2108 praefatis
632 2057 811 2095 ‘Patribus
825 2058 1123 2097 Conventualibus
1136 2088 1151 2107 ,
1175 2062 1393 2111 omnibusque
1404 2087 1419 2107 ‚
1443 2061 1636 2110 &singulis
1647 2062 1727 2099 aliis
1733 2061 1773 2109 se
1787 2069 1948 2110 opponere
1957 2087 1971 2106 ,
1993 2073 2053 2097 nec
2067 2060 2202 2098 licitum
2210 2063 2347 2109 pariter
2350 2059 2396 2107 sit

260 2110 358 2147 dietis
371 2108 540 2147 Patribus
554 2106 850 2145 Conventualibus
861 2131 874 2152 ,
890 2107 949 2144 vel
958 2111 1119 2158 cuiquam
1132 2110 1209 2147 aliae
1219 2111 1436 2161 personaesub
1454 2111 1665 2158 Imaginibus
1682 2135 1695 2154 ‚
1719 2110 1883 2147 Pataris
1894 2134 1907 2153 ,
1930 2110 2132 2159 statuisque
2143 2109 2323 2145 antediffiis
2338 2117 2397 2156 ap-

258 2167 383 2208 ponere
394 2158 501 2193 verba
515 2158 738 2204 importantia
749 2155 844 2192 illam
857 2180 870 2200 ,
883 2157 941 2193 vel
950 2157 1027 2194 illas
1040 2157 1098 2209 effe
1113 2160 1281 2208 Imagines
1294 2185 1308 2205 ,
1319 2161 1489 2204 Statuas,
1518 2158 1577 2195 vel
1593 2160 1753 2199 Piffiuras
1763 2185 1777 2205 ,
1792 2158 1862 2207 sub
1878 2170 1965 2195 vera
1977 2159 2092 2206 forma
2117 2158 2160 2195 S.
2170 2158 2323 2194 Antonii
2335 2157 2396 2191 im-

258 2204 383 2258 preffas
397 2229 409 2249 ‚
419 2204 572 2254 sculptas
582 2230 595 2250 ‚
621 2203 680 2241 vel
687 2205 833 2254 depiflas
843 2230 852 2240 .
881 2205 927 2242 Et
942 2209 1025 2254 quia
1038 2208 1260 2246 nihilominus
1274 2210 1320 2245 ad
1328 2221 1431 2246 aures
1457 2208 1606 2256 Praefati
1619 2209 1865 2247 Procuratoris
1891 2206 2073 2244 Generalis
2095 2205 2188 2242 dietae
2200 2205 2395 2251 Religionis

263 2256 516 2304 Capucinorum
528 2253 670 2290 devenit
685 2277 698 2297 ‚
724 2252 825 2290 ditio:
838 2252 962 2291 Patres
977 2256 1134 2294 Minores
1151 2257 1404 2296 Conventuales
1412 2283 1427 2300 ‚
1453 2269 1637 2306 eorumque
1659 2258 1935 2294 Procuratorem
1948 2255 2150 2292 Generalem
2169 2252 2302 2306 jaiicisse
2317 2278 2330 2298 ,
2352 2253 2396 2294 ἐς·

261 2304 404 2355 ᾗαξῖανε,
432 2301 517 2339 velle
525 2301 724 2351 prohibere,
739 2302 896 2339 inhibere
906 2327 920 2347 ‚
942 2304 985 2345 ὠ·
995 2304 1036 2340 de
1043 2304 1132 2352 fufio
1149 2306 1336 2358 molestare,
1356 2307 1399 2348 ἐς
1413 2306 1576 2355 impedire
1582 2307 1756 2355 praedifflos
1771 2305 1934 2356 instantes
1949 2317 1961 2345 ;
1989 2305 2095 2355 Qu
2107 2303 2152 2338 ad
2163 2312 2305 2339 mentem
2315 2328 2327 2346 ‚
2351 2302 2395 2342 ὢ·

256 2355 362 2405 juxta
388 2361 536 2388 tenorem
545 2350 779 2398 predictorum
819 2351 1058 2389 ‘Decretorum-
1074 2355 1215 2393 valeant
1229 2381 1242 2401 ,
1261 2356 1304 2397 ὠ·
1319 2355 1437 2403 poffint
1457 2357 1497 2391 in
1511 2356 1688 2400 omnibus,
1714 2353 1908 2403 &singulis
1931 2353 2012 2389 locis
2034 2361 2196 2401 exponere
2206 2353 2369 2389 Statuam
2379 2373 2394 2392 ‚

262 2403 449 2450 Imaginem
462 2425 476 2445 ‚
487 2398 740 2438 Simulachrum
751 2398 871 2437 Sanffli
885 2398 1053 2438 eAntonii
1066 2427 1079 2446 ,
1095 2405 1235 2440 Habitu
1254 2404 1509 2449 Capucinorum
1524 2403 1679 2450 vestitum
1691 2427 1705 2445 ,
1729 2405 1880 2448 &proce
1896 2401 2062 2448 ,tonaliter
2083 2399 2218 2446 deferre
2227 2423 2243 2442 ,
2259 2411 2301 2434 ac-
2310 2398 2395 2435 ulte-

263 2451 338 2487 rins
350 2451 509 2491 Statuas,
519 2450 547 2486 S
549 2446 934 2495 imulachra,smagines,
945 2462 1020 2486 cum
1032 2451 1255 2499 inscriptione
1265 2450 1414 2483 verioris
1420 2449 1546 2496 forme,
1554 2461 1668 2485 eorum
1676 2450 1816 2486 Habitu
1828 2448 2071 2497 defiguatas‚&
2083 2445 2218 2495 vestitas
2230 2455 2394 2495 exponere

208 2497 214 2502 ’
266 2507 386 2534 contra
393 2497 541 2543 sormam
554 2496 829 2543 pr'aeins'ertorum
841 2496 1066 2533 Decretorum
1075 2521 1089 2541 ‚
1113 2496 1264 2544 quinimo
1287 2495 1327 2531 de
1334 2496 1426 2543 fafilo
1449 2505 1520 2531 tam
1530 2497 1668 2543 praefati
1685 2495 1940 2534 Conventuales
1950 2520 1967 2539 ,
1982 2494 2084 2543 quam
2096 2495 2160 2530 alii
2172 2497 2211 2530 in
2224 2496 2392 2532 executio-

266 2557 341 2581 nem
358 2543 575 2592 praesentium
589 2542 812 2587 nominandi,
837 2543 881 2583 ὼ·
892 2545 1152 2590 cognominandi
1164 2544 1283 2593 forsan
1302 2543 1474 2594 molestant
1486 2568 1500 2587 ‚
1521 2554 1651 2581 vexant
1664 2568 1685 2592 ,Ι
1700 2545 1744 2586 &⁶
1764 2545 1978 2592 perturbant
1990 2569 2008 2588 ‚
2031 2555 2071 2579 ac
2084 2542 2365 2592 molestationibus
2379 2565 2393 2586 ‚

261 2591 511 2643 jaffationibus
523 2614 537 2634 ‚
553 2590 595 2631 ὠ*
614 2590 859 2639 impedimentis
872 2589 947 2626 illos
957 2592 1110 2640 afficiunt
1122 2618 1134 2637 ‚
1157 2592 1292 2659 aliaque
1305 2595 1485 2629 intentant
1498 2593 1770 2641 contrasormam
1784 2616 1796 2635 ‚
1808 2593 1851 2633 ὅς’
1864 2602 2013 2628 tenorem
2020 2590 2255 2640 praedifilorum
2267 2588 2392 2627 Decre-

268 2653 381 2680 torum
394 2665 407 2685 ‚
420 2641 459 2675 in
465 2650 578 2687 grave
589 2638 750 2675 damnum
759 2663 772 2682 ‚
786 2639 1073 2688 &praejudicium
1087 2641 1170 2678 RR.
1179 2641 1272 2678 “PP.
1296 2642 1549 2690 Capucinorum
1563 2654 1573 2676 z
1595 2641 1671 2678 Ideo
1693 2643 1831 2690 cupiens
1839 2639 2020 2688 praediff'us
2032 2638 2087 2674 P.
2101 2639 2312 2677 Procurator
2326 2640 2392 2675 Ge-

266 2689 393 2727 neralis
406 2688 498 2725 diftae
512 2686 704 2733 Religionis
719 2688 972 2735 Capucinorum
985 2687 1084 2737 ‘Jura
1093 2691 1186 2727 difiiae
1198 2690 1391 2739 Religionis
1410 2691 1529 2735 tueri,
1551 2691 1597 2732 (⁷9⁸
1606 2690 1802 2738 conservari
1815 2714 1828 2733 ,
1841 2701 1880 2724 ac
1888 2687 2050 2736 praedicta
2062 2687 2211 2724 Decreta
2228 2687 2270 2722 ab
2285 2689 2388 2723 omni*

265 2741 327 2776 bus
339 2763 351 2783 ,
374 2737 420 2773 ad
432 2748 512 2788 quos
516 2735 659 2784 spetiat,
674 2737 848 2785 observari
858 2762 870 2780 ‚
886 2739 1045 2782 attendi,
1058 2739 1238 2788 adimpleri
1249 2766 1262 2784 ,
1280 2740 1325 2776 ad
1337 2737 1414 2785 Nos
1427 2739 1599 2788 recursum
1612 2735 1735 2783 habuit
1743 2763 1756 2783 ‚
1770 2748 1935 2785 tanquam
1945 2735 2136 2786 hujusmodi
2152 2736 2390 2781 ‘Decretorum

259 2785 441 2837 specialem
455 2785 676 2822 Executorem
684 2810 696 2829 ,
709 2793 750 2820 ut
761 2786 799 2819 in
806 2785 974 2834 praemissis
985 2786 1028 2822 de
1043 2796 1225 2837 opportuno
1237 2790 1329 2839 juris
1344 2788 1487 2824 remedio
1492 2787 1678 2836 providere
1689 2787 1911 2835 dignaremur
1926 2811 1936 2822 .
1964 2783 2043 2824 Nos
2052 2786 2164 2833 igitur
2173 2784 2328 2835 Aloyfius
2348 2784 2391 2820 de

267 2837 413 2883 Aquino
428 2833 568 2882 Judex,
583 2834 627 2876 ἶς’
641 2832 797 2870 Auditor
806 2834 982 2882 praediffus
998 2860 1011 2880 ,
1033 2837 1251 2877 attendentes.-
1264 2838 1466 2887 petitionem
1479 2862 1493 2882 ,
1514 2837 1557 2879 &¹
1572 2836 1817 2886 requisitionem
1833 2834 2021 2884 hujusmodi
2025 2834 2103 2883 fore
2131 2834 2225 2884 'ustas
2235 2858 2246 2876 ‚
2271 2834 2313 2874 ἐς·
2335 2846 2391 2869 ra-

267 2885 355 2922 tt'oni
365 2884 522 2934 consonas
538 2906 551 2926 ‚
573 2882 726 2966 quodque
735 2881 826 2932 justa
843 2885 978 2932 petenti
1001 2897 1068 2921 non
1081 2885 1125 2936 est
1134 2886 1353 2935 denegandus
1376 2883 1517 2936 affensus
1530 2911 1545 2931 ,
1572 2883 1678 2924 Vobis
1697 2885 1850 2923 omnibus
1863 2909 1878 2928 ,
1900 2882 2089 2934 &singulis
2117 2896 2140 2919 u
2164 2882 2303 2919 radiftis
2313 2908 2324 2926 ‚
2349 2894 2390 2917 ac

266 2933 412 2982 vestr-lim
424 2930 566 2968 cuilibet
580 2933 619 2966 in
620 2931 658 2980 so
674 2931 768 2966 idum
779 2955 791 2974 ‚
810 2941 926 2968 tenore
940 2933 1157 2981 praesentium
1170 2938 1407 2973 committimus
1419 2960 1432 2979 ‚
1444 2935 1487 2975 ἐς·
1506 2937 1545 2970 in
1555 2936 1693 2971 virtute
1698 2932 1822 2982 sanflae
1835 2931 2151 2982 obedientiae-striae
2160 2931 2388 2980 praecipiendo

265 2981 465 3018 mandamus
477 3005 492 3024 ‚
511 2990 681 3027 quatenus
687 2978 805 3028 statim
819 2981 895 3030 vifis
905 3006 919 3026 ,
927 2982 991 3030 seu
1006 2985 1148 3031 receptis
1159 2985 1378 3033 praesentibus
1391 3008 1403 3027 ,
1425 2991 1578 3032 exparte
1589 2981 1720 3033 nostra,
1741 2981 1805 3018 imo
1828 2980 2149 3032 verius-Aposlolica
2168 2979 2389 3017 Aufilovritate

262 3031 446 3073 moneatis,
468 3029 511 3069 ἐς·
526 3031 717 3076 requiratis
732 3028 842 3076 primo
853 3055 867 3074 ,
897 3030 1026 3068 ecundc)
1039 3055 1052 3075 ‚
1066 3031 1197 3077 tertie),
1224 3032 1342 3070 ultimo
1352 3056 1364 3075 ‚
1387 3033 1429 3073 ἐς·
1436 3029 1680 3081 peremptorie,
1694 3039 1800 3079 prout
1813 3027 1891 3068 N'os
1904 3041 2073 3067 monemus
2085 3055 2099 3074 ,
2117 3031 2161 3071 ὅς’
2175 3030 2386 3076 requirimus

262 3077 364 3115 difilos
374 3076 514 3113 Fratres
531 3075 785 3113 Conventuales
797 3078 836 3114 S.
877 3079 1022 3125 rancisci
1033 3093 1313 3130 quarumcunque
1330 3082 1526 3118 Civitatum
1537 3105 1551 3125 ,
1569 3079 1779 3124 Terrarum,
1798 3077 1992 3128 Castrorum
2003 3103 2017 3123 ‚
2032 3079 2075 3120 &⁰
2086 3078 2296 3127 Oppidorum
2310 3100 2323 3119 ,
2342 3076 2386 3116 εἰς’

263 3126 346 3163 alios
359 3125 572 3174 quoscunque
591 3126 630 3160 in
645 3127 873 3162 executionem
884 3127 1100 3176 praesentium
1121 3130 1343 3166 nominandos
1356 3154 1371 3174 ,
1395 3129 1731 3178 &cognominandos
1744 3153 1758 3173 ‚
1781 3137 1950 3176 quatenus
1966 3128 2065 3175 infra
2075 3128 2138 3176 sex
2155 3126 2288 3161 dierum
2303 3123 2386 3172 spa-

261 3178 349 3214 tium
371 3174 391 3210 ἁ
407 3174 463 3210 die
481 3175 682 3210 monitionis
697 3173 886 3223 hujusmodi
894 3185 957 3224 per
971 3174 1038 3213 Vos
1050 3178 1168 3227 eisdem
1174 3178 1272 3227 fafiae
1287 3178 1698 3226 immediate-sequentium
1707 3202 1721 3221 ‚
1744 3188 1890 3225 quorum
1905 3177 1989 3214 duos
2024 3187 2060 3210 ro
2070 3175 2179 3222 primo
2191 3197 2205 3215 2
2217 3172 2305 3208 duos·
2320 3179 2382 3219 pro

253 3223 402 3274 secundo
413 3247 427 3267 ⁹
440 3223 483 3264 &
497 3221 644 3270 reliquos
654 3223 737 3260 duos
753 3223 825 3260 dies
844 3233 906 3272 pro
918 3227 1022 3261 tertio
1036 3252 1050 3270 ,
1070 3226 1190 3263 ultimo
1201 3252 1214 3271 ‚
1235 3228 1278 3269 &
1290 3229 1511 3274 peremptorio
1520 3227 1663 3264 termino
1677 3226 1872 3311 aqignamus
1883 3250 1897 3270 ,
1917 3225 1960 3267 ἐφ
2018 3236 2052 3258 os
2073 3222 2239 3271 assignetis
2263 3222 2294 3257 ei
2309 3220 2383 3256 dem

255 3273 322 3322 sub
334 3273 689 3310 excommunicationis
698 3296 710 3315 ,
720 3271 938 3321 suspensionis
954 3273 974 3309 ὰ
985 3274 1131 3311 Divinis
1141 3301 1153 3319 ‚
1165 3276 1341 3315 interdicti
1353 3299 1369 3319 ,ι
1390 3274 1532 3324 aliisque
1547 3275 1700 3325 Ecclesia]
1711 3276 1775 3311 icis
1788 3275 1939 3322 censuris
1953 3295 1967 3315 ,
1985 3282 2113 3307 necnon
2133 3269 2247 3318 quoad
2304 3280 2385 3316 egu-

261 3321 350 3358 lares
359 3321 572 3370 privationis
583 3321 676 3356 vocis
688 3319 805 3356 afitivae
816 3346 828 3365 ‚
855 3322 1037 3406 &paffvae
1048 3347 1062 3367 ,
1084 3324 1250 3372 &quoad
1264 3336 1373 3361 omnes
1384 3323 1469 3360 alios
1469 3324 1543 3373 sub·
1551 3323 1641 3361 mille
1653 3323 1861 3360 ducatorum
1868 3321 1949 3357 auri
1963 3319 2004 3356 de
2016 3320 2164 3357 Camera
2173 3342 2186 3362 ‚
2207 3317 2383 3355 Reveren-

259 3370 312 3406 dae
328 3370 474 3407 Camere
485 3368 763 3417 applicandorum
777 3394 788 3413 ‚
802 3370 846 3411 (ς’
853 3379 916 3418 pro
930 3373 944 3406 i
958 3369 1000 3407 lis
1013 3372 1169 3408 mandati
1181 3375 1356 3410 executivi
1367 3398 1381 3418 ,
1407 3374 1450 3419 &⁵
1462 3375 1501 3408 in
1509 3373 1604 3421 juris
1608 3372 1794 3429 subsidium
1806 3394 1822 3413 ,.
1843 3368 2199 3406 excommunicationis
2211 3391 2229 3410 ,.
2238 3366 2381 3416 suspen·

256 3418 358 3468 fionis
371 3442 383 3463 ,
398 3418 439 3459 ὡ*
450 3417 624 3461 ἱητςνιίίδῖἱ
637 3417 815 3466 respefilive
825 3443 837 3462 ‚
863 3419 1043 3468 utsupra,
1070 3419 1212 3469 aliisque
1224 3423 1372 3458 arbitrio
1385 3421 1494 3472 noflro‘
1503 3422 1705 3471 infligendis
1711 3419 1820 3467 poenis
1831 3417 1978 3454 debeant
1989 3441 2004 3461 ,
2025 3416 2068 3457 ἔθ’
2078 3415 2223 3465 quilibet
2235 3416 2382 3464 iPsorum

264 3466 383 3503 debeat
394 3464 533 3502 realiter
546 3490 559 3510 ‚
570 3467 612 3508 &⁵
624 3479 700 3503 cum
712 3465 824 3516 effiilu
837 3469 1037 3516 praeinse’rta
1052 3468 1201 3507 Decreta
1212 3470 1241 3507 S
1242 3481 1328 3506 acrae
1343 3471 1625 3518 Cougregationis
1637 3468 1787 3504 Rituum
1799 3490 1812 3509 ‚
1826 3465 2012 3508 &Indicis
2023 3489 2037 3508 ,
2049 3466 2227 3512 omniaque
2238 3489 2252 3508 2
2267 3464 2380 3512 &stn-

261 3514 346 3562 gula
361 3514 399 3548 in
411 3515 459 3548 eis
473 3525 630 3552 contenta
643 3540 656 3559 ‚
670 3516 714 3558 &⁵
726 3514 870 3567 expreffi1
882 3514 1068 3568 obser-vaste
1077 3542 1089 3561 ,
1111 3516 1288 3569 attendiffie
1299 3543 1314 3563 ,
1335 3516 1562 3568 adimpleviffie
1574 3541 1587 3560 ‚
1615 3518 1661 3558 Θ
1671 3516 1862 3552 executioni
1873 3510 2107 3564 demandciffe-‚
2129 3514 2172 3555 &¹
2190 3521 2254 3561 pro
2267 3524 2348 3549 vero
2365 3536 2380 3555 ‚

264 3560 354 3599 reali
377 3573 419 3597 ue
431 3562 674 3609 observationis
687 3564 877 3613 hujusmodi
891 3566 1004 3618 effefi‘lu
1017 3566 1059 3601 ab
1076 3567 1229 3603 omnibus
1241 3591 1253 3610 ‚
1265 3567 1308 3608 ὁ·
1319 3563 1573 3616 quibuscunque
1582 3564 1828 3613 jaciationibus
1842 3587 1856 3608 ‚
1870 3564 1914 3605 ὠ·
1926 3561 2380 3646 perturbationibuslpraedi-

266 3612 320 3647 ftae
372 3609 511 3664 eligioni
529 3611 778 3659 Capucinorum
789 3624 913 3651 contra
915 3616 1062 3664 formam
1074 3639 1086 3658 ,
1102 3617 1144 3658 ἐς
1158 3615 1249 3664 dispo
1259 3617 1394 3652 itionem
1405 3610 1569 3652 diciorum
1584 3614 1808 3651 Decretorum
1820 3636 1834 3653 ,
1861 3612 2014 3660 &super
2023 3611 2187 3667 preemiffis
2193 3636 2213 3656 ,„
2227 3613 2241 3646 i
2255 3610 2380 3647 lorum·-

268 3672 333 3708 que
346 3659 471 3706 causa,
492 3659 702 3709 &occafione
723 3660 857 3707 illatis,
873 3664 967 3701 datis
980 3689 995 3707 „
1008 3662 1133 3712 siffis,
1156 3665 1242 3714 praes
1254 3664 1336 3709 itis,
1349 3664 1497 3713 fierique
1513 3688 1525 3707 ,
1549 3660 1726 3709 &infimi
1740 3661 1977 3705 comminatis,
2001 3659 2215 3709 dandisque,
2238 3660 2280 3701 ὠ·
2292 3657 2380 3706 infe·

250 3708 433 3761 ⁴rendisiu
441 3707 605 3757 futurum
614 3710 752 3755 penitus
765 3733 780 3753 ,
801 3712 845 3753 ῖς·
858 3713 991 3749 omnim)
999 3709 1123 3763 ceffiiss'e
1131 3738 1143 3757 ,
1170 3711 1338 3764 receffiffb‚
1359 3710 1511 3765 destitisse
1521 3737 1535 3757 ,
1559 3709 1674 3759 &sese
1685 3711 1727 3746 ab
1753 3711 1831 3746 inni
1856 3707 1894 3754 e,
1914 3708 2082 3759 dictasque
2089 3709 2289 3758 jaciationes
2299 3731 2313 3751 ,
2335 3708 2383 3749 ὠ*

261 3756 539 3807 perturbationes
551 3755 682 3801 nullas,
707 3758 847 3809 injustas
860 3786 872 3804 ‚
894 3761 1091 3805 &illicitas
1099 3756 1278 3811 declarciffe
1287 3779 1304 3806 ⁴,
1329 3763 1371 3804 &⁶
1393 3772 1557 3810 tanquam
1570 3758 1656 3796 tales
1669 3761 1793 3796 revoca
1817 3770 1835 3794 e
1848 3782 1861 3802 ‚
1886 3756 2061 3809 extinxiffe
2074 3782 2087 3803 ‚
2110 3758 2154 3800 ὠ·
2166 3753 2350 3806 annullciffe
2361 3781 2379 3800 ,

264 3807 308 3848 (ἐγ
316 3815 379 3854 pro
393 3805 561 3841 revocatis
573 3828 586 3850 ,
608 3806 650 3848 ὠ·
665 3805 769 3843 nullis
778 3808 925 3861 habuiffi’
939 3835 955 3855 2
976 3809 1172 3859 nullumque
1195 3810 1235 3847 de
1256 3821 1373 3848 caetero
1383 3810 1621 3862 praejudicium
1644 3806 1753 3845 intuli
1779 3820 1796 3844 e
1806 3832 1821 3854 ,
1837 3807 1969 3857 fibique
1989 3815 2192 3858 perpetuum
2205 3804 2378 3863 filentium

2127 3853 2329 3907 impotem,
