2658 4244
954 195 1115 284 Sub
1177 143 1494 289 vibam
1561 194 1778 283 Vm.
2220 236 2311 280 10
2331 237 2357 281 1

289 315 401 360 dices
421 315 660 362 ordinarios
680 345 695 369 ‚
719 316 758 360 &
770 312 980 369 delegatos
995 341 1008 363 ,
1035 314 1157 356 etiam
1174 314 1328 358 Causa·
1389 313 1459 354 hac
1472 311 1814 367 inpartestatutis
1828 339 1843 362 ‚
1868 312 1922 362 &¹
1944 313 2278 369 consuetudinibus
2296 316 2430 374 cujus-

287 390 377 418 rum
392 377 536 419 Palatii
568 376 788 433 Apostolici
812 373 1033 416 Auditores
1058 371 1227 427 judicari
1249 402 1262 423 ,
1289 375 1327 414 8(
1388 382 1537 422 cunque
1553 371 1791 424 Religionis,
1807 371 1855 418 (⁶5
1876 372 2057 422 Ordinis,
2083 382 2202 416 etiam
2228 377 2256 417 d
2285 376 2432 420 Sede-,1

286 435 452 477 diffiniri
468 436 621 478 debere
636 463 650 486 ‚
676 451 719 478 ac
738 432 900 477 irritum
915 459 928 482 ‚
950 432 991 471 ὃς
1013 429 1129 471 inane
1143 459 1157 481 ,
1177 430 1201 472 fi
1218 430 1328 473 secus
1390 426 1607 483 Apostolica
1621 428 1847 482 approbatis
1864 455 1878 479 ,
1893 429 1946 478 ὠ·
1958 431 2193 485 confirmatis
2206 462 2220 483 ,
2246 434 2425 477 verdum

284 494 403 550 super
418 496 475 537 his
491 496 511 535 a
528 507 726 550 quoquam
741 522 754 544 ,
777 491 916 546 quavis
937 489 1187 532 authoritate
1204 488 1329 531 scien·
1387 490 1507 528 etiam
1520 489 1633 528 unius
1648 491 1745 527 anni
1743 487 1884 544 spatio
1899 515 1912 537 ‚
1928 491 1971 529 in
1982 488 2135 544 jejunio
2147 520 2162 540 ,
2177 492 2428 547 &poeniten-

285 565 352 595 ter
366 583 382 604 ‚
400 553 463 596 vel
482 553 717 608 ignoranter
734 549 958 604 contigerit
973 549 1168 589 attentari
1188 577 1198 588 .
1227 551 1323 590 Non
1384 545 1644 599 tiaprobetur
1670 548 1715 587 in
1740 545 1958 587 carceribus
1974 557 1987 587 3
2004 551 2171 600 proinde
2181 564 2428 605 unaquaeque

284 612 530 654 obstantibus
558 608 926 652 Constitutionibus
941 636 956 658 ‚
983 608 1021 648 &
1049 605 1326 649 Ordinationi·
1388 604 1538 658 Religio
1554 607 1734 660 privatos
1747 603 1889 647 habeat
1910 617 2083 646 carceres
2104 609 2147 647 in
2159 609 2431 665 qualibetsizl-

284 673 357 713 bus
374 667 612 725 Apostolicis
633 696 647 718 ,
676 671 799 710 etiam
826 667 867 707 in
891 665 1087 709 Conc11iis
1112 664 1328 708 Universa·
1384 671 1461 704 tem
1478 664 1708 714 Provincia3
1734 663 1858 720 elapso
1880 673 2011 705 autem
2025 677 2127 705 anno
2141 693 2155 715 ,
2172 665 2428 722 sinihilomi-

284 730 390 773 libus
409 756 422 778 ,
453 727 493 766 &
523 726 846 769 Provincialibus
872 724 994 768 editis
1008 753 1020 775 ,
1049 737 1095 766 ac
1124 723 1326 780 quibusvis
1384 734 1454 763 nus
1473 733 1547 762 710⁷!
1562 719 1768 777 restpueri't
1782 750 1796 773 2
1806 722 1888 778 fid
1898 725 2028 764 animo
2050 723 2234 766 indurato
2249 726 2429 779 insita-2

284 789 373 832 aliis
387 783 482 827 disti
497 783 660 827 Ordinis
681 786 805 828 etiam
831 782 1088 840 juramento,
1114 780 1325 828 confirma·
1377 781 1605 835 pertinacia
1610 779 1923 838 perstveraverit
1937 810 1951 832 ‚
1972 794 2018 822 ne
2030 786 2253 837 contagione
2256 783 2430 841 pestifi-

284 848 393 890 tione
409 842 636 898 Apostolica
652 873 667 894 ‚
696 844 763 886 vel
783 843 861 885 alia
885 843 1024 899 quavis
1053 841 1243 887 firmitate
1259 857 1325 886 ro-
1385 851 1433 881 ra
1441 839 1636 893 plurimos
1642 838 1787 895 perdat
1798 867 1811 890 ,
1824 848 2017 895 tanquam
2034 842 2141 882 Pecus
2156 841 2337 883 morbida
2350 869 2364 893 ,
2380 855 2427 883 ac

282 901 434 949 boratis
463 901 618 942 statutis
639 930 652 953 ,
675 904 715 944 δε
742 901 1129 951 consuetudinibus,
1157 903 1327 957 privile·
1386 897 1600 940 membrum
1617 907 1739 953 putre
1765 926 1779 949 ‚
1803 897 1894 956 ejici
1919 898 2075 939 tandem
2092 898 2206 954 poffit
2232 927 2247 950 ‚
2284 899 2352 941 sed
2379 901 2429 941 ab

278 964 353 1022 giis
376 973 539 1017 quoque
568 959 736 1003 indultis
752 990 766 1012 ,
795 963 835 1002 &
857 959 988 1002 literis
1010 960 1250 1015 Apostolicis
1266 962 1326 1003 ei·
1384 955 1555 1010 ipsomet
1570 956 1774 999 Generali
1790 959 1946 1000 tantum
1963 958 2008 998 de
2026 956 2182 1010 consilio
2196 985 2211 1008 ‚
2236 957 2290 1006 ὠν
2302 956 2429 1013 affin-

277 1025 374 1068 dem
393 1018 539 1062 Ordini
557 1046 570 1068 ,
596 1017 782 1075 illiusque
799 1018 1087 1075 Superioribus
1105 1045 1119 1068 ‚
1132 1020 1172 1060 ὃς
1189 1022 1324 1076 perso·
1368 1014 1426 1073 fi‘
1438 1014 1511 1074 sbx
1529 1018 1693 1058 Patrum
1716 1030 1761 1057 ex
1770 1015 2026 1072 gravioribus
2042 1016 2256 1071 Religionis
2281 1017 2431 1069 eligen-

277 1080 392 1127 nisio
418 1090 568 1133 genere
586 1106 601 1127 ,
629 1077 695 1119 vel
726 1080 765 1119 in
791 1076 923 1133 specie
940 1106 953 1128 ,
978 1092 1024 1120 ac
1041 1076 1136 1120 aliis
1154 1079 1194 1120 in
1223 1094 1322 1122 con·
1383 1074 1440 1115 dis
1462 1077 1504 1115 in
1517 1074 1687 1129 singulis
1716 1077 1910 1131 Capitulis
1926 1104 1940 1126 ‚
1964 1075 2027 1116 vei
2055 1072 2429 1129 Congregationibus

278 1138 449 1182 trarium
463 1135 773 1191 quomodolibet
797 1135 987 1183 conceffis
1001 1165 1016 1186 ,
1048 1134 1294 1181 confirmatis
1307 1169 1322 1189 ,

1389 1133 1643 1174 Generalibus
1654 1161 1668 1182 a
1682 1142 1842 1188 tumque
1855 1133 2009 1190 nonnisi
2015 1132 2424 1189 instrufflostcundu'm

277 1195 558 1241 &innovatis.
583 1195 738 1252 Qibus
754 1196 937 1238 omnibus
957 1195 1216 1249 ‚&fingulis‚
1232 1196 1326 1239 illo-
1384 1204 1514 1233 eorum
1528 1191 1701 1248 stilum,
1730 1191 1783 1242 ὠ·
1813 1192 2107 1249 Constitutiones
2137 1191 2335 1248 Proceſjii,
2367 1192 2422 1241 ὠν

278 1271 372 1300 rum
399 1264 563 1296 tenores
591 1252 846 1308 praesentibus
878 1268 952 1308 pro
974 1253 1095 1308 plene
1113 1281 1127 1304 ‚
1149 1256 1190 1295 ὃς
1217 1253 1323 1297 suffi-

279 1318 439 1357 cienter
459 1309 645 1365 expreffis
666 1312 884 1363 habentes,
899 1313 979 1353 illis
1001 1310 1099 1351 alias
1116 1313 1154 1352 in
1172 1311 1241 1354 suo
1258 1329 1321 1356 ro-

277 1375 378 1416 bore
401 1367 664 1425 permansuris
682 1399 695 1420 ,
724 1370 773 1411 ad
793 1366 1073 1423 praemifsorum
1094 1369 1320 1413 effestum.)

276 1428 508 1486 specialiter
520 1454 534 1477 ‚
545 1428 585 1468 δε
596 1426 780 1481 expresse
795 1427 1039 1482 derogamus
1052 1454 1065 1475 ‚
1085 1429 1316 1485 caeterisque

276 1485 488 1532 contrariis
503 1486 830 1541 quibuscunque.
858 1487 1005 1527 Datum
1040 1486 1180 1527 Romae
1208 1489 1316 1543 apud

277 1549 469 1590 San-stum
483 1546 646 1586 Petrum
660 1542 729 1585 sub
744 1543 909 1585 Annulo
925 1542 1134 1586 Piscatoris
1147 1545 1215 1588 die
1230 1561 1315 1589 xix.

275 1605 382 1664 Junii
410 1618 456 1644 M·
476 1617 550 1644 nc.
570 1617 647 1647 xm
663 1617 724 1645 ιι.
745 1601 1007 1645 Pontificatus
1035 1604 1171 1646 Nostri
1195 1608 1318 1649 Anno

281 1666 335 1707 Vi
339 1660 490 1721 gefimo
504 1692 518 1702 .

812 1721 874 1762 M.
897 1721 947 1760 A.
969 1721 1174 1764 Maraldus
1189 1751 1201 1764 .

339 1836 587 1892 Autogroph.
606 1838 649 1878 in
665 1836 783 1879 Arcb.
799 1836 944 1877 secret.
970 1841 1158 1888 Bra-vium
1185 1839 1316 1897 Apost.

392 1899 489 1950 Reg.
520 1897 640 1949 ‘junii
671 1898 792 1947 1643.
825 1893 896 1948 fhl.
927 1910 993 1950 33.
1021 1897 1065 1937 de
1094 1912 1168 1952 quo
1198 1902 1317 1940 Breve

375 1951 607 2054 ζῖνιὲαἷῖἔι
631 1956 674 1994 in
701 1952 868 1996 Archivo
886 1967 978 2008 gen.
1009 1957 1102 1997 Ord.
1137 1961 1239 2000 Tom.
1262 1960 1316 2000 H.

277 2193 363 2242 Per
383 2189 803 2241 Eminentiffimum
823 2193 1082 2242 Antonium
1100 2190 1318 2242 Cardina-

311 2264 403 2313 lem
427 2265 474 2312 S.
492 2262 723 2329 Onuphrii
737 2299 752 2321 ‚
772 2262 963 2312 Ordinis
985 2263 1315 2319 Protestorem,

310 2331 534 2382 Ministris
553 2333 910 2383 Provincialibus
936 2330 1200 2382 facultatem
1234 2334 1316 2382 tri-

314 2402 416 2451 buit
443 2403 499 2452 de
524 2400 740 2453 consensu
768 2407 955 2455 Parrum
986 2405 1226 2454 Seniorum
1246 2403 1317 2464 eji-

291 2472 460 2523 ciendi
493 2473 548 2522 ab
573 2473 752 2523 Ordine
776 2474 1141 2542 incorrigibiles:
1176 2473 1319 2520 decla-

310 2555 470 2607 ratque
489 2576 505 2599 ,
531 2541 652 2608 quod
682 2560 773 2591 non
802 2543 1004 2591 obstante
1024 2547 1222 2590 Decreto
1239 2543 1317 2589 Sa-

313 2629 397 2660 crae
420 2615 655 2680 Congreg.
679 2613 878 2663 Concilii
895 2648 910 2669 ,
940 2609 1136 2660 sufficiat
1154 2610 1210 2660 ad
1230 2610 1316 2659 hoc

312 2678 505 2730 assensus
523 2681 879 2731 PatrisMinistri
896 2683 1131 2730 Generalis
1148 2716 1162 2739 ,
1178 2681 1314 2730 etiam

308 2769 388 2820 per
408 2752 559 2800 literas
578 2750 781 2801 miffivas
802 2751 980 2800 habitus
1002 2786 1015 2799 .

273 2855 475 2908 Atergo.
538 2852 692 2894 Dilebio
725 2854 827 2896 Filio
857 2852 983 2909 nostro
1013 2857 1183 2896 Antonio
1231 2859 1309 2899 Tit.

391 2916 433 2955 S.
451 2911 674 2966 Honuphrii
684 2913 810 2955 Presb.
826 2913 946 2956 Card.
961 2913 1086 2970 nostro
1113 2915 1198 2962 &a

343 3030 773 3085 URBANUS
824 3033 1037 3081 PAPA
1090 3034 1242 3082 VIII.

302 3147 458 3192 Dileft'e
471 3149 555 3193 Fili
570 3147 695 3204 noster
711 3176 725 3199 ‚
739 3149 913 3190 Salutem
928 3176 942 3198 ,
962 3148 1015 3199 ὠ·
1030 3148 1284 3207 Apost'olicam

620 3207 926 3250 Benediiiionem
940 3236 952 3249 .

392 3296 475 3338 UM
488 3296 599 3338 inter
616 3299 815 3348 Decreta,
835 3311 910 3353 per
926 3299 1194 3341 Venerabiles
1216 3303 1311 3342 Fra-

406 3363 488 3396 tres
506 3356 658 3398 nostros
676 3358 715 3398 S.
736 3358 788 3398 R.
808 3359 854 3398 E.
872 3356 1115 3399 Cardinales
1133 3359 1309 3400 Concilii

270 3410 503 3456 Tridentini
526 3415 781 3469 interpretes
810 3414 920 3457 edita
949 3414 1003 3473 de
1031 3417 1306 3470 Regularibus

269 3470 473 3524 Apostatis
487 3501 502 3523 ,
517 3474 558 3514 &
572 3474 710 3530 ejectis
727 3483 843 3517 extet
866 3473 1033 3530 sequen-s
1050 3503 1063 3525 ,
1087 3476 1306 3518 videlicet:

268 3529 322 3570 Ut
349 3531 390 3569 in
410 3530 600 3587 posterum
631 3535 651 3575 δ
677 3533 940 3589 Religionibus
980 3535 1108 3576 nullus
1133 3536 1307 3590 legitime

262 3586 453 3645 prosbſjt'cs
467 3591 669 3648 eiicipoſjit
685 3621 699 3643 ,
729 3592 863 3648 nist'stt
879 3593 965 3634 vere
992 3593 1304 3648 incorrigibilis;

266 3647 356 3688 vere>
370 3656 501 3688 autem
519 3651 801 3706 incorrigibilis
814 3653 972 3694 minim?
987 3653 1186 3709 censeatur
1201 3681 1214 3702 ‚
1231 3652 1309 3708 nist

265 3704 477 3762 nonsbldm
497 3720 732 3752 concurrant
758 3725 802 3752 ea
815 3715 943 3752 onmia
960 3740 974 3763 ,
997 3724 1082 3765 quae
1097 3712 1151 3752 ad
1175 3711 1241 3752 hoc
1259 3726 1307 3754 ex

256 3765 365 3823 juris
378 3768 583 3810 communis
596 3767 834 3826 dispcfitionc
847 3774 1130 3825 requiruntur,
1131 3770 1306 3829 sublatis

1373 1250 1491 1305 plene?
1499 1249 1678 1304 probatis
1693 1250 1812 1308 causis
1825 1250 2050 1307 expulsionis
2067 1279 2080 1298 ‚
2095 1251 2150 1291 ad
2163 1254 2422 1294 Sacrorum-a

1383 1308 1869 1365 Canonumpraefiriptum
1885 1339 1895 1349 .
1919 1314 2032 1351 Sicut
2050 1320 2189 1352 autem
2210 1323 2281 1363 pro
2303 1319 2421 1364 parte

1380 1365 1518 1407 dilecti
1534 1365 1606 1407 filii
1625 1367 1794 1410 Ministri
1811 1368 2024 1410 Generalis
2049 1371 2235 1410 Fratrum
2252 1367 2423 1408 Ordinis

1381 1425 1588 1466 Minorum
1616 1427 1749 1466 Sancti
1768 1426 1964 1468 Francisci
1989 1429 2047 1467 Ca
2056 1426 2292 1480 pucinorum
2319 1439 2425 1466 nun-

1380 1492 1627 1536 cupatorum
1655 1483 1781 1524 Nobis
1809 1497 1940 1538 nuper
1971 1483 2196 1537 expositum
2215 1481 2290 1524 fuit
2306 1512 2320 1534 ,
2349 1483 2421 1525 in..‚

1378 1539 1534 1582 Ordine
1553 1540 1778 1595 hujusmodi
1802 1540 2075 1597 praeinsertum
2099 1545 2321 1585 Decretum
2342 1539 2424 1583 dif-

1378 1598 1542 1641 ficulter
1555 1627 1569 1650 ,
1597 1601 1640 1641 ut
1671 1599 1925 1656 experientia
1943 1602 2132 1643 hactenus
2161 1612 2421 1655 compertum

1377 1658 1436 1699 est
1449 1685 1463 1708 ,
1479 1659 1713 1701 executioni
1729 1660 1962 1701 demandari
1979 1658 2092 1715 possit
2108 1689 2122 1710 ‚
2136 1661 2188 1701 εὸ
2205 1660 2314 1714 quod
2333 1662 2424 1701 Ge-

1378 1714 1526 1758 neralis
1544 1717 1725 1760 Minister
1742 1716 1967 1773 hujusmodi
1998 1719 2035 1758 in
2056 1718 2215 1773 singulis
2234 1717 2419 1771 ejusdem

1377 1774 1545 1817 Ordinis
1563 1777 1786 1819 Provinciis
1801 1773 1880 1818 effe
1893 1805 1905 1826 ,
1919 1774 2137 1833 secumque
2153 1775 2244 1817 illos
2262 1775 2329 1817 sex
2346 1777 2421 1819 Pa-

1377 1843 1463 1876 tres
1486 1835 1691 1888 graviores
1705 1864 1719 1886 ‚
1748 1835 1862 1893 juxta
1892 1834 2000 1877 idem
2019 1838 2243 1877 Decretum
2259 1835 2420 1877 ducere

1378 1903 1554 1947 nequeat
1568 1922 1579 1933 .
1606 1897 1733 1937 Nobis
1749 1904 1965 1950 propterea
1979 1894 2110 1935 dictus
2131 1893 2310 1935 Minister
2327 1896 2418 1936 Ge—

1378 1950 1526 1994 neralis
1544 1952 1753 1996 humiliter
1776 1952 1959 2008 suplicari
1977 1950 2072 1993 fecit
2088 1982 2103 2002 ,
2121 1963 2163 1993 ut
2183 1952 2221 1993 in
2241 1951 2415 2006 praemis-

1379 2009 1426 2052 fis
1443 2013 1671 2067 opportune
1698 2011 1920 2068 providere
1945 2011 1998 2052 de
2025 2010 2276 2065 benignitate
2306 2014 2416 2065 Apo-

1380 2069 1520 2112 stolica
1536 2069 1799 2127 dignaremur
1812 2101 1822 2112 .
1857 2075 1944 2113 Nos
1961 2069 2085 2124 igitur
2100 2069 2296 2125 prospero
2309 2068 2416 2126 ejus-

1381 2128 1476 2171 dem
1492 2130 1658 2172 Ordinis
1681 2131 1795 2174 statui
1822 2129 1951 2173 bacin
1971 2143 2040 2179 re,
2068 2130 2260 2184 quantum
2290 2143 2418 2171 Cum-J

1378 2190 1554 2231 Domino
1580 2188 1775 2245 possumus
1800 2219 1814 2241 ‚
1854 2187 2067 2231 consulere
2096 2187 2281 2229 volentes
2312 2214 2326 2236 ‚
2354 2188 2418 2229 di-

1377 2250 1566 2303 &umque
1583 2248 1807 2291 Ministrum
1822 2246 2071 2290 Generalem
2088 2246 2108 2287 a
2125 2246 2329 2300 quibusvis
2346 2259 2418 2288 εκ-

1377 2308 1779 2360 communicationis,
1803 2305 2087 2362 suspenfionis,
2114 2309 2151 2348 ὃς
2181 2305 2412 2356 interdicti,

1377 2367 1544 2421 aliisque
1567 2367 1853 2410 Eccleliasticis
1871 2365 2092 2408 Sententiis
2107 2393 2121 2416 ‚
2137 2363 2316 2406 censuris
2331 2393 2346 2413 ,
2376 2365 2417 2404 &

1377 2425 1508 2479 poenis
1524 2425 1544 2464 a
1563 2423 1667 2478 jure,
1682 2426 1747 2467 vel
1761 2426 1809 2468 ab
1828 2424 2004 2473 homine,
2019 2423 2162 2477 quavis
2177 2420 2387 2463 occafione
2399 2449 2415 2472 ,

1378 2482 1443 2523 vel
1460 2480 1575 2522 causa
1595 2481 1714 2533 latis,
1742 2482 1764 2523 fi
1792 2481 1941 2535 quibus
1968 2481 2279 2535 quomodolibet
2303 2479 2415 2521 inno·-

1377 2540 1492 2582 datus
1510 2539 1639 2582 existit
1657 2567 1670 2590 ‚
1695 2540 1745 2582 ad
1775 2539 1958 2582 effe-&um
1989 2538 2239 2592 praesentium
2267 2537 2415 2580 dunta-

1375 2608 1443 2640 xat
1459 2598 1808 2651 consequendum,
1823 2599 1963 2640 harum
1976 2593 2077 2638 serie
2097 2594 2412 2645 absolventes,&

1377 2656 1605 2700 absolutum
1621 2655 1708 2699 fore
1719 2655 2307 2709 censentes‚supplicationibus
2324 2654 2412 2710 ejus

1376 2716 1536 2758 nomine
1551 2716 1679 2757 Nobis
1705 2717 1821 2770 super
1838 2715 1913 2756 hoc
1939 2712 2149 2754 humiliter
2176 2715 2371 2769 porrectis
2394 2742 2408 2763 ,

1370 2774 1581 2824 inclinati,
1594 2773 1646 2816 de
1663 2773 1952 2816 nonnullorum
1971 2773 2088 2813 Rom.
2106 2773 2241 2813 Curiae
2259 2772 2408 2814 Praela-

1373 2844 1508 2876 torum
1522 2862 1536 2885 ‚
1552 2831 1723 2885 desuper
1738 2836 1757 2874 a
1775 2832 1887 2874 nobis
1904 2829 2195 2884 deputatorum
2211 2830 2405 2882 consilio,

1372 2890 1712 2947 circumspectioni
1730 2902 1832 2941 tuae,
1856 2890 1926 2946 qui
1941 2889 2102 2932 Ordinis
2119 2886 2271 2945 praefati
2296 2889 2405 2943 apud

1373 2955 1459 2994 Nos
1476 2980 1489 3002 ‚
1514 2952 1555 2992 &
1570 2951 1834 3008 Apostolicam
1851 2948 1999 2991 Sedem
2014 2950 2226 2991 Protector
2239 2948 2372 2991 existis
2387 2975 2402 2998 ‚

1374 3013 1601 3053 Decretum
1618 3009 1820 3065 praefatum
1839 3010 1911 3049 hac
1937 3008 1974 3048 in
1994 3019 2107 3063 parte
2122 3006 2371 3050 declarando
2387 3034 2402 3058 ‚

1373 3069 2039 3125 ApostolicaAuthoritate‚tenore
2056 3066 2306 3121 praesentium
2325 3065 2403 3106 tri-

1373 3129 1443 3170 bui
1449 3141 1532 3169 mus
1550 3125 1808 3170 facultatem:
1824 3125 2046 3168 concedendi
2061 3127 2258 3167 licentiam
2277 3126 2405 3166 Mini-

1355 3186 1460 3244 stris
1482 3186 1779 3228 Provinciolibus
1801 3188 2090 3226 Provinciarum
2104 3182 2198 3224 diiii
2215 3182 2372 3224 Ordinis
2388 3209 2403 3231 ‚

1371 3254 1418 3287 ut
1437 3243 1574 3301 pollini
1587 3246 1629 3286 de
1646 3244 1823 3302 consinsit
1840 3246 2000 3285 Patrum
2018 3245 2220 3283 seniorum
2228 3239 2402 3297 sicarum

1371 3303 1576 3355 reffieffliv?
1591 3307 1882 3345 Provincias-um
1897 3330 1911 3351 ‚
1924 3305 2058 3340 eiicere
2073 3299 2358 3353 incorrigibiles
2373 3298 2402 3338 a>

1369 3362 1468 3404 ditio
1483 3363 1628 3404 Ordine
1640 3392 1653 3412 ‚
1666 3361 1778 3418 fabia
1784 3364 1901 3415 prius
1913 3358 2102 3399 relatione
2116 3357 2302 3414 Ministro
2322 3359 2398 3397 Ge-

1367 3422 1520 3470 nerali,
1549 3421 1596 3468 θ’
1612 3415 1744 3462 habito
1764 3419 1843 3475 ejus
1857 3416 2034 3474 confinsu
2056 3445 2070 3467 ‚
2096 3419 2215 3458 etiam
2238 3425 2314 3472 per
2331 3418 2402 3457 Li-

1366 3488 1469 3521 teras
1483 3478 1644 3536 mifflvas
1659 3509 1672 3529 ‚
1689 3480 1857 3534 strvaca
1880 3486 2011 3517 tomen
2034 3476 2077 3516 in
2093 3477 2241 3517 caeteris
2259 3473 2401 3532 forma

1366 3538 1462 3579 dsffi
1487 3542 1646 3579 Decreti
1661 3538 1704 3578 de
1722 3533 1981 3591 Regularibus
2004 3534 2200 3592 Apostatis
2215 3564 2230 3585 ,
2261 3535 2307 3581 {3¹
2323 3532 2402 3589 eje-

1364 3597 1446 3638 iiis.
1463 3601 1554 3639 Non
1571 3595 1819 3637 obstantibus
1835 3593 1983 3635 eodem
2001 3594 2182 3636 Decreto
2194 3622 2209 3643 ,
2227 3606 2272 3634 ac
2289 3595 2403 3646 Apo-

1364 3654 1508 3696 stolicis
1537 3656 1660 3696 etiam
1690 3655 1727 3695 in
1758 3650 2050 3694 universalibus
2081 3681 2096 3703 ,
2136 3649 2402 3693 Provinciali-

1367 3712 1530 3769 busque,
1548 3716 1588 3755 &
1604 3711 1878 3768 synodalibus
1894 3710 2094 3754 Conciliis
2115 3711 2237 3753 editis
2259 3713 2402 3752 Gene-

1366 3771 1514 3816 ralibus
1527 3802 1540 3826 ,
1572 3773 1639 3816 vel
1667 3768 1908 3827 specialibus
1933 3769 2302 3870 Constitutionilgius
2319 3797 2333 3820 ‚
2364 3771 2403 3812 δι

2172 3831 2231 3871 Or
2264 3829 2346 3871 ina-
