2658 4244
376 227 476 272 22
1040 193 1202 284 Sub
1267 182 1513 286 Paulo
1578 187 1708 289 III.

311 306 404 392 dedg
433 304 775 391 queam-Sapzeme'am
790 308 824 347 {n
836 307 946 348 livore
960 312 1130 352 vanitatis
1142 340 1156 360 ,
1184 315 1251 363 qua
1268 315 1448 362 primatum
1462 342 1476 362 ,
1499 317 1555 355 seu
1571 319 1786 356 vicariatum
1812 315 2020 354 Ge'neralem
2050 313 2084 352 in
2107 314 2227 354 humili
2252 317 2437 365 Religione

310 366 355 392 ex
403 367 498 414 apitu
512 366 560 392 ari
573 367 713 405 quoque
725 370 888 418 votorum
898 361 1035 418 calculo
1048 365 1200 412 quaefivit
1211 388 1225 408 ,
1248 363 1284 399 8(
1297 374 1433 402 econtra
1447 367 1655 404 devolutum
1681 367 1724 403 ad
1751 367 1790 402 P.
1807 365 2052 402 Bernardinum
2068 364 2242 403 Astensem
2260 369 2306 404 ita
2331 369 2375 403 im
2382 381 2439 416 pu-

308 415 659 490 }gilrgffiitifmiiiffiscum
674 408 718 467 ad
733 420 866 448 monita
878 409 1070 459 resipiscere
1084 414 1260 458 noluerit,
1281 412 1318 449 in
1333 414 1522 453 Pontificiae
1537 417 1669 454 Mentis
1680 414 1922 453 executionem
1933 437 1946 458 ,
1969 414 1988 450 ὲ
2012 411 2215 451 sanctuario
2241 416 2441 462 Religionis

310 550 346 588 b·
407 505 597 591 Αέιιιιῖιιιιεπι
613 504 813 548 Ludovicus
826 521 861 547 in
874 507 1071 547 nostrorum
1091 511 1309 549 Vicariorum
1323 513 1549 551 Generalium
1563 515 1644 551 serie
1657 516 1782 553 debeat
1797 512 1905 560 poni,
1930 522 2166 561 opportunum
2175 511 2229 547 hic
2242 511 2350 547 oritur
2377 511 2444 546 dii-³

101 604 150 640 (a)
168 604 222 636 V'd
303 616 305 618 q
334 563 405 587 ¹1¹m
422 583 428 589 -
497 565 553 611 ⁰!ss
569 564 615 590 ex
629 554 690 593 hac
702 557 903 620 plerumque
919 560 1112 597 excludunt
1125 562 1231 598 nostri
1246 562 1466 608 Chronologi
1479 587 1494 607 ,
1513 564 1594 600 dum
1622 576 1690 610 ego
1718 566 1804 601 Eum
1829 561 1865 596 in
1893 574 1933 597 ea
1955 561 2197 598 collocandum
2218 558 2282 596 effe
2299 583 2312 603 ,
2340 569 2414 593 reor

97 619 202 686 eraso}
223 605 294 679 ἓέὶι-
309 602 485 658 tam-quod
495 602 682 663 diplomata
696 605 882 644 Pontificia
898 607 955 655 (a)
965 610 1069 656 quam
1080 610 1160 654 alia,
1171 609 1206 646 in
1219 609 1379 648 Archivo
1391 611 1509 647 nostro
1524 611 1685 649 asservata
1700 611 1844 657 Legalia
1863 612 2082 646 Documenta
2104 609 2202 645 illum
2212 607 2371 654 expressi:
2385 583 2447 642 Vi,—

203 666 213 681 ο
264 668 274 681 ο
308 650 522 735 ειῐιῆιιιηιέῥ·
535 648 574 688 V
569 664 718 710 icarium
731 655 935 715 Genesalegn
946 669 1076 716 vocent
1090 682 1105 700 0
1129 669 1198 698 tam
1211 683 1224 704 ,
1249 658 1346 708 quod
1359 661 1378 694 “a
1391 659 1430 695 P.
1448 659 1597 697 Mathaeo
1611 663 1630 696 ὲ
1643 662 1753 698 Ballio
1767 684 1780 705 ,
1798 660 1932 696 Bullam
1946 657 2178 705 exemptionis
2190 658 2226 693 &
2239 655 2382 692 Ordinis
2396 653 2447 691 Si-

306 710 345 784 5
373 711 430 783 Ἥ
452 714 483 783 l}
492 723 506 744 2
520 711 580 736 ceu
592 712 706 760 pfl-mo
720 705 909 743 Definitori
922 706 1134 743 extraditum
1144 732 1158 752 ‚
1172 709 1207 745 8(
1220 707 1447 752 Religionem
1459 710 1501 745 ab
1516 709 1602 753 1110,
1619 711 1663 746 ad
1673 711 1744 748 Sex
1757 708 1970 747 Succeffivos
1983 718 2104 750 annos,
2118 717 2164 742 ex
2173 704 2442 752 superveniente

302 795 332 831 t'
348 759 397 831 pp
428 751 758 832 ‘Ecaff'mm'ffiffl‘i
780 778 794 798 ³
815 755 1037 812 gubernatam
1051 755 1152 793 fuifl‘e
1168 781 1181 801 ‚
1204 769 1250 794 ex
1264 757 1519 801 chronologicis
1530 759 1654 796 nostris
1668 757 1796 794 tabulis
1806 756 1935 794 constet
1948 781 1957 791 .
1987 757 2069 792 Hoc
2082 764 2195 790 autem
2209 765 2277 789 non
2295 752 2355 788 nisi
2381 751 2445 786 sub

322 807 374 831 itu
389 808 412 831 o
424 845 445 880 s
474 809 604 855 aprus,
631 799 689 857 lep
706 801 840 838 Vicani
866 802 1053 862 Generalis
1077 804 1205 842 fanum
1228 804 1343 848 fuiss'e,
1370 807 1550 842 tenendum
1564 805 1626 842 effe
1642 806 1780 842 videtur
1795 830 1810 850 ‚
1838 817 1882 842 ne
1897 804 2121 849 Religionem
2134 803 2283 839 nostram
2301 812 2358 847 per
2382 799 2446 835 sex

299 855 417 930 angos·
437 856 490 882 ine
501 855 611 905 capi-te
627 847 748 909 fuiffe3
765 853 906 909 concedi
924 852 1047 910 debeat
1064 879 1073 889 .
1101 854 1185 890 Nec
1199 865 1244 889 ex
1256 865 1300 890 eo
1315 876 1329 897 ,
1352 853 1447 899 quod
1455 853 1616 890 ceciderit
1630 879 1643 898 ‚
1660 853 1720 901 jus
1733 853 1826 890 tituli
1839 876 1853 897 ‚
1866 865 1966 900 quem
1985 851 2142 897 legitime
2156 849 2357 898 acquisivit,
2373 858 2448 894 per-

330 905 340 928 1
366 904 392 928 tt
409 919 417 928 -
433 905 498 978 ῐιὶἓε
514 906 560 952 ,ως
574 896 699 954 inserto
713 910 788 946 ejus
800 911 936 958 nomine
949 911 1093 937 vitiatur
1108 901 1326 939 Vicariorum
1339 901 1563 938 Generalium
1577 902 1690 939 Series
1704 913 1717 941 ;
1731 902 1813 937 ficut
1824 901 1913 937 enim
1926 900 2111 947 personalis
2150 899 2161 934 i
2167 898 2214 946 pfi
2221 910 2262 934 us
2287 897 2418 933 macula
2430 919 2446 940 ,

297 954 425 1000 furum
454 944 640 1026 heligionis
654 946 696 1002 de
711 946 744 1003 (e
754 957 932 1004 ‘optimum
948 959 1018 983 non
1031 950 1191 986 obseurat
1204 974 1217 992 ‚
1238 950 1286 984 ita
1301 961 1362 984 nec
1374 949 1475 984 fatam
1488 951 1697 985 contaminat
1710 949 1828 985 seriem
1843 972 1854 984 .
1881 949 1941 983 Ne
1955 959 2069 984 tamen
2091 947 2225 982 nostros
2253 944 2451 982 Chronistas

297 1001 441 1027 anter-et
478 1003 521 1028 oc
532 1003 644 1028 meum
648 995 824 1041 judicium
839 997 993 1033 nascatur
1007 997 1110 1034 chaos
1125 1022 1141 1043 ,
1167 997 1323 1034 affertive
1336 996 1419 1033 nihil
1434 999 1454 1033 ὲ.
1469 1009 1522 1033 me
1533 998 1663 1034 dietum
1676 997 1740 1033 effe
1755 1020 1768 1040 ,
1786 997 1821 1032 &
1838 996 1990 1033 rationes
2004 1019 2018 1040 ‚
2037 995 2133 1031 aliter
2148 994 2362 1032 sentientium
2414 993 2449 1028 in

294 1039 421 1082 ,valore
436 1064 450 1084 ,
475 1051 580 1087 quem
594 1041 723 1077 habent
737 1067 751 1086 ,
771 1044 944 1091 persistere
956 1044 1062 1089 cupio
1077 1069 1088 1080 .
2375 1017 2389 1037 ’

398 1089 547 1171 Reliitgks·
558 1089 612 1135 (¹¹)
632 1091 680 1125 D.
695 1090 846 1136 Joannes
864 1092 1077 1149 Dyr-ninicus·
1088 1092 1132 1128 de
1146 1093 1260 1141 Cupis
1275 1117 1287 1137 ‚
1302 1105 1347 1129 ex
1363 1093 1508 1130 Umbria
1520 1118 1533 1139 ‚
1561 1093 1756 1131 Cardinalis
1771 1091 1956 1131 Tranenfis
1971 1115 1985 1134 ‚
2006 1104 2084 1129 cum
2100 1100 2207 1139 partes
2224 1091 2263 1127 P.
2277 1088 2451 1126 Ludovici

296 1143 420 1218 {olt'itra
446 1148 466 1172 e
482 1148 499 1172 e
538 1148 653 1171 ionem
681 1138 719 1174 Ρ.
737 1140 941 1194 Bet-nardini
964 1151 999 1174 in
1029 1139 1210 1176 vicarium
1235 1141 1442 1178 Generalem
1454 1166 1467 1186 ,
1492 1155 1556 1179 ceu
1584 1140 1799 1186 illegitimam
1816 1139 1990 1186 strepentis
2003 1165 2016 1184 ‚
2041 1140 2158 1186 aliquo
2172 1139 2277 1174 modo
2287 1138 2420 1173 foveret
2434 1160 2448 1178 ,

364 1195 427 1229 apa
437 1208 450 1227 ,
472 1194 511 1218 ut
527 1183 699 1229 Capitulo
712 1195 852 1222 nov1ter
866 1197 1085 1232 convocato,
1109 1188 1233 1225 eleffio
1251 1192 1433 1226 iteraretur
1447 1215 1461 1235 ‚
1492 1190 1670 1233 obtinuit,
1694 1189 1749 1224 cui
1773 1190 1809 1226 &
1838 1188 1913 1235 lpse
1943 1189 2128 1234 (Spartam
2151 1188 2235 1224 hanc
2262 1190 2310 1222 D.
2325 1185 2447 1221 Cardi-

298 1232 383 1319 gcalicre¹
390 1230 792 1321 {gageiggffinnonio
806 1234 952 1291 Ordinis
970 1235 1172 1274 ProteEliore
1187 1261 1199 1281 ,
1221 1238 1268 1273 ob
1280 1238 1434 1275 diversos
1448 1239 1531 1275 fines
1547 1239 1639 1275 ultro
1656 1237 1825 1283 cedente)
1843 1236 2048 1283 Apostolica
2063 1233 2275 1272 Auaoritate
2292 1234 2452 1282 praefuit,

484 1305 494 1317 .
662 1293 759 1319 inum
772 1283 938 1320 concordi
952 1284 987 1319 8(
1000 1284 1118 1322 saneto
1133 1294 1218 1322 voto
1231 1285 1426 1324 re-eleetum
1441 1287 1598 1324 laudavit
1616 1312 1626 1324 .

300 1539 378 1590 Ne
404 1544 588 1592 Fratres
611 1544 668 1594 ad
696 1560 846 1614 partes
869 1549 1256 1603 Ultramonta'nas
1283 1544 1350 1597 us-

336 1626 424 1675 que
467 1612 525 1660 ad
562 1616 835 1682 Capitulum
865 1654 880 1675 ,
923 1621 1194 1686 generaliter
1237 1619 1352 1666 cele-

342 1678 572 1731 brandum
589 1717 607 1740 ,
640 1682 684 1733 se
715 1702 971 1757 propagent
991 1723 1008 1746 ‚
1044 1688 1278 1756 prohibet.

303 1822 477 1868 ''Dileffis
504 1822 623 1865 Filirs
648 1825 802 1868 mario
825 1828 1039 1878 Generffi,
1060 1829 1109 1876 δ’
1136 1829 1351 1874 Fratribus

453 1880 615 1924 Ordinis
632 1885 833 1926 Minoe-um
844 1914 858 1936 ,
880 1889 1198 1941 Congu-gationis

544 1942 833 2000 Capucinorum
856 1954 1091 2000 nuncupatae
1107 1974 1119 1986 .

432 2071 785 2126 PAULUS
834 2077 1047 2126 PAPA
1099 2077 1234 2126 ΙΙΙ..

498 2187 569 2230 Ad
586 2196 821 2246 perpetuam
848 2196 909 2237 rei
931 2196 1176 2238 memoriam.

446 2302 585 2372 [idum
611 2305 807 2364 siquidem
822 2325 895 2368 per
910 2315 995 2356 Nos
1013 2322 1182 2367 accepto
1196 2341 1210 2364 ‚
1241 2311 1351 2370 quod

409 2422 416 2428 .
451 2374 572 2431 ‘inter
586 2378 656 2407 vos
668 2395 682 2418 ‚
695 2369 858 2412 &inter
872 2371 1040 2414 dilectos
1058 2372 1180 2414 Filios
1195 2374 1356 2415 Fratres

311 2423 480 2464 Ordinis
509 2425 714 2466 Minorum
738 2427 793 2471 de
816 2429 1081 2473 observantia
1108 2441 1357 2485 nuncupato—

308 2493 404 2522 rum
429 2508 443 2530 υ
475 2493 617 2536 graves
651 2489 937 2530 contentiones
961 2517 976 2539 ‚
1015 2490 1054 2530 &
1085 2487 1177 2530 lites
1208 2499 1358 2532 exortae

312 2547 458 2604 erant:
483 2543 573 2611 .N⁰.⁵,
585 2569 600 2592 ,
614 2556 682 2594 ne,
697 2546 724 2585 sl
740 2545 832 2590 lites
848 2575 863 2599 ,
874 2549 915 2589 &
928 2549 1209 2590 contentiones
1223 2546 1358 2604 hujus-

311 2596 426 2663 modi
451 2598 600 2640 diutius
620 2601 816 2647 durarent
832 2634 847 2656 ‚
877 2605 1063 2649 scandala
1094 2605 1191 2649 inde
1209 2620 1358 2661 prove-

312 2663 452 2727 nirent
463 2682 477 2706 ,
490 2660 719 2712 opportune
732 2663 953 2717 providere
968 2665 1156 2708 volentes
1166 2693 1181 2716 ‚
1191 2665 1245 2707 de
1259 2679 1356 2707 con·

313 2713 404 2757 silio
419 2715 706 2782 nonnullorum
729 2723 769 2764 S.
786 2724 838 2765 R.
855 2725 904 2765 E.
921 2725 1204 2767 Cardinalium
1220 2724 1356 2766 statui-

315 2785 405 2840 squ?
420 2798 431 2822 i
458 2774 497 2814 &
512 2777 804 2832 ordinavimus,
818 2781 926 2838 quod
941 2783 1073 2826 nullus
1088 2782 1267 2839 ejusdem
1281 2784 1359 2825 Or-

314 2831 421 2879 dinis
434 2834 621 2875 Fratrum
638 2837 842 2882 Minorum
856 2841 910 2884 de
923 2841 1190 2885 Observantia
1207 2856 1359 2885 nuncu-

313 2900 508 2950 patorum
522 2892 723 2938 Professor
748 2897 799 2942 ad
817 2902 971 2943 Domos
987 2929 1001 2951 ,
1032 2903 1073 2943 &
1101 2904 1210 2945 Loca
1232 2901 1363 2943 dicto-

313 2963 410 2993 rum
451 2952 637 2994 Fratrum
677 2958 1015 3015 Congregationis
1057 2961 1362 3016 Capucinorum

317 3020 644 3078 nuncupatorum
659 3042 673 3065 ,
701 3017 742 3057 &
756 3017 779 3059 ὲ
792 3018 992 3062 converso
1007 3018 1142 3063 nullus
1156 3019 1360 3062 distorum

311 3071 621 3124 Capucmorum
636 3072 686 3115 ad
706 3077 858 3118 Domos
871 3106 886 3128 ,
912 3080 950 3120 &
965 3079 1074 3121 Loca
1102 3077 1360 3122 eorundem-2

317 3129 510 3171 Fratrum
535 3128 589 3172 de
611 3132 878 3177 Observantia
896 3147 1215 3191 nuncupatorum
1233 3166 1247 3188 5
1272 3134 1362 3179 abs·

317 3199 400 3241 que
422 3187 689 3232 Praelatorum
718 3191 881 3237 suorum
910 3193 1073 3250 speciali
1101 3196 1295 3245 licentia,
1322 3194 1370 3236 in

316 3244 480 3312 scriptis
497 3246 632 3315 liabita
648 3278 662 3301 ‚
677 3249 811 3295 donec
828 3267 900 3309 per
917 3257 1003 3297 Nos
1018 3254 1056 3293 in
1072 3253 1265 3298 Generali
1280 3257 1363 3296 Ca·-

319 3303 458 3359 pitulo
474 3303 571 3348 disti
584 3308 752 3351 Ordinis
765 3338 780 3362 ,
811 3310 850 3353 in
875 3312 948 3355 hac
964 3310 1085 3354 Alma
1103 3313 1219 3355 Urbe
1236 3311 1364 3355 nostra

321 3363 572 3407 celebrando
585 3393 601 3418 ‚
614 3366 723 3413 aliud
739 3368 1058 3414 determinatum
1073 3367 1180 3412 foret
1195 3401 1208 3422 ,
1222 3370 1364 3426 quovis

323 3430 522 3484 praetextu
545 3424 585 3466 se
604 3428 827 3471 transferre
843 3428 967 3485 poffet
983 3458 996 3480 ,
1026 3439 1145 3482 prout
1169 3431 1206 3471 in
1223 3430 1363 3472 nostris

325 3476 689 3547 informa-Brevis
719 3485 893 3543 desuper
911 3485 1105 3530 confectis
1134 3488 1259 3530 literis
1275 3488 1365 3543 ple-

326 3548 416 3606 nius
433 3547 953 3597 continetur31ntendentes
973 3546 1135 3588 interim
1149 3561 1213 3589 res
1228 3560 1367 3588 omnes

327 3606 368 3633 m
385 3593 533 3635 eodem
549 3596 646 3642 statu
663 3631 676 3652 ‚
693 3604 731 3645 in
755 3620 835 3659 quo
847 3604 1089 3657 existebant,
1105 3619 1364 3660 permanere.

328 3652 442 3695 Cum
468 3664 601 3694 autem
630 3660 680 3702 ad
710 3663 883 3706 nostram
909 3664 1098 3707 notitiam
1120 3663 1366 3713 devenerit,

327 3709 545 3752 nonnullos
560 3727 609 3754 ex
633 3717 766 3760 vestrae
780 3722 1116 3778 Congregationis
1137 3720 1364 3778 professori-

329 3767 401 3813 bus
417 3795 432 3823 2
451 3769 497 3811 ad
517 3782 649 3830 partes
668 3775 995 3827 Ultramontanas
1013 3810 1028 3836 ,
1051 3781 1102 3825 ad
1116 3795 1211 3844 quas
1227 3782 1366 3827 haete-

1605 1413 2417 1432 ——n——m—

1409 1559 1481 1588 nus
1507 1545 1619 1591 nullo
1630 1546 1754 1590 modo
1769 1546 1904 1589 vestra:
1921 1542 2258 1599 Congregationis
2287 1537 2444 1584 Profess

1410 1603 1516 1647 sores
1536 1606 1798 1660 penetrarunt
1816 1633 1829 1655 ,
1859 1604 1898 1646 se
1913 1600 2131 1645 transferre
2148 1630 2163 1652 2
2195 1604 2380 1656 Locaque
2397 1597 2451 1639 de

1410 1677 1518 1706 novo
1534 1664 1628 1706 inibi
1642 1675 1858 1718 acceptare
1877 1661 2118 1704 intendere:
2146 1663 2231 1701 Nos
2248 1688 2262 1709 ‚
2277 1670 2448 1712 quorum

1410 1723 1557 1764 mentis
1572 1718 1646 1765 fuit
1662 1751 1675 1773 ‚
1706 1731 1752 1764 ut
1768 1719 1976 1777 praesertur
1994 1746 2008 1768 ‚
2040 1716 2159 1773 usque
2191 1717 2240 1759 ad
2257 1714 2450 1771 provisio-

1410 1794 1504 1822 nem
1536 1794 1608 1837 per
1623 1785 1707 1824 Nos
1723 1780 1761 1821 in
1778 1778 1958 1834 capitulo
1974 1775 2161 1832 praedieio
2194 1772 2420 1817 faciendam
2436 1800 2451 1823 ,

1411 1840 1545 1882 omnia
1561 1840 1599 1882 in
1616 1854 1666 1882 eo
1683 1840 1781 1882 statu
1798 1849 1958 1895 quoque
1973 1848 2134 1878 manere
2152 1862 2165 1884 ,
2203 1832 2450 1876 intendimus

1411 1898 1451 1939 in
1465 1898 1573 1940 dieto
1587 1898 1783 1954 Capitulo
1804 1897 1989 1938 omnibns
2004 1895 2063 1935 his
2077 1892 2263 1935 ordinem
2277 1920 2291 1942 ,
2314 1893 2354 1932 &
2371 1890 2455 1932 for-

1411 1971 1517 1998 mam
1534 1958 1634 1999 dare
1648 1970 1665 2009 3
1682 1967 1792 1998 motu
1812 1951 1974 2010 proptio
1989 1981 2004 2005 ‚
2018 1954 2057 1993 &
2072 1965 2121 1992 ex
2137 1961 2249 1995 certa
2267 1949 2450 1999 scientia,

1410 2016 1523 2058 vobis
1541 2014 1882 2073 Congregationi‘s
1902 2011 2050 2054 Vestrae
2067 2007 2290 2066 hujusmodi
2317 2007 2355 2048 in
2372 2007 2457 2048 vir-

1410 2085 1499 2117 tute
1516 2077 1664 2118 saneta:
1677 2073 1930 2117 Obedientiae
1944 2099 1958 2122 ‚
1985 2071 2023 2111 &
2049 2068 2117 2110 sub
2131 2067 2455 2110 excommnnica-

1410 2135 1531 2176 tionis
1561 2132 1648 2176 latae
1673 2133 1879 2176 sententiae
1908 2143 2027 2185 poena
2051 2141 2125 2183 per
2139 2124 2343 2183 praesentes
2359 2126 2450 2165 Au·

1410 2194 1608 2235 thoritate
1625 2191 1854 2248 Apostolica
1871 2186 2183 2245 praecipiniu5,&
2199 2183 2449 2232 mandamus,

1411 2266 1464 2295 ne
1478 2279 1492 2303 2
1512 2251 1639 2294 donec
1661 2265 1735 2307 per
1755 2253 1840 2294 Nos
1858 2249 1896 2290 in
1919 2246 2027 2288 dieto
2042 2246 2236 2300 Capituto
2251 2239 2450 2285 Generali

1413 2311 1523 2354 aliud
1542 2309 1658 2367 super
1673 2311 1750 2352 hoc
1765 2306 2077 2352 determinatum
2092 2301 2211 2345 fuerit
2227 2331 2239 2353 ‚
2250 2301 2299 2343 ad
2319 2309 2457 2355 partes

1415 2369 1749 2414 Ultramontanas
1766 2362 1994 2423 hujusmodi
2025 2376 2092 2406 vos
2110 2359 2326 2404 transferre
2342 2388 2356 2409 ‚
2386 2366 2455 2400 aut

1418 2429 1506 2471 loca
1524 2428 1617 2471 inibi
1632 2426 1685 2469 de
1702 2440 1808 2469 novo
1822 2433 2035 2479 acceptare
2050 2419 2311 2476 praesumatis.
2339 2420 2456 2458 Man-

1417 2488 1561 2530 dantes
1576 2485 1785 2536 univerlis,
1798 2486 1838 2525 8(
1852 2481 2008 2537 singulis
2028 2478 2337 2522 Venerabilibus
2356 2477 2454 2516 Fra-

1418 2546 1543 2589 tribus
1560 2545 1699 2588 nostris
1717 2538 2053 2596 Archiepiscopis‚
2066 2539 2105 2578 &
2122 2536 2342 2592 Episcopi5‚
2358 2545 2458 2574 nec·-

1419 2619 1497 2648 non
1514 2604 1671 2647 dilectis
1687 2601 1776 2643 filiis
1793 2598 2013 2644 Abbatibus
2028 2626 2042 2649 ,
2074 2595 2279 2638 Prioribus
2295 2621 2309 2644 ,
2325 2601 2457 2633 coete-

1418 2663 1548 2719 risque
1570 2662 1838 2704 Ecclessarum
1862 2657 2099 2700 Rectoribus
2113 2682 2127 2703 ³
2153 2663 2347 2709 quatenus
2361 2651 2455 2705 ipsi,

1418 2722 1484 2764 vel
1499 2734 1638 2764 eorum
1652 2720 1756 2762 alter
1772 2747 1786 2770 ,
1815 2722 2018 2761 Statutum
2035 2741 2049 2764 ,
2080 2715 2120 2753 &
2147 2710 2458 2754 ordinationem

1418 2780 1642 2836 praedi'Ram
1686 2775 1976 2819 inviolabiliter
2018 2769 2223 2813 observari
2266 2767 2412 2809 faciant
2439 2796 2454 2805 .

1419 2843 1514 2884 Non
1530 2836 1814 2894 permittentes
1831 2830 1982 2888 aliquid
1999 2844 2070 2886 per
2087 2830 2342 2884 quoscunque
2359 2839 2457 2880 qua-

1421 2911 1579 2954 cunque
1595 2895 1796 2950 dignitate
1809 2921 1823 2943 ,
1837 2888 2134 2948 praeeminentia
2145 2915 2160 2938 2
2175 2889 2215 2928 &
2231 2885 2459 2928 authorita-

1421 2969 1463 3002 te
1482 2956 1715 3011 fungentes,
1731 2963 1872 2995 contra
1889 2946 2140 3007 praesentium
2153 2957 2343 2987 tenorem
2358 2956 2460 2999 quo-

1420 3015 1645 3060 modolibet
1677 3011 1870 3056 attentari
1895 3039 1907 3050 .
1940 3006 2274 3049 Contradistores
2306 3001 2457 3057 quosli-

1419 3079 1491 3121 bet
1504 3105 1518 3127 ‚
1532 3076 1572 3117 &
1587 3071 1759 3117 rebelles
1773 3085 1845 3127 per
1861 3065 2074 3116 censuras,
2098 3067 2138 3105 &
2153 3074 2291 3119 poenas
2309 3059 2460 3102 Eccle-

1421 3135 1584 3180 fiasticas
1597 3162 1612 3185 0
1642 3134 1682 3173 &
1699 3130 1774 3174 alia
1791 3137 2016 3184 opportuna
2032 3123 2130 3179 juris
2146 3121 2328 3163 remedia
2344 3147 2358 3170 ‚
2389 3133 2461 3174 ap..

1422 3193 1644 3253 pellatione
1658 3187 1869 3246 postposita
1884 3215 1897 3237 ,
1928 3179 2220 3238 compescendo
2233 3208 2248 3230 ‚
2266 3179 2457 3220 invocato

1422 3253 1544 3298 etiarn
1561 3250 1611 3293 ad
1626 3251 1700 3292 hoc
1723 3277 1737 3300 ,
1767 3249 1793 3289 ss
1820 3258 1918 3302 opus
1950 3242 2072 3283 fuerit
2089 3269 2103 3291 ,
2133 3238 2282 3284 auxilio
2298 3236 2462 3278 brachii

1423 3311 1632 3358 Saecularis
1651 3339 1662 3349 .
1690 3311 1785 3350 Non
1799 3302 2041 3349 obstantibus
2058 3296 2257 3356 praeiniffis
2273 3323 2289 3347 .,
2309 3310 2354 3337 ac
2371 3294 2461 3336 aliis

1421 3366 1782 3415 Constitutionibus
1800 3394 1814 3417 ,
1843 3367 1883 3406 &
1905 3358 2242 3404 ordinationibus
2257 3353 2459 3411 Apostoli-

1425 3431 1480 3473 cis
1492 3459 1506 3479 ,
1521 3431 1645 3472 etiam
1662 3427 1699 3468 in
1713 3423 1841 3467 forma
1856 3419 1996 3465 Brevis
2008 3447 2022 3469 ‚
2036 3415 2342 3474 quomodolibet
2360 3427 2460 3454 con-

1426 3487 1536 3533 cessis
1553 3517 1567 3540 ,
1592 3484 1850 3542 approbatis,
1875 3483 1912 3521 &
1940 3477 2166 3526 innovatis,
2196 3474 2345 3516 etiamsi
2364 3473 2462 3515 talia

1425 3547 1564 3591 forent
1575 3573 1591 3597 .,
1606 3542 1714 3600 qued
1729 3556 1802 3598 pro
1819 3540 1984 3583 illorum
1999 3534 2211 3578 sufficienti
2227 3532 2463 3585 derogatio-

1425 3621 1476 3650 ne
1490 3635 1504 3658 ,
1519 3606 1573 3648 de
1589 3603 1668 3645 illis
1684 3630 1698 3652 ,
1723 3610 1944 3648 eorumque
1962 3595 2056 3637 totis
2077 3593 2286 3636 tenoribus
2312 3590 2462 3646 specia-

1424 3666 1472 3708 lis
1492 3693 1506 3716 ‚
1525 3658 1784 3706 &individua
1800 3686 1815 3709 ‚
1840 3671 1884 3699 ac
1900 3656 1952 3698 de
1970 3655 2095 3697 verbo
2108 3652 2156 3694 ad
2175 3654 2341 3694 verbum
2355 3677 2369 3699 ,
2385 3662 2461 3690 non

1424 3733 1560 3767 autem
1578 3734 1651 3775 per
1666 3715 1857 3761 clausulas
1878 3714 2090 3769 generales
2114 3710 2221 3754 idem
2240 3711 2463 3764 importan-

1424 3792 1486 3826 tes
1500 3810 1515 3836 ‚
1529 3778 1681 3824 mentio
1694 3805 1709 3831 2
1727 3776 1792 3820 seu
1813 3773 1955 3835 quaevis
1971 3773 2049 3817 alia
2064 3764 2460 3870 expreffiofliabenda

2283 3834 2370 3869 oret
2388 3847 2403 3873 ²
