2658 4244
310 232 457 323 ‚36

947 213 1112 307 Sub
1172 220 1524 339 Gregorio
1587 218 1807 310 XIII.

291 335 511 391 Prohibet
539 352 555 393 ,⁷
594 349 650 384 ne
683 328 904 387 Tertiarii
936 340 1028 388 FF.
1066 339 1188 388 Min.
1220 343 1346 390 Con·
1405 348 1738 407 tentiones‚·quae‚
1757 338 1822 382 nili
1841 321 2012 383 Habitus
2027 338 2216 397 utrinque
2229 339 2442 397 distinguass

325 407 622 457 ventualium
655 405 942 476 (praesertim
960 411 1007 458 in
1031 413 1200 479 Regno
1230 412 1343 460 Sici-

326 481 397 529 liae
436 478 739 548 degentium)
777 479 1006 531 Habitum
1023 515 1039 538 ,
1078 483 1341 547 Capucino-

327 567 433 601 rum
452 548 650 600 Habitui
667 548 953 601 confimilem
967 547 1172 601 deferant
1186 587 1199 600 .

330 681 1017 735 GREGORIUS
1093 683 1300 731 XIII.

489 809 558 851 Ad
570 808 765 870 futuram
796 812 856 852 ret·
885 810 1107 851 memoriam
1120 838 1133 850 .

417 924 660 982 Egularium
675 926 933 983 personarum
949 956 962 978 ‚
978 926 1256 982 exemplarem
1275 925 1335 965 vi·

436 995 519 1026 tam
537 987 575 1028 in
599 986 834 1030 humilitatis
851 1016 864 1038 ,
895 988 933 1027 δε
948 987 1198 1041 paupertatis
1217 983 1333 1038 spiri-

281 1054 328 1085 tu
359 1044 584 1086 viventium
612 1045 741 1099 quieti
756 1059 801 1087 ac
820 1044 1075 1086 indemnitati
1093 1073 1106 1095 ,
1131 1057 1206 1098 pro
1223 1055 1335 1082 com-

280 1101 395 1145 misso
421 1102 535 1144 nobis
569 1103 785 1145 Pastoralis
805 1101 935 1144 Officii
955 1103 1098 1145 debito
1122 1099 1336 1143 consulere

280 1162 493 1216 cupientes
511 1186 526 1207 ,
556 1158 607 1202 ad
636 1174 684 1202 ea
705 1160 952 1203 removenda
970 1188 984 1210 ,
1015 1173 1099 1215 quae
1128 1158 1215 1215 ipfis
1236 1171 1333 1213 prae-

278 1219 477 1278 judicium
507 1217 674 1260 adferre
689 1246 703 1269 ,
734 1222 772 1262 &
804 1218 977 1262 scandali
996 1219 1206 1262 materiam
1236 1231 1332 1272 pra·-

269 1278 384 1323 ssare
411 1276 706 1332 dignoscuntur
730 1307 746 1330 ,
779 1291 915 1320 curam
943 1281 1111 1321 nostram
1149 1277 1332 1318 libenter

277 1335 551 1381 intendimus.
582 1337 823 1391 Accepimus
841 1335 1034 1389 quidem,
1061 1334 1199 1392 quod,
1233 1334 1330 1376 licet

275 1395 374 1441 alias
393 1423 406 1446 ,
438 1392 509 1437 fel.
528 1408 606 1437 rec.
630 1395 775 1438 Paulus
791 1398 898 1451 Papa
919 1397 1082 1439 Tertius
1101 1393 1329 1439 Praedeces-

275 1456 341 1499 sor
360 1453 505 1496 Noster
522 1466 596 1509 per
611 1452 694 1495 suas
712 1455 853 1498 literas
872 1455 981 1497 inter
1008 1455 1085 1500 alia
1111 1453 1324 1495 districtius

276 1513 499 1557 inhibuerit
514 1511 719 1567 quibusvis
734 1510 910 1569 personis
934 1543 949 1565 ,
980 1512 1322 1569 cujuscumque-2

275 1571 518 1617 conditionis
550 1571 769 1616 existerent
785 1601 798 1623 ,
830 1572 899 1616 sub
931 1572 1324 1616 excommunicatio-

274 1632 339 1674 nis
356 1630 443 1671 latae
459 1629 666 1671 sententiae
683 1645 874 1685 poena,eo
889 1629 968 1683 ipso
985 1629 1224 1671 incurrenda
1241 1656 1254 1678 ,
1271 1642 1322 1670 ne

271 1689 469 1732 Habitum
488 1700 559 1742 per
576 1689 738 1731 Fratres
754 1687 1127 1730 OrdinisMinorum
1141 1687 1321 1741 Capuci-

272 1761 417 1792 norum
435 1758 758 1800 nuncupatorum
773 1747 917 1802 gestari
940 1745 1103 1789 solitum
1119 1775 1132 1797 ,
1167 1744 1232 1787 nili
1253 1742 1322 1786 sub

272 1806 433 1851 Vicarii
449 1804 869 1862 Generalis,ejusdein
884 1805 1052 1848 Ordinis
1070 1820 1144 1861 pro
1162 1816 1322 1859 tempo-

271 1880 320 1908 re
334 1864 538 1909 existentis
553 1864 788 1908 obedientia
803 1893 817 1916 ,
842 1867 880 1906 Sc
896 1879 994 1909 cura
1014 1874 1321 1921 permanerent,

274 1924 433 1981 gestare
444 1935 607 1978 quoque
624 1923 745 1966 modo
761 1923 1071 1978 praesumerent3
1087 1926 1123 1965 &
1140 1925 1209 1979 piae
1230 1926 1319 1965 Me-

270 1983 408 2026 moriae
426 1982 516 2025 Pius
535 1984 640 2036 Papa
657 1985 730 2025 IV.
745 1983 870 2025 etiam
888 1981 1157 2027 praedecessor
1174 1982 1321 2031 Noster

267 2041 410 2086 literas
425 2041 540 2084 Pauli
560 2039 859 2085 Praedecelsoris
875 2041 1115 2099 hujusmodi,
1130 2042 1201 2092 ita,
1215 2040 1324 2097 quod

272 2100 408 2143 nullus
425 2097 711 2157 cujuscumque
730 2101 980 2143 conditionis
997 2101 1189 2144 existeret
1204 2130 1217 2150 ,
1243 2115 1321 2142 tion

270 2158 400 2203 solam
434 2159 616 2202 habitum
644 2159 879 2212 prefatum,
904 2160 1011 2217 juxta
1039 2161 1176 2203 literas
1208 2159 1320 2201 Pauli

274 2216 548 2273 Prgdecfforis
567 2217 791 2272 hujusmodi
808 2231 997 2262 tenorem
1012 2248 1026 2270 ,
1041 2220 1184 2262 verum
1197 2220 1319 2261 etiam

271 2290 346 2319 nec
377 2276 432 2317 ita
461 2277 712 2318 consimilem
728 2306 741 2328 ,
772 2278 880 2333 quod
910 2289 1048 2335 preter
1078 2293 1170 2320 eum
1207 2277 1318 2331 poffit

270 2334 385 2378 credi
404 2337 551 2378 Frater
578 2350 722 2378 eorum
751 2338 1096 2393 Congregationis
1109 2367 1123 2389 ,
1156 2336 1222 2379 nisi
1253 2338 1320 2379 sub

269 2392 420 2451 prefati
441 2394 591 2436 Vicarii
607 2395 820 2436 Generalis
845 2411 916 2450 pro
945 2407 1131 2450 tempore
1148 2395 1319 2437 exilien-

269 2454 322 2496 tis
337 2453 572 2495 obedientia
590 2480 606 2503 ,
636 2454 675 2493 δι
690 2467 786 2494 cura
805 2465 1062 2508 permaneret
1078 2483 1093 2505 ,
1121 2455 1190 2496 sub
1203 2454 1316 2495 simili

267 2527 392 2569 poena
418 2511 841 2554 excommunicationis
869 2513 957 2556 latae
984 2512 1190 2555 sententiae
1220 2526 1316 2567 quo.

269 2585 353 2627 quo
370 2571 495 2612 modo
510 2570 665 2626 gestare
681 2571 941 2627 praesumeret
964 2601 978 2623 ,
1011 2586 1085 2627 per
1110 2571 1204 2615 alias
1233 2569 1317 2613 suas

269 2629 411 2671 literas
439 2627 748 2670 confirmaverit
774 2659 788 2682 ,
819 2633 860 2672 &
889 2631 1177 2685 approbaverit
1209 2658 1223 2680 ,
1268 2643 1314 2671 ac

267 2690 394 2730 etiam
426 2685 475 2728 ad
512 2687 553 2727 id
586 2688 846 2731 extenderit.
895 2690 1168 2732 Nihilominus
1199 2688 1318 2729 multi

269 2748 439 2790 Fratres
473 2746 669 2787 Tertiarii
703 2748 908 2790 Minorum
937 2748 1316 2792 Conventualiumt,

268 2806 402 2848 Sansti
419 2803 618 2846 Francisci
635 2818 978 2862 nuncupatorum,
994 2808 1032 2850 in
1050 2811 1198 2864 Regno
1214 2806 1313 2849 Sici-

265 2863 329 2908 liae
346 2863 544 2919 degentes
561 2891 574 2913 ,
590 2864 785 2908 Habitum
802 2865 982 2920 ejusdem
993 2868 1130 2923 panni,
1143 2869 1183 2908 δε
1199 2866 1316 2908 colo-

266 2924 320 2967 ris
336 2950 351 2973 ,
380 2936 462 2978 quo
476 2921 541 2977 ipfi
559 2924 721 2966 Fratres
746 2926 947 2981 Capucini
975 2937 1171 2978 utuntur,
1188 2925 1316 2982 gesta-

265 2998 311 3026 re
328 3010 340 3033 ,
365 2983 406 3023 δι
420 2980 530 3023 salvo
549 3009 561 3032 ,
574 2983 680 3038 quod
697 2985 920 3039 Capucium
936 2985 1158 3029 rotundum
1174 3014 1186 3037 ,
1205 2998 1317 3027 more

266 3043 452 3084 Fratrum
477 3041 822 3083 Conventualium
847 3042 1073 3098 hujusmodi
1096 3042 1287 3087 deferunt
1302 3070 1317 3093 ,

264 3105 306 3143 in
326 3099 492 3155 reliquis
510 3100 563 3140 ita
581 3100 808 3143 consimiles
826 3101 978 3144 eisdem
1005 3103 1208 3146 Fratribus
1232 3105 1316 3144 Ca-

266 3160 424 3216 pucinis
453 3157 644 3201 incedere
661 3158 925 3214 praesumunt,
959 3173 1004 3205 ut
1021 3162 1155 3218 paffim
1185 3162 1206 3203 a
1239 3163 1317 3203 Po-

267 3218 363 3274 pulo
383 3232 456 3273 pro
469 3215 687 3274 Capucinis
705 3218 930 3262 habeantur
942 3248 955 3270 ,
986 3224 1027 3263 &
1042 3230 1282 3277 reputentur
1296 3247 1312 3270 ,

266 3292 313 3319 ac
330 3277 618 3333 illis,tanquam
634 3277 1072 3333 talibus,e1eem0synae
1086 3283 1126 3322 &
1138 3278 1312 3323 oblatio-

268 3350 338 3376 nes
353 3337 619 3391 elargiantur,
634 3351 710 3378 non
727 3338 808 3378 sine
823 3338 1065 3380 eorumdem
1082 3338 1313 3392 Capucino-

269 3409 359 3435 rum
376 3394 608 3452 pi·aejudicio
624 3424 638 3446 ,
670 3397 710 3436 &
727 3395 990 3439 Saecularium
1005 3396 1191 3439 scandalo
1207 3425 1221 3445 ,
1243 3396 1312 3451 qui

269 3454 548 3505 Capucinos,a
569 3454 735 3510 Regulae
749 3453 1017 3498 Observantia
1036 3455 1310 3509 emancipatos

271 3509 443 3551 credunt
462 3539 476 3560 ³
507 3513 642 3570 eisque
660 3514 923 3569 pecuniarum
940 3513 1049 3556 usum
1070 3545 1083 3566 ,
1115 3529 1160 3557 ac
1175 3527 1311 3556 rerum

271 3571 561 3611 commercium
592 3574 772 3627 permitti
805 3574 1036 3616 intuentur.
1068 3572 1310 3632 roircad

271 3640 343 3667 nos
362 3626 505 3668 rationi
522 3631 734 3673 consonum
748 3628 842 3683 eise,
855 3633 947 3683 rati,
963 3644 1021 3684 ut,
1036 3635 1103 3689 qui
1119 3635 1157 3674 in
1173 3628 1311 3674 obser·

271 3685 407 3750 varitia
431 3686 518 3727 vitae
546 3689 754 3741 Regularis
783 3691 1003 3735 uniformes
1020 3707 1097 3735 non
1122 3691 1236 3740 sunt,
1260 3690 1311 3731 ab

271 3742 410 3809 iisdem
439 3745 560 3786 etiam
576 3746 744 3789 Habitfis
768 3749 975 3792 delatione
991 3750 1307 3808 distinguantur3

271 3815 311 3844 in
343 3802 482 3860 primis
510 3802 562 3846 ad
585 3805 788 3850 evitandas
817 3807 1072 3853 confusiones
1098 3838 1112 3863 2
1143 3810 1181 3852 &
1212 3822 1309 3851 cou-

1404 412 1473 443 tur
1491 429 1504 451 ,
1533 402 1628 441 oriri
1645 397 1795 455 possent
1812 429 1825 450 ,
1842 399 2061 452 providere
2080 399 2261 443 volentes
2278 429 2291 452 ,
2307 417 2351 444 ac
2366 404 2442 443 {in-

1399 459 1512 514 gulas
1535 460 1673 502 literas
1699 457 2035 502 Praedecefforum
2062 458 2312 514 hujusmodi,
2341 462 2378 501 δι
2401 462 2439 501 in

1400 521 1459 560 eis
1485 530 1677 561 contenta
1699 533 1957 575 quaecumque
1986 532 2059 573 pro
2084 517 2273 573 expressis
2290 519 2439 561 baben-

1399 588 1489 628 tes,
1520 579 1557 618 &
1588 579 1727 620 harum
1763 577 1861 619 serie
1889 579 2188 633 approbanteS,
2220 578 2258 618 &
2290 575 2438 618 confir-

1399 651 1461 678 ma
1471 647 1558 678 ntes
1570 665 1583 687 ,
1595 649 1715 694 atque
1729 638 1851 678 etiam
1870 637 2123 687 innovantes,
2142 640 2255 679 Motu
2271 636 2440 691 proprio

1398 698 1438 736 ὃς
1466 709 1514 737 ex
1542 708 1654 739 certa
1683 695 1846 739 scientia
1872 696 2002 739 nostra
2017 695 2244 746 statuimus,
2276 694 2442 736 &ordi-

1398 767 1563 806 namus3
1584 755 1690 810 quod
1713 770 1764 798 ex
1797 770 1898 797 nunc
1927 756 1980 798 de
1995 766 2142 798 caetero
2160 755 2363 810 perpetuis
2380 751 2444 794 fii-

1397 815 1495 855 turis
1517 814 1764 868 temporibus
1783 843 1796 865 ,
1827 814 2048 869 hujusmodi
2068 817 2229 857 Fratres
2249 812 2443 855 Tertiarii

1399 872 1614 926 nuncupati
1645 873 1740 914 dieti
1771 873 1937 914 Ordinis
1972 876 2155 916 Fratrum
2202 872 2441 915 Minorum...

1396 931 1744 971 conventualium
1760 959 1774 981 ,
1799 931 1837 971 in
1868 934 2013 986 Regno
2030 932 2176 974 Sicilia:
2192 931 2406 974 existentes
2425 958 2440 981 ,

1395 989 1435 1028 &
1453 987 1521 1030 sub
1535 988 1780 1030 Obedientia
1796 990 1833 1029 &
1849 1003 1942 1030 cura
1956 990 2053 1032 dieti
2083 991 2234 1032 Vicarii
2248 992 2443 1031 Genera·-

1394 1047 1444 1088 lis
1473 1047 1773 1102 Capucinorum
1803 1061 1878 1100 pro
1903 1056 2090 1103 tempore
2108 1048 2313 1091 existentis
2326 1061 2439 1090 non.»

1397 1114 1707 1160 permanentes,
1741 1105 1915 1148 adinstar
1932 1107 2106 1148 aliorum
2125 1109 2310 1149 Fratrum
2336 1104 2442 1163 ejus-

1394 1163 1490 1204 dem
1505 1162 1671 1204 Ordinis
1692 1163 1899 1206 Minorum
1913 1164 2438 1215 Conventualium,ibidem

1393 1222 1658 1277 degentium,
1689 1235 1767 1263 non
1797 1220 1922 1262 solum
1936 1225 2161 1276 Capucium
2188 1222 2439 1272 rotundum,

1383 1284 1437 1327 ,ut
1462 1280 1669 1334 praefertur
1688 1308 1701 1331 ,
1732 1280 1800 1323 sed
1816 1280 1939 1322 etiam
1955 1280 2150 1324 Habitum
2167 1279 2349 1332 ejusdem
2367 1293 2442 1321 co-

1391 1340 1489 1382 loris
1505 1368 1518 1391 ,
1548 1338 1660 1395 cujus
1678 1338 1734 1381 est
1751 1339 1925 1381 Habitus
1939 1341 2139 1382 distorum
2156 1341 2345 1383 Fratrum
2358 1338 2440 1380 Mi-

1390 1413 1532 1442 norum
1580 1398 1929 1441 Conventualium
1960 1428 1974 1452 ,
2006 1397 2202 1440 videlicet
2236 1398 2440 1439 Berretini

1385 1458 1633 1511 nuncupati,
1664 1468 1709 1500 ut
1734 1468 1951 1512 propterea
1981 1458 2002 1498 a
2027 1456 2254 1510 Capucinis
2283 1457 2440 1498 Fratri-

1386 1518 1487 1568 bus,
1522 1514 1639 1559 facile
1663 1516 1943 1558 discernantur
1969 1544 1983 1566 ,
2012 1512 2179 1557 deferre
2219 1515 2396 1558 debeant
2423 1542 2439 1565 ‚

1384 1578 1422 1617 &
1439 1586 1667 1618 teneantur.
1683 1575 1889 1631 Alioquin,
1905 1576 1928 1617 fi
1945 1574 2054 1616 secus
2071 1572 2347 1630 fecerint‚po'st
2370 1571 2438 1614 sex

1383 1634 1573 1682 menses,
1605 1633 1654 1674 ab
1688 1634 1942 1675 intimatione
1973 1628 2252 1686 praesentium,
2286 1645 2429 1686 poenas

1385 1691 1730 1734 Constitutionum
1750 1691 1920 1733 Pauli&
1937 1691 1994 1732 Pii
2012 1688 2269 1743 praefatorum
2292 1692 2429 1731 incur-

1384 1760 1476 1792 rant
1489 1748 1629 1801 eoipso
1651 1751 1928 1791 Decernentes
1945 1748 2155 1801 praesentes
2172 1747 2312 1790 literas
2326 1747 2436 1791 dm.»

1382 1807 1653 1865 subreptionis
1669 1835 1681 1858 ,
1715 1807 1778 1848 vel
1793 1807 2045 1863 obreptionis
2062 1807 2187 1856 vitio,
2219 1817 2287 1848 aut
2302 1807 2438 1847 inten-

1383 1868 1501 1910 tionis
1517 1865 1679 1917 nostrae,
1712 1866 1777 1908 vel
1791 1866 1869 1910 alio
1884 1866 2075 1922 quopiam
2089 1864 2250 1924 desestu
2266 1894 2281 1916 ,
2297 1865 2427 1907 etiarn

1383 1942 1433 1971 ex
1449 1941 1500 1969 eo
1513 1955 1526 1977 ,
1541 1925 1647 1979 quod
1667 1922 1855 1967 interesse
1871 1927 2065 1968 habentes
2082 1924 2215 1965 vocati
2247 1938 2326 1965 non
2341 1920 2434 1964 fue-

1386 1987 1470 2030 rint
1485 2015 1499 2038 ,
1511 1986 1574 2027 seu
1592 1997 1850 2040 quocumque
1864 1985 1945 2026 alio
1970 1993 2179 2036 praetextu,
2194 1983 2345 2031 notari,
2357 1981 2435 2022 im-

1388 2045 1556 2103 pugnari
1586 2072 1600 2094 ,
1632 2043 1845 2085 invalidari
1870 2072 1884 2095 ,
1917 2041 2150 2091 retraetari,
2182 2050 2251 2083 aut
2278 2041 2315 2082 in
2334 2041 2434 2096 Jus,

1385 2103 1451 2147 vel
1494 2101 1827 2153 Controuerfiaui
1861 2101 2043 2144 revocari
2067 2128 2081 2150 ,
2128 2098 2193 2141 seu
2229 2097 2426 2142 adversus

1383 2177 1481 2214 eas,
1520 2162 1802 2217 quodcumque
1837 2161 1944 2217 Juris
1965 2186 1978 2209 ,
2007 2159 2144 2214 gratiae
2168 2186 2182 2209 ,
2223 2158 2293 2201 vel
2338 2156 2431 2199 faeti

1382 2221 1606 2266 remedium
1635 2220 1871 2273 impetrari,
1900 2218 2011 2260 nullo
2037 2231 2208 2273 unquam
2239 2227 2431 2271 tempore

1382 2278 1514 2337 posse.
1549 2280 1698 2334 Sicque
1728 2293 1800 2331 per
1825 2279 2093 2334 quoscumque
2119 2277 2278 2332 judices
2306 2274 2431 2317 Ordi-

1383 2340 1514 2382 narios
1548 2338 1614 2381 vel
1640 2337 1854 2394 delegatos
1881 2365 1895 2388 ,
1938 2337 2061 2378 etiam
2104 2333 2307 2377 causarum
2351 2336 2430 2377 Pa-

1382 2399 1470 2441 latii
1513 2396 1740 2451 Apostolici
1768 2396 1994 2438 Auditores
2023 2423 2036 2446 ,
2080 2407 2127 2435 ac
2155 2397 2304 2436 Sand‘tae
2341 2394 2430 2435 Ro·

1381 2471 1501 2500 iiianae
1535 2453 1725 2499 Ecclefiae
1755 2453 2030 2504 Cardinales,
2061 2450 2216 2495 sublata
2246 2453 2306 2494 eis
2336 2479 2350 2502 ,
2387 2451 2429 2490 δε

1380 2529 1518 2558 eorum
1548 2514 1718 2556 cuilibet
1745 2542 1758 2564 ,
1790 2513 1930 2565 quavis
1961 2513 2085 2554 aliter
2114 2509 2356 2567 judicandi,
2386 2509 2427 2549 δε

1379 2572 1680 2626 interpretandi
1698 2571 1894 2615 facultate
1912 2600 1926 2622 ,
1940 2573 1980 2611 &
1996 2569 2255 2620 auetoritate,
2270 2568 2428 2623 judica·

1378 2634 1443 2684 ri,
1470 2635 1511 2674 δι
1527 2630 1686 2674 definiri
1702 2631 1883 2673 debere:
1909 2630 2266 2684 irrituniquoque,
2290 2626 2427 2668 &ina-

1378 2706 1446 2742 ne,
1462 2691 1485 2733 si
1504 2690 1613 2732 secus
1632 2689 1748 2745 super
1764 2691 1823 2731 his
1835 2689 1855 2730 a
1872 2686 2230 2744 quoquam,quzivis
2253 2686 2427 2727 auetori-

1379 2761 1467 2792 tate
1482 2780 1495 2802 ,
1522 2747 1700 2790 scienter
1715 2748 1779 2791 vel
1798 2749 2034 2803 ignoranter
2049 2744 2269 2799 contigerit
2289 2754 2426 2785 atten-

1377 2809 1454 2852 tari
1469 2838 1480 2849 .
1503 2810 1553 2851 Et
1572 2807 1832 2850 nihilominus
1848 2805 2038 2846 universis
2056 2831 2068 2854 ,
2087 2801 2308 2858 &lingulis
2322 2801 2422 2843 dieii

1377 2867 1511 2922 Regni
1529 2867 1710 2908 locorum
1725 2863 1958 2907 Ordinariis
1972 2890 1984 2912 ,
2002 2863 2038 2904 in
2055 2876 2226 2917 quorum
2249 2861 2423 2902 Dioece-

1377 2927 1401 2970 fi
1429 2930 1596 2970 Fratres
1615 2924 1804 2967 Tertiarii
1837 2924 2038 2965 Minorum
2071 2920 2419 2964 conventualium

1380 2985 1608 3042 hujusmodi
1624 2998 1696 3037 pro
1714 2994 1898 3036 tempore
1913 2980 2096 3035 degent,
2122 2994 2193 3035 per
2209 2977 2423 3035 praesentes

1377 3044 1699 3091 committimus,
1729 3041 2044 3090 &mandamus3
2079 3050 2122 3080 ut
2152 3053 2226 3093 per
2253 3038 2292 3079 se
2309 3064 2324 3086 ,
2356 3036 2422 3077 vel

1379 3105 1533 3153 alium,
1559 3101 1624 3144 seu
1654 3100 1753 3143 alios
1782 3097 1993 3155 praesentes
2024 3097 2161 3138 literas
2181 3125 2194 3147 ,
2221 3097 2258 3136 ὅτ.
2291 3095 2328 3135 in
2361 3095 2422 3136 eis

1375 3171 1572 3207 contenta
1592 3173 1870 3216 quaecumque,
1885 3157 1971 3207 ubi,
1985 3158 2026 3197 &
2039 3154 2201 3211 quando
2218 3167 2316 3207 opus
2334 3151 2422 3194 fue-

1376 3223 1430 3265 rit
1445 3248 1459 3271 ,
1487 3235 1532 3263 ac
1555 3219 1716 3275 quoties
1745 3232 1818 3273 pro
1833 3227 1947 3272 parte
1960 3214 2262 3270 Capucinoruni
2284 3209 2422 3264 praefa-

1372 3292 1510 3326 torum
1528 3307 1542 3330 ,
1558 3277 1622 3320 vel
1636 3277 1806 3320 aliorum
1821 3305 1836 3327 ,
1852 3289 2020 3331 quoi-um
2039 3272 2253 3321 intererit,
2266 3269 2418 3312 fuerint

1374 3335 1807 3396 requisiti,solemniter
1823 3329 2247 3390 publicanteS,faciant
2265 3331 2419 3395 Antiq-

1372 3400 1499 3442 ritate
1518 3396 1647 3438 nostra
1667 3396 1821 3439 Literas
1837 3423 1850 3445 ,
1878 3395 1914 3434 δι
1939 3395 1975 3434 in
1992 3391 2048 3433 eis
2061 3401 2255 3432 contenta
2274 3389 2416 3441 hujus-

1374 3456 1481 3501 modi
1497 3457 1544 3498 ab
1559 3455 1741 3497 omnibus
1753 3482 1765 3504 ,
1781 3453 1830 3495 ad
1845 3466 1942 3508 quos
1957 3449 2103 3506 spe-flat
2122 3478 2135 3500 ,
2152 3450 2192 3490 &
2221 3446 2418 3501 spectabit

1372 3513 1684 3573 quomodolibet
1701 3513 1738 3554 in
1755 3511 1936 3554 futurum
1953 3537 1966 3559 ‚
1985 3507 2142 3550 sublato
2156 3520 2412 3562 quocumque

1371 3574 1643 3630 exemptionis
1671 3569 1886 3627 privilegio
1905 3597 1919 3618 ,
1946 3565 2240 3610 inviolabiliter
2273 3564 2416 3606 obser-

1374 3634 1492 3676 vari.
1524 3629 1856 3674 Contradieiores
1882 3626 2085 3682 quoslibet
2113 3655 2128 3677 ,
2166 3627 2206 3666 &
2234 3623 2413 3666 rebelles

1372 3707 1445 3747 per
1461 3688 1663 3747 praediEIas
1678 3716 1690 3738 ,
1704 3685 1877 3742 aliasque
1892 3685 2109 3727 sententias
2125 3713 2139 3735 ,
2158 3683 2362 3731 censuras,
2374 3683 2413 3724 &

1371 3763 1507 3805 poenas
1521 3777 1535 3800 ,
1548 3746 1819 3803 aliaqueJuris
1834 3776 1847 3797 ,
1871 3747 1909 3787 δι
1927 3742 2016 3786 faeti
2036 3744 2214 3786 remedia
2229 3771 2243 3792 ,
2271 3740 2413 3795 appel-

1367 3808 1520 3853 latione
1533 3803 1747 3865 postpofita
1763 3834 1778 3859 ,
1804 3803 2100 3861 compescendo
2117 3831 2131 3856 ‚
2158 3817 2203 3845 ac
2221 3800 2412 3901 lesgitimis

2262 3872 2358 3915 uper
