2658 4244
940 255 1098 346 Sub
1159 259 1540 346 Clemente
1597 255 1778 343 XII.
1912 299 1939 318 υ

293 392 307 420 '-
548 382 686 429 ·Ven.
714 372 798 428 nei
833 377 1026 442 Servum

319 503 321 506 ’
378 497 752 557 JOSEPHUM
794 497 845 540 A’
887 497 1235 541 LEONISSA

289 597 543 669 Provinciae
571 617 779 673 Umbriae
802 605 1088 683 Sacerdotem
1108 653 1123 675 ‚
1152 614 1200 667 ὅ(
1219 616 1312 667 Or-

300 689 308 715 ”·
357 685 476 736 dinis
500 686 701 758 expresse
720 686 958 764 professum
979 686 1215 738 Beatificat
1229 722 1242 735 .

390 828 773 879 CLEMENS
813 831 1025 879 PAPA
1066 832 1210 881 XII.

469 955 536 1000 Ad
549 965 776 1011 perpetuam
801 958 861 998 rei
882 959 1105 998 memoriam
1119 986 1132 999 .

291 1108 297 1114 .
391 1083 573 1126 Asterum
607 1083 796 1141 Princeps
818 1082 931 1141 Jesus
959 1084 1170 1136 Christus,
1193 1082 1311 1140 cujus

399 1141 507 1183 vices
520 1144 558 1184 in
572 1143 827 1199 terris,plane
840 1144 957 1186 imme
965 1145 1310 1200 rentes,gerimus,

279 1200 623 1254 quemadmodum
645 1216 746 1244 nova
768 1200 924 1258 semper
951 1203 988 1243 in
1017 1205 1191 1246 Ecclesia
1210 1200 1308 1245 sua-³

282 1257 473 1300 instaurat
489 1259 676 1314 exempla
692 1261 884 1303 virtutum
901 1289 915 1309 ‚
936 1262 976 1301 ὅ(
991 1263 1041 1304 de
1056 1273 1162 1304 terra
1180 1261 1308 1303 nostra

279 1327 408 1356 novos
435 1316 502 1357 sibi
520 1314 678 1361 suscitat
693 1347 707 1369 ,
731 1320 901 1373 &erigit
922 1317 1057 1362 servos
1072 1347 1087 1370 ,
1109 1331 1151 1362 ut
1175 1318 1307 1361 collo-

278 1383 346 1414 cet
362 1386 432 1415 eos
447 1388 539 1416 cum
567 1378 818 1432 Principibus
845 1377 981 1432 populi
1005 1377 1087 1430 sui,
1111 1377 1306 1421 &solium

281 1430 421 1485 gloriae
449 1443 616 1476 teneant
640 1436 679 1477 in
703 1432 861 1485 Coelis,
884 1447 930 1476 ac
958 1446 1144 1493 tanquam
1171 1435 1309 1478 stellae

278 1488 482 1544 fulgentes
498 1492 536 1532 in
551 1503 770 1548 perpetuas
783 1493 1031 1535 aeternitates
1046 1522 1059 1542 ,
1075 1495 1304 1552 illuminent

275 1547 374 1596 hos,
404 1549 470 1603 qui
496 1547 541 1590 ‘in
562 1549 770 1599 tenebris,
792 1550 831 1590 δὲ
855 1550 899 1590 in
923 1550 1060 1592 umbra
1083 1549 1220 1591 mortis
1243 1547 1303 1590 se-

273 1603 371 1645 dent
388 1632 400 1655 ,
429 1602 478 1647 ad
496 1604 734 1660 ditigendos
749 1606 873 1659 pedes
887 1605 1039 1646 nostros
1054 1607 1091 1645 in
1108 1606 1212 1645 viam
1229 1616 1304 1658 pa-

274 1662 330 1702 cis
346 1675 359 1702 :
386 1662 440 1702 ita
471 1665 563 1702 Nos
583 1663 771 1702 debitum
784 1661 1029 1703 §aci-osan&
1046 1659 1300 1717 Apostolatsis

276 1718 399 1760 nostri
415 1717 588 1760 officium
603 1717 802 1771 ducimus,
823 1719 864 1759 ἃ.
878 1718 1099 1762 Catholicae
1115 1719 1302 1775 Religio-

275 1777 313 1818 ni
344 1778 468 1831 magis
499 1774 744 1831 adaugendae
764 1806 780 1827 ,
815 1774 856 1816 &
881 1776 1219 1821 christifidelibus
1251 1778 1301 1819 ad

274 1835 470 1890 pietatem
486 1834 653 1888 amplius
668 1834 909 1886 excitandis,
924 1836 962 1878 in
981 1838 1052 1880 hac
1068 1846 1300 1892 temporum

274 1890 509 1935 'conditione
536 1888 657 1934 valde
681 1903 978 1948 opportunum,
1001 1904 1045 1936 ut
1073 1895 1306 1950 benignita-¹

274 1960 359 1992 tem
381 1948 456 1992 Dei
482 1945 629 2001 nostri,
656 1948 693 1991 δι
717 1953 953 1994 memoriam
974 1950 1184 1996 sanctitatis
1208 1952 1294 2010 ejus

273 2010 311 2050 in
330 2007 543 2050 virtutibus
556 2034 572 2059 ,
591 2023 637 2050 ac
655 2010 814 2051 meritis
829 2008 1034 2053 servorum·
1047 2008 1207 2055 {horum
1221 2027 1293 2055 ex-

273 2064 497 2120 tollentes,
524 2081 568 2109 ac
596 2064 884 2122 praedicantes,
911 2083 1050 2111 eorum
1074 2072 1296 2126 pracsertim

272 2123 414 2167 debitae
429 2123 700 2167 venerationis
714 2121 870 2167 cultum¹
881 2139 1124 2183 promovere
1139 2128 1295 2185 sataga-

273 2196 360 2224 mus
380 2211 394 2234 ,
420 2184 515 2238 qui,
539 2183 743 2238 postq’uam
759 2182 959 2227 lubricum
973 2187 1079 2231 inter
1093 2188 1301 2230 blandien-

276 2236 324 2283 tis
347 2240 484 2283 mundi
509 2238 722 2283 illecebras
737 2242 918 2298 pueritia:
932 2245 1041 2297 iter,
1054 2247 1153 2288 mira
1168 2261 1302 2288 cum-›-

270 2310 431 2341 morum
456 2300 683 2341 innocentia
706 2296 995 2353 confecissent,
1021 2301 1189 2348 arduum
1203 2318 1296 2359 per-

271 2355 454 2400 fectionis
482 2354 729 2400 curriculum
755 2360 823 2401 sub
849 2359 1064 2405 severioris
1087 2362 1297 2418 disciplinae

271 2415 451 2459 instituto
475 2417 659 2458 ineuntes
674 2445 689 2467 ,
715 2428 791 2459 non
812 2414 934 2462 solum
963 2418 1102 2476 dignos
1119 2423 1155 2464 in
1171 2421 1297 2476 pieta-

269 2474 348 2525 tis,
375 2475 414 2513 &
440 2473 710 2516 do&rinarum
738 2473 911 2530 paIaestra
937 2477 1159 2533 progressus
1187 2476 1296 2521 fece-

269 2540 392 2581 runt,
416 2531 554 2572 verum
572 2532 698 2580 etiam
725 2534 849 2575 verbo
869 2536 1109 2590 &exemplo
1136 2536 1294 2582 facem,

267 2589 418 2631 caeteris
442 2584 698 2644 praeferentes
722 2617 737 2639 ‚
763 2589 864 2633 adeo
890 2593 1119 2637 incredibili
1151 2595 1294 2637 divinae

268 2647 405 2703 gloriae
424 2674 438 2697 ,
463 2649 502 2688 &
517 2647 735 2689 animarum
761 2647 893 2691 salutis
915 2653 1178 2706 procurandae
1202 2653 1293 2695 zelo

266 2701 532 2756 exarserunt,
557 2715 631 2756 ut,
663 2719 803 2748 omnes
820 2708 980 2751 Christo
1010 2707 1290 2756 lucrifaciendi

265 2762 380 2806 causa
395 2792 412 2813 ,
445 2764 603 2807 labores
622 2792 635 2814 ,
664 2763 884 2817 ludibrias,
910 2767 1077 2812 verbera
1092 2801 1107 2822 ,
1140 2771 1290 2813 crucia-

266 2831 332 2864 tus
346 2849 360 2871 ,
385 2833 430 2862 ac
446 2830 622 2864 mortem
646 2821 766 2876 ipsam
789 2825 998 2868 christiana
1015 2827 1292 2873 fortitudine-›-

264 2889 591 2930 contemnentes,
603 2880 770 2921 tandem
786 2883 1000 2926 evolarunt
1014 2885 1064 2927 ad
1079 2899 1264 2929 coronam
1275 2914 1289 2936 ,

264 2936 447 2992 legitime
462 2937 708 2980 certantibus
734 2942 941 2994 repositam
968 2943 1007 2983 in
1026 2945 1158 2986 Coelis
1175 2943 1196 2985 a
1223 2947 1291 2987 bo-

261 3008 405 3037 norum
429 2996 609 3037 omnium
634 2995 827 3050 largitore
844 3001 935 3042 Deo
951 3028 967 3050 ,
991 3001 1056 3055 qui
1083 3001 1289 3044 servorum

262 3051 424 3096 suorum
441 3067 587 3107 agones
601 3083 615 3104 ,
639 3069 682 3096 ac
698 3055 858 3099 labores
874 3057 1134 3103 laudabiliter
1149 3062 1224 3116 pro
1237 3059 1291 3103 sui

262 3112 431 3152 noniinis
448 3112 575 3165 gloria
594 3114 820 3167 completos
837 3143 851 3167 ,
878 3115 994 3172 signis
1016 3119 1144 3161 etiam
1161 3121 1197 3160 &
1214 3120 1290 3161 mi-

261 3168 408 3210 raculis
423 3169 620 3211 illustrare
636 3171 819 3224 dignatus
832 3174 888 3216 est
901 3204 912 3215 .
932 3178 1038 3218 Cum
1052 3178 1188 3233 itaque
1204 3191 1289 3221 ma·

261 3226 352 3269 ture
367 3225 387 3277 ,'
407 3227 710 3283 diligenterque
736 3229 939 3283 discussis,
965 3245 1086 3289 atque
1113 3250 1284 3291 perpen-

259 3279 308 3327 fis
345 3299 418 3341 per
448 3285 818 3341 congregationem
847 3291 1153 3334 venerabilium
1191 3297 1289 3336 Fra-

259 3346 364 3396 trum
391 3343 616 3386 nostrorum
640 3349 680 3388 S.
707 3347 758 3388 R.
785 3349 831 3389 E.
858 3348 1135 3393 Cardinalium
1159 3354 1290 3394 Sacris

257 3401 420 3443 Ritibus
436 3402 731 3458 prctpositorum
749 3406 1068 3460 Proceffibus,de
1081 3409 1286 3465 Apostoli-

258 3473 311 3501 cae
325 3458 441 3502 Sedis
463 3461 626 3509 licentia
641 3461 835 3506 consectis
850 3462 967 3521 super
987 3467 1075 3509 vitae
1089 3469 1286 3511 Sant‘tita—

257 3529 300 3559 te
317 3547 331 3567 ,
349 3515 387 3558 8c
402 3519 633 3562 Virtutibus
649 3532 729 3562 tam
747 3524 1007 3579 Theologicis
1021 3554 1035 3577 ,
1060 3526 1176 3581 quam
1192 3529 1281 3568 Mo-

256 3576 408 3617 ralibus
432 3577 471 3618 in
498 3578 620 3632 gradu
645 3579 811 3622 heroico
826 3609 839 3631 ,
863 3584 1001 3637 quibus
1016 3587 1183 3626 Servum
1201 3586 1279 3628 Dei

255 3633 471 3691 josephum
503 3636 523 3676 a
567 3634 747 3679 Leonissa
782 3642 1065 3696 Presbyterum
1097 3642 1282 3697 expresse

255 3690 468 3749 professum
506 3694 667 3736 Ordinis
695 3696 878 3739 Fratrum
918 3701 1119 3742 Minorum
1149 3702 1280 3743 Sancti

256 3751 453 3795 francisci
471 3755 771 3807 Capucinorum
788 3769 1107 3810 nuncupatorum
1121 3760 1285 3809 ,multi-

254 3811 415 3868 pliciter
443 3810 623 3854 claruisse
642 3841 656 3863 ,
682 3828 836 3856 necnon
869 3817 1096 3869 miraculis,
1127 3833 1208 3874 qua:
1234 3818 1282 3861 ad

2183 301 2222 343 2
2242 303 2268 345 1
2298 302 2325 344 1

1374 372 1460 431 ejus
1477 373 1827 420 intercessionem,
1852 374 1889 413 &
1912 373 1960 416 ad
1978 377 2297 423 manifestandam
2325 383 2397 422 ho—

1376 433 1545 476 minibus
1561 432 1679 487 ipsius
1695 430 1944 472 sanctitatem
1969 435 1988 474 a
2006 437 2095 478 Deo
2114 449 2266 493 patrata
2282 438 2403 482 fuisse·

1375 490 1645 534 asserebatur:
1673 489 1819 532 eadem
1832 491 2104 546 Congregatio
2117 511 2252 539 coram
2266 497 2395 540 N‘obis

1374 551 1588 594 constituta
1604 576 1617 598 ,
1639 547 1787 591 auditis
1809 547 1934 589 etiam
1949 550 2236 596 Consultorum
2260 555 2396 598 suffra-

1372 611 1447 664 giis
1459 639 1473 662 ,
1488 622 1565 650 uno
1583 605 1725 663 spiritu
1738 635 1752 656 ,
1768 619 1927 661 unaque
1943 621 2047 651 voce
2060 610 2282 664 censuerit,
2301 612 2391 668 pos-

1372 671 1427 720 se,
1440 667 1775 725 quandocumque
1790 665 1919 706 Nobis
1935 666 2160 720 videretur,
2174 671 2393 726 predidmm

1372 733 1544 772 Servum
1562 726 1638 768 Dei
1655 726 1846 767 ΒΕΑτυΜ
1872 723 2069 769 declarari
2092 742 2181 771 cum
2199 730 2393 773 consuetis

1372 785 1572 830 Induitis:
1593 783 1699 826 Hinc
1714 782 1768 825 est
1781 809 1796 832 2
1811 781 1925 837 quod
1950 787 2034 826 Nos
2048 787 2119 840 piis
2131 817 2147 838 ‚
2172 799 2291 844 atque
2306 789 2395 830 eni-

1373 846 1430 889 xis
1447 842 1724 887 nonnullorum
1741 842 2046 884 Venerabilium
2063 847 2252 887 Fratrum
2277 847 2396 889 Anti-

1372 907 1500 949 stitum
1515 931 1529 954 ,
1555 900 1866 945 Catholicorum
1885 901 2113 957 Principum
2128 933 2141 954 ,
2164 906 2201 944 8<
2218 906 2395 945 Univer-

1370 964 1525 1007 fitatum
1540 989 1552 1011 ,
1578 973 1732 1002 necnon
1751 957 1874 1000 totius
1887 962 2099 1003 memorati
2116 961 2279 1004 Ordinis
2298 963 2394 1003 Fra-

1369 1035 1476 1066 trum
1499 1021 1705 1062 Minorum
1726 1021 1766 1060 S.
1784 1018 1981 1059 Francisci
2008 1021 2330 1074 Capucinorum,
2352 1021 2394 1062 ὅ(

1369 1079 1606 1125 nominatim
1631 1076 1823 1130 Gregorii
1837 1075 1858 1116 a
1873 1078 2002 1119 Roma
2015 1105 2029 1128 ,
2046 1077 2221 1133 ejusdem
2232 1080 2396 1121 Ordinis

1371 1139 1607 1184 Sacerdotis
1627 1134 1813 1191 expresse
1833 1132 1991 1189 profeffi
2005 1164 2019 1186 ,
2046 1136 2238 1194 hujusque
2259 1137 2395 1181 Causae

1370 1197 1626 1243 Postulatoris
1658 1194 2008 1250 supplicationibus
2029 1223 2044 1245 ,
2074 1198 2202 1238 Nobis
2231 1198 2270 1237 &
2300 1197 2392 1238 huic

1368 1261 1515 1303 Sanc‘tae
1538 1254 1631 1299 Sedi
1655 1253 1771 1309 super
1786 1253 1864 1294 hoc
1890 1253 2096 1296 humiliter
2112 1256 2303 1310 porrectis
2321 1256 2393 1296 be-

1346 1347 1348 1350 .
1367 1318 1483 1372 nigne
1498 1313 1678 1357 inclinati
1693 1339 1711 1364 ,
1724 1311 1776 1353 de
1794 1309 2035 1366 supradictae
2050 1314 2415 1369 Congregationis·

1365 1375 1548 1425 consilio,
1562 1375 1604 1414 δι
1615 1370 1779 1421 assensu,
1794 1372 2046 1414 Austoritate
2060 1373 2289 1427 Apostolica
2301 1401 2314 1423 ,
2331 1382 2395 1414 te-

1366 1447 1461 1477 nore
1474 1430 1723 1488 praesentium
1737 1429 1991 1483 indulgemus
2005 1458 2019 1482 ,
2043 1442 2088 1472 ut
2104 1429 2286 1484 praefatus
2302 1433 2394 1472 Ser-

1365 1505 1438 1532 vus
1455 1491 1532 1530 Dei
1544 1487 1738 1543 josephus
1753 1487 1773 1525 :i
1788 1486 1967 1528 Leonissa
1985 1489 2022 1528 in
2038 1489 2237 1542 posterum
2253 1492 2391 1531 Bam

1363 1547 1522 1590 nomine
1552 1553 1808 1595 nuncupetur
1823 1571 1837 1594 ,
1860 1543 2029 1599 ejusque,
2044 1549 2202 1601 Corpus
2216 1574 2229 1597 ,
2252 1548 2292 1586 ὃς
2311 1548 2394 1587 Re-

1362 1604 1494 1658 liquiae
1511 1601 1762 1641 venerationi
1789 1600 1987 1654 fidelium
2015 1603 2127 1656 (non
2155 1615 2289 1646 tamen
2317 1605 2392 1646 iri.)

1361 1657 1682 1704 Procesiiouibus
1712 1655 2081 1715 circumferendae)
2112 1670 2364 1715 exponantur
2378 1673 2393 1701 ε

1362 1719 1570 1773 Imagines
1600 1728 1763 1773 quoque
1803 1715 1929 1758 radiis
1959 1745 1973 1768 ,
2011 1715 2080 1759 seu
2109 1717 2390 1773 splendoribus

1361 1785 1636 1825 exornentur,
1657 1784 1778 1828 atque
1805 1775 1860 1815 de
1872 1789 1922 1816 eo
1950 1778 2164 1831 quotannis
2179 1777 2247 1819 die
2262 1774 2392 1819 felicis

1361 1834 1445 1892 ejus
1461 1832 1646 1877 transitus
1663 1860 1678 1883 ,
1706 1831 1770 1874 seu
1786 1831 1862 1875 alia
1874 1833 1941 1876 die
1956 1848 2036 1877 non
2058 1835 2264 1890 impedita,
2279 1835 2391 1878 illam

1361 1893 1595 1938 immediate
1626 1889 1809 1946 sequenti
1845 1892 2056 1949 recitetur
2078 1893 2270 1937 officium
2299 1922 2314 1946 ,
2344 1894 2388 1934 &

1356 1952 1466 1995 Missa
1482 1951 1717 1994 celebretur
1729 1948 1785 1992 de
1799 1951 2015 1995 Communi
2029 1955 2118 1995 Con
2127 1950 2295 2003 sessoris,
2309 1965 2390 1994 non

1354 2008 1557 2054 Pontificis
1573 2039 1586 2061 ,
1608 2009 1717 2065 juxta
1733 2009 1928 2051 Rubri-cas
1944 2011 2139 2052 Breviarii
2152 2040 2168 2061 ‚
2183 2012 2223 2052 δε
2244 2008 2377 2055 Missa-

1353 2070 1404 2114 lis>
1430 2069 1630 2112 Romani.
1666 2070 1794 2109 Porro
1831 2068 2117 2110 reci-tationem
2144 2069 2308 2120 Officii,
2338 2070 2382 2109 δε

1363 2125 1481 2173 Missae
1496 2125 1815 2170 celebrationem
1840 2124 2061 2181 hujusmodi
2083 2125 2173 2167 fieri
2196 2126 2389 2169 concedi-

1360 2201 1445 2231 mus
1482 2186 1676 2227 duntaxat
1703 2183 1741 2223 in
1767 2183 1949 2225 universo
1969 2183 2125 2226 Ordine
2152 2185 2391 2228 Minox-um..

1362 2245 1494 2290 Sanffi
1525 2235 1722 2287 Francisci
1749 2241 2048 2296 Capucinorum
2089 2243 2292 2299 utriusque
2323 2242 2385 2284 se-

1357 2303 1429 2348 xus
1443 2330 1457 2353 ,
1488 2302 1526 2344 in
1542 2301 1634 2343 loco
1649 2296 1835 2342 Leoniffae
1854 2300 2045 2342 Dioecesis
2071 2301 2293 2355 Spoletanae
2308 2330 2321 2352 ,
2344 2303 2385 2344 in

1357 2378 1436 2420 quo
1450 2372 1563 2403 natus
1578 2360 1632 2401 est
1647 2383 1661 2408 ,
1674 2360 1710 2398 &
1724 2386 1740 2407 ,
1752 2358 1819 2399 ubi
1837 2359 2082 2402 Venerabile
2097 2359 2210 2414 ipsius
2226 2364 2389 2416 Corpus

1357 2419 1567 2476 requiescit
1585 2447 1599 2467 ,
1627 2427 1748 2471 atque
1766 2417 1805 2456 in
1823 2417 1950 2458 Terra
1967 2419 2184 2467 Amatricis
2201 2419 2385 2460 Reatinae

1358 2475 1550 2522 Dioecesis
1565 2505 1579 2527 ,
1602 2473 1707 2516 unde
1721 2473 1768 2515 ad
1787 2473 1930 2515 Coelos
1947 2476 2156 2527 evolavit,
2183 2478 2233 2517 ab
2259 2476 2388 2518 omni-

1355 2539 1428 2581 bus
1453 2535 1664 2589 utriusque
1679 2530 1789 2573 sexus
1805 2529 2174 2584 Christifidelibus‚
2199 2545 2280 2575 tam
2308 2539 2387 2590 Se-

1353 2595 1559 2640 cularibus
1576 2621 1591 2644 ,
1620 2590 1739 2646 quam
1769 2590 2064 2644 Regularibus,
2095 2593 2162 2648 qui
2187 2592 2238 2634 ad
2266 2594 2384 2635 horas

1353 2653 1580 2699 canonicas
1611 2659 1804 2692 tenentur
1817 2660 1835 2700 3,
1853 2651 1891 2690 &
1905 2650 2096 2704 quantum
2111 2651 2159 2691 ad
2177 2649 2307 2693 Missas
2322 2662 2385 2694 at-

1351 2715 1454 2758 tinet
1468 2742 1482 2763 ,
1506 2710 1627 2753 etiam
1643 2709 1691 2749 ab
1708 2708 1894 2749 omnibus
1911 2708 2218 2759 sacerdotibus,
2234 2704 2381 2753 ad'Ec-

1347 2772 1484 2816 ciesias
1499 2797 1513 2821 ,
1529 2771 1568 2812 in
1583 2766 1725 2822 quibus
1741 2765 1894 2807 Festum
1911 2777 2130 2820 peragetur
2144 2795 2158 2818 ,
2174 2769 2380 2810 confluen-

1349 2833 1453 2873 tibus
1469 2857 1480 2869 .
1505 2830 1705 2869 Praeterea
1731 2825 1862 2878 primo
1885 2823 2083 2866 duntaxat
2111 2839 2214 2868 anno
2232 2825 2255 2867 a
2276 2826 2380 2869 datis

1351 2887 1460 2931 hisce·
1477 2886 1640 2934 literis,
1662 2883 1699 2924 8(
1718 2881 1850 2937 quoad
1877 2882 2011 2924 Indias
2028 2881 2051 2925 ἃ
2078 2883 2175 2935 die,
2199 2898 2279 2940 quo
2306 2899 2383 2926 eae..

1349 2948 1445 2989 dem
1460 2945 1589 2987 literae
1600 2940 1700 2984 illuc
1713 2941 1971 2995 pervenerint
1982 2970 2003 2992 ‚.
2022 2942 2250 2984 inchoando
2262 2972 2277 2992 ‚
2306 2943 2379 2986 in„

1351 3002 1541 3048 Ecclesiis
1567 2998 1758 3048 Ordinis,
1784 2998 1924 3051 Loci,
1944 3003 1993 3042 ac
2020 2999 2159 3042 Terrae
2192 2998 2382 3056 praefato—

1350 3078 1437 3106 rum
1469 3059 1660 3103 solemnia
1688 3055 1998 3101 Beatisicationis
2021 3057 2137 3113 ipsius
2158 3058 2274 3101 Servi
2298 3060 2378 3100 Dei

1350 3136 1439 3164 cum
1463 3117 1611 3162 officio
1624 3145 1639 3169 ,
1663 3117 1701 3157 δι
1718 3113 1828 3159 Missa
1842 3113 1909 3157 sub
1927 3118 2009 3160 ritu
2023 3116 2177 3172 duplici
2198 3116 2372 3173 majori,

1346 3181 1414 3222 die
1438 3179 1486 3222 ab
1513 3175 1738 3221 Ordinariis
1763 3173 1978 3228 respec‘tive
2000 3172 2210 3215 constituta
2227 3202 2241 3225 ,
2270 3174 2378 3228 post·

1347 3253 1465 3295 quam
1481 3247 1614 3278 tamen
1640 3235 1678 3276 in
1707 3232 1887 3276 Ecclesia
1913 3231 2165 3275 Lateranensi
2189 3233 2240 3275 de
2258 3233 2374 3275 Urbe

1347 3296 1553 3338 celebrata
1572 3290 1721 3335 fuerint
1736 3292 1879 3333 eadem
1902 3287 2091 3332 solemnia
2107 3319 2119 3342 ,
2148 3304 2222 3344 pro
2237 3305 2313 3346 qua
2327 3306 2375 3334 re

1347 3348 1454 3398 diem
1475 3367 1547 3395 xxi
1561 3365 1593 3394 ι.
1608 3349 1804 3393 currentis
1821 3348 1959 3388 menfis
1972 3348 2082 3404 Junii
2109 3348 2344 3403 assignamus
2359 3380 2375 3401 ‚

1345 3414 1495 3469 pariter
1519 3406 1757 3453 celebrandi
1787 3405 2248 3462 facimus‘potestatem.
2280 3412 2373 3452 Non

1343 3470 1583 3513 obstantibus
1602 3463 1966 3510 Constitutionibus
1986 3494 2000 3517 ,
2029 3467 2067 3507 δε
2093 3465 2374 3510 Οτάῐηειῑῐοηί-

1339 3529 1413 3571 bus
1428 3525 1671 3584 Apostolicis
1685 3553 1699 3575 ,
1714 3538 1759 3566 ac
1777 3526 1989 3575 Decretis,
2001 3523 2054 3566 de
2069 3539 2145 3566 non
2160 3523 2270 3567 cultu
2285 3525 2374 3569 edi-

1340 3589 1389 3630 tis
1405 3616 1419 3639 ,
1444 3582 1673 3640 caeterisque
1696 3583 1913 3633 contrariis,
1937 3582 2233 3640 quib-uscunque
2249 3614 2260 3625 .
2285 3586 2371 3627 Vo-

1340 3642 1469 3688 l'umus
1491 3654 1655 3693 autem,
1679 3653 1723 3684 ut
1744 3641 1977 3684 earumdem
1999 3641 2246 3697 praesen'tium
2277 3643 2370 3685 lite-

1340 3718 1473 3746 rarum
1487 3701 1748 3756 transumptis
1765 3728 1779 3750 ,
1804 3701 1869 3742 seu
1889 3701 2087 3756 exemplis
2101 3731 2119 3752 ,
2141 3703 2265 3744 etiam
2294 3702 2369 3743 im-

1344 3760 1476 3816 preffis
1492 3790 1503 3811 ,
1529 3776 1644 3802 manu
1671 3759 1887 3802 secretarii
1901 3759 2014 3801 distae
2027 3760 2366 3815 Congregationis

1343 3819 1620 3862 Cardinalium
1654 3816 1878 3875 subscriptis
1906 3848 1921 3869 ,
1960 3821 1999 3860 δε
2026 3818 2152 3875 sigillo
2188 3817 2366 3918 Praeigecti

2210 3892 2273 3933 eju
2293 3905 2312 3911 -
