2658 4244
924 212 1085 300 Sub
1145 209 1521 299 Clemente
1582 214 1671 297 X
1668 212 1722 295 I.

2175 253 2330 320 143·

265 338 475 380 nentifflmus
488 335 683 375 cardinalis
696 359 708 380 ‚
721 336 757 372 ἃ
774 330 959 380 Epistopus
976 326 1192 363 Pass'avienlis
1206 328 1359 370 Ioannes
1375 328 1555 374 Phiiippus
1567 351 1582 370 ,
1609 338 1648 362 ut
1662 324 1820 363 affe&um
1834 349 1847 370 ,
1874 339 1947 375 quo
1969 332 2117 369 nostrum
2141 336 2392 379 complecteba-

269 401 324 426 tur
337 388 503 425 Ordinem
518 411 531 431 ,
542 387 695 422 redderet
708 381 813 427 magis
823 377 1045 428 perspestlum,
1056 376 1181 411 Ordini
1196 375 1290 411 hunc
1300 377 1396 411 suum
1412 376 1712 420 Consanguineum
1728 374 1905 418 subduxit,
1918 391 1968 421 ur,
1985 383 2043 426 qui
2061 383 2289 424 provinciam,
2302 384 2390 431 ejus,

265 450 334 486 que
348 440 421 473 loca
434 448 536 484 opere
548 458 562 479 ‚
582 434 617 470 Sc
633 433 780 469 sermone
788 429 860 478 jam
872 426 934 465 diu
948 422 1161 462 faecundaffet
1174 430 1199 468 ,'
1213 423 1405 471 Episcopali
1418 435 1558 472 quoque
1571 424 1660 460 Zelo
1673 448 1686 468 ,
1708 424 1994 478 suam-aedificaret
2011 429 2172 466 Dioecefin
2190 456 2199 466 ,
2228 433 2387 469 Praestiti:

263 486 332 521 huc
343 485 488 522 fideliter
501 496 563 521 ceu
577 480 816 525 Suffraganeus
834 476 940 524 usque
957 474 999 510 ad
1011 475 1154 509 Annum
1175 480 1275 518 1725.
1287 497 1300 516 ,
1327 483 1398 521 quo
1409 472 1526 528 Tullii
1540 472 1574 507 in
1599 473 1739 528 Austri-a
1762 473 1831 507 Die
1843 473 1962 519 quinta
1980 477 2109 521 Aprilis
2135 479 2287 516 exuvias
2303 492 2390 517 mor.

265 534 401 569 talitatis
414 531 564 579 deposuit
574 529 630 574 ,&
643 529 685 565 ad
697 528 803 566 Sedes
815 523 1051 564 immortalium
1066 521 1244 567 migravit,
1263 522 1442 570 postquam
1455 521 1556 570 prrirs
1568 520 1700 570 saepius,
1710 531 1795 557 inter
1810 521 2010 569 CapucInos
2028 525 2242 572 Capucinum
2255 530 2287 565 se
2300 529 2391 566 mori

264 581 357 629 poffe
371 605 385 627 ,
407 581 527 617 altiore
538 578 650 616 cordis
665 577 811 627 suspirio«
821 571 1013 621 exoptasset
1025 595 1037 608 .

264 889 338 933 Fr.
374 885 608 953 Angelum
639 879 990 933 'Bruxellensem
1041 884 1292 932 Provinciae

294 953 704 1022 Plandro-Belgicae
724 956 1009 1010 Alumnum,
1025 952 1081 1001 ad
1102 956 1291 1017 Mytras

291 1022 690 1145 {RQ-Spumeus&
717 1022 767 1075 δε
800 1024 1055 1073 Primatum
1094 1024 1295 1075 Geldriae

324 1226 717 1274 CLEMENS
758 1225 1236 1279 EPISCOPUS

502 1311 653 1351 Servus
688 1310 903 1350 Servorum
937 1308 1039 1350 Dei.

261 1405 416 1450 Dileffo
451 1406 555 1448 Filio
582 1407 726 1460 Angelo
753 1407 960 1462 D’oignyes
975 1439 989 1459 ‚
1018 1410 1131 1451 elebJo
1167 1414 1295 1455 Rure..⁸

390 1463 566 1507 munden·
602 1466 773 1505 Salutem
795 1493 808 1514 ,
839 1467 886 1512 ω’
914 1467 1168 1522 Apostolicam

612 1522 912 1564 Benedrrlionem
929 1551 942 1562 .

383 1636 609 1681 Postolatfis
625 1636 814 1681 Officium
831 1666 843 1688 ,
863 1640 1018 1680 meritis
1035 1638 1129 1682 licet
1147 1640 1297 1695 imparss

414 1696 499 1737 ibus
535 1696 665 1738 Nobis
701 1709 751 1736 ex
786 1696 871 1737 alto
896 1699 1146 1739 commissum
1174 1726 1188 1748 ,
1213 1713 1295 1752 quo

260 1753 535 1797 Ecclesrarum
577 1753 752 1794 omnium
792 1754 975 1808 regimini
1033 1756 1176 1797 Divina
1219 1754 1295 1796 dis-

258 1811 489 1867 pensatione
522 1810 802 1866 praelidemus‘,
832 1812 991 1854 utiliter
1024 1815 1196 1870 exequi,
1230 1827 1297 1855 co-

260 1869 483 1925 adjuvante
527 1870 705 1912 Domino
747 1870 980 1926 cupienteS,
1011 1873 1173 1914 solliciti
1204 1886 1298 1913 cor-

262 1929 319 1969 de
352 1926 560 1968 reddimur
586 1955 600 1977 ,
645 1930 684 1967 &
722 1926 892 1969 solertes
918 1957 930 1978 ,
962 1940 1005 1970 ut
1035 1959 1050 1981 ,
1080 1932 1176 1971 dum
1209 1930 1298 1974 de)

261 1983 534 2027 Ecclesiarum
562 1980 733 2039 ipsarum
758 1986 1018 2041 regiminibus
1040 1989 1171 2042 agitur
1196 2003 1301 2032 com.

256 2041 469 2084 mittendis
485 2070 499 2092 ,
528 2043 629 2085 tales
646 2044 757 2085 eisin
787 2046 965 2087 Pastores
996 2046 1199 2102 praeficere
1222 2047 1299 2089 stu·

259 2102 443 2150 deamus,
460 2100 529 2156 qui
544 2102 735 2157 populum
751 2100 825 2145 suae
839 2118 941 2146 curae
955 2106 1157 2148 creditum
1173 2105 1299 2147 sciant

259 2174 338 2202 non
366 2159 491 2201 solum
514 2158 695 2202 doctrina
717 2163 828 2204 verbi
850 2191 864 2214 ,
891 2162 1094 2206 sedetiam
1109 2163 1299 2220 exemplo

256 2220 358 2261 boni
385 2219 519 2273 operis
542 2220 762 2262 informare
777 2250 791 2271 ,
823 2219 1120 2279 commifl'asque
1135 2224 1199 2265 fibi
1221 2226 1298 2265 Ec-

260 2275 398 2319 clefias
414 2277 452 2318 in
469 2276 567 2318 statu
598 2277 1055 2336 pacifico&tranquillo
1080 2283 1206 2324 velint
1222 2311 1235 2333 ,
1259 2284 1300 2323 δε

261 2335 423 2377 valeant
450 2338 611 2378 austere
637 2339 814 2382 Domino
829 2338 1042 2382 salubriter
1056 2355 1228 2395 regere,
1259 2342 1297 2382 ὃς

261 2392 441 2436 feliciter
468 2396 719 2450 gubernare.
753 2397 856 2439 Sane
877 2398 1048 2441 Ecclesia
1066 2402 1298 2442 Ruremun-

261 2451 374 2493 dens.
402 2452 452 2494 ad
481 2467 628 2510 quam,
655 2454 751 2497 dum
779 2455 847 2497 illa
876 2471 948 2512 pro
964 2468 1150 2512 tempore
1166 2466 1298 2504 vacat,

261 2511 473 2551 nominare
502 2512 708 2564 personam
730 2513 917 2555 idoneam
936 2543 950 2565 ,
981 2518 1166 2556 Romano
1195 2516 1302 2554 Pon-

263 2565 364 2608 tifici
382 2581 452 2620 pro
467 2575 654 2621 tempore
670 2569 851 2610 existenti
867 2571 915 2611 ad
934 2571 1210 2614 charissimum
1223 2573 1298 2613 im

260 2624 428 2667 Christo
444 2623 587 2665 Filium
606 2626 834 2681 Philippum
852 2629 1127 2684 Hispaniarum
1143 2633 1297 2684 Regem

263 2682 557 2733 Catholicum,
587 2684 645 2725 uti
666 2684 846 2727 Geldriae
864 2690 1020 2729 Ducem
1037 2715 1050 2737 ,
1079 2703 1127 2731 ex
1153 2687 1298 2731 funda-

260 2740 406 2790 tione,
436 2741 501 2781 vel
529 2741 771 2793 dotatione,
796 2742 860 2785 seu
886 2745 1101 2800 privilegio
1129 2748 1298 2803 Aposto-

258 2799 373 2849 lico,
402 2798 465 2840 cui
494 2813 571 2840 non
598 2800 653 2842 est
684 2800 875 2843 hauenus
901 2803 939 2844 in
962 2803 1096 2858 aliquo
1124 2805 1299 2861 deroga-

264 2867 383 2906 tum,
407 2855 612 2910 spestare,
638 2859 675 2898 δι
703 2860 910 2913 pertinere
937 2861 1189 2916 dignoscitur
1209 2896 1223 2916 ,
1250 2880 1300 2907 ex

264 2927 318 2956 eo
331 2942 346 2964 ,
373 2915 482 2968 quod
498 2913 569 2955 fel.
583 2930 668 2958 rec.
684 2918 944 2961 Innocentius
961 2921 1067 2973 Papa
1084 2924 1177 2964 XII.
1196 2927 1299 2967 Prae-

263 2970 446 3014 decelsor
491 2973 651 3025 noster,
685 2975 972 3019 Venerabilem
1015 2981 1195 3023 Fratrem
1227 2997 1277 3024 no

261 3030 382 3071 strum
417 3031 690 3084 Reginaldum
721 3035 846 3076 Coels
880 3035 1121 3091 Episcopum
1164 3054 1294 3093 nuper

261 3089 636 3131 Ruremundensem
656 3090 677 3131 a
693 3092 867 3144 vinculo,
881 3109 962 3149 quo
981 3094 1093 3137 die'tae
1110 3099 1296 3141 Ecclefiae

260 3148 572 3190 Ruremunden.
594 3177 608 3199 ,
639 3149 704 3191 cui
721 3159 814 3192 tunc
843 3164 1037 3206 praeerat,
1062 3158 1294 3208 tenebatur,

261 3205 313 3247 de
329 3207 631 3248 Venerabilium
665 3210 851 3252 Fratrum
873 3211 1100 3255 nostrorum
1115 3218 1155 3257 S.
1175 3218 1225 3258 R.
1246 3219 1291 3258 E.

260 3263 536 3307 cardinalium
552 3294 566 3316 ,
591 3265 642 3308 de
656 3281 824 3321 quorum
847 3283 1013 3312 numero
1030 3275 1115 3315 Nos
1133 3276 1293 3316 etiam-2

260 3336 413 3364 eramus
427 3352 441 3374 ,
468 3324 633 3366 consilio
646 3327 708 3375 ,Sc
723 3327 962 3380 Apostolicae
980 3332 1190 3375 potestatis
1210 3333 1294 3387 ple-

258 3380 439 3423 nitudine
466 3383 704 3436 absolvens,
733 3399 825 3426 eum
850 3386 899 3427 ad
932 3389 1150 3431 Ecclesiam
1188 3395 1292 3434 Ant-

259 3439 441 3492 verpien.
474 3453 589 3485 certo
617 3452 709 3484 tunc
732 3442 910 3500 expresso
947 3449 1106 3489 Nuntio
1150 3463 1294 3492 vacan-

258 3504 370 3547 tem,
396 3496 448 3538 de
466 3496 780 3553 fimiliconsilio,
806 3503 1032 3557 Apostolica
1062 3508 1293 3551 Auctorita-

259 3566 303 3596 te
318 3556 576 3601 transtulerat
591 3586 604 3608 ,
630 3559 881 3616 praeficiendo
897 3562 1024 3618 ipsum
1047 3565 1107 3606 illi
1126 3567 1162 3608 in
1194 3568 1291 3617 Epi-

257 3613 448 3668 scopum,
471 3617 509 3656 δε
537 3617 770 3671 Pastorem,
798 3621 961 3676 pastoris
999 3623 1141 3666 solatio
1171 3624 1291 3668 desti·-

257 3675 345 3735 tutti*
363 3702 375 3723 ,
411 3678 494 3715 ΝΒ
520 3679 569 3718 ad
594 3678 866 3722 Provilionem
892 3681 1073 3736 ejusdem
1106 3683 1290 3726 Eccleliae

255 3732 565 3775 Ruremunden.
583 3734 761 3777 celerem
777 3766 790 3787 ,
802 3740 841 3779 &
856 3737 1034 3791 felicem,
1051 3755 1101 3783 ne
1116 3741 1184 3785 illa
1200 3743 1287 3784 lon-

257 3805 312 3847 gae
344 3791 563 3835 vacationis
585 3806 809 3852 exponatur
824 3798 1085 3842 incommodis
1103 3831 1117 3850 ‚
1148 3813 1287 3858 pater-

1349 872 1408 916 nis
1422 873 1460 914 &
1473 870 1655 915 sollicitis
1671 870 1806 915 studiis
1822 869 2082 915 intendentes
2095 903 2109 924 ,
2129 873 2212 928 post
2227 874 2392 917 delibe-

1347 934 1576 982 rationem,
1600 946 1720 988 quam
1733 930 1786 973 de
1805 929 2060 987 praeficiendo
2088 933 2224 975 eidem
2242 933 2393 974 Eccle-

1355 990 1413 1033 s1ae
1430 991 1742 1034 Ruremunden.
1758 990 1967 1046 personam
1985 990 2127 1032 utilem
2144 1019 2160 1040 ,
2191 1004 2236 1032 ac
2275 991 2400 1032 etiam

1355 1046 1597 1092 fructuosam
1611 1066 1701 1092 cum
1716 1048 1867 1092 eisdem
1883 1049 2090 1092 Fratribus
2108 1049 2315 1091 habuimus
2335 1048 2399 1090 di-

1356 1110 1555 1165 ligentem
1571 1138 1585 1161 ,
1615 1108 1780 1151 demum
1809 1110 1856 1153 ad
1873 1118 1914 1152 te
1926 1109 2218 1163 Presbyterum
2233 1107 2398 1150 Ordinis

1356 1171 1543 1212 Fratrum
1568 1168 1771 1211 Minorum
1799 1166 1932 1210 saneti
1951 1164 2400 1223 FrancisciCapucino-

1354 1242 1441 1272 rum
1457 1237 1775 1283 nuncupatorum
1793 1223 1976 1281 expresse
1989 1222 2204 1281 professum
2216 1254 2228 1276 ,
2257 1224 2311 1266 de
2337 1223 2401 1266 le-

1354 1287 1496 1343 gitimo
1523 1286 1787 1328 Matrimonio
1800 1300 1849 1326 ex
1867 1285 2093 1328 Catholicis
2107 1282 2395 1339 nobilibusque

1356 1344 1599 1388 Parentibus
1612 1345 1653 1388 in
1665 1344 1847 1387 Civitate
1863 1342 2112 1385 Bruxellenfi
2127 1342 2397 1385 Mechlinien.

1357 1405 1495 1446 Dioec.
1509 1412 1648 1445 ortum
1664 1432 1678 1453 ,
1708 1404 1747 1444 in
1761 1401 2089 1458 quinquagesimo
2103 1401 2296 1449 circiter,
2326 1401 2362 1439 δε
2379 1397 2403 1440 ὲ

1354 1458 1586 1516 pluribusin
1604 1464 1728 1502 Sacro
1744 1461 2056 1513 Presbyteratus
2075 1459 2232 1501 Ordine
2249 1457 2395 1498 consti-

1354 1529 1518 1567 tutum,
1546 1518 1896 1560 Concionatorem
1921 1518 2142 1568 eximium,
2169 1531 2215 1557 ac
2248 1517 2287 1556 in
2316 1517 2402 1556 Ec-

1355 1575 1582 1619 clefiasticis
1610 1575 1878 1618 functionibus
1893 1604 1906 1627 ,
1931 1577 1971 1616 &
1985 1576 2183 1619 Ordinum
2199 1574 2402 1616 exercitio

1357 1634 1514 1688 optime
1552 1636 1751 1676 versatum
1777 1663 1792 1683 ,
1827 1634 2042 1689 omniaque
2068 1634 2144 1677 alia
2177 1634 2399 1687 requisita-³

1354 1692 1601 1741 habentem,
1631 1691 1850 1747 Fidemque
1873 1692 2133 1732 Catholicam
2161 1691 2270 1747 juxta
2299 1692 2400 1731 arti-

1354 1748 1470 1793 culos
1488 1748 1566 1801 iam
1583 1749 1740 1804 pridem
1756 1749 1776 1789 a
1793 1747 1898 1792 Sede
1914 1748 2145 1803 Apostolica
2164 1748 2392 1803 praepofitos

1359 1807 1545 1863 expresse
1563 1805 1807 1862 profestum,
1836 1822 2039 1864 quemque
2066 1808 2270 1863 praediems
2307 1806 2403 1849 Phi-

1360 1868 1487 1923 lippus
1506 1869 1594 1908 Rex
1616 1867 1742 1908 Nobis
1753 1867 1802 1908 ad
1825 1867 1900 1907 hoc
1914 1882 1986 1922 per
2001 1866 2082 1909 suas
2105 1867 2241 1926 literas
2272 1865 2405 1907 nomi·

1360 1926 1468 1967 navit
1489 1952 1502 1974 ,
1528 1926 1567 1965 &
1582 1924 1634 1966 de
1651 1924 1763 1975 cujus
1781 1925 2004 1978 Religionis
2016 1926 2123 1967 Zelo
2137 1956 2152 1975 ,
2181 1929 2271 1966 vitae
2289 1939 2404 1965 mun-

1360 1983 1488 2033 ditia,
1516 1996 1676 2023 morum
1707 1982 1915 2024 honestate
1931 2011 1945 2032 ,
1972 1981 2241 2037 spiritualium
2265 1983 2398 2037 provi.

1360 2042 1496 2084 dentia
1509 2071 1525 2091 ,
1551 2041 1888 2096 &temporalium
1904 2040 2264 2096 circumspectione
2280 2070 2293 2092 ‚
2308 2040 2401 2082 aliis

1359 2100 1650 2154 multiplicium
1676 2099 1885 2141 Virtutum
1916 2098 2031 2140 donis
2058 2099 2138 2142 fide
2153 2097 2399 2155 digna‘apud

1360 2162 1447 2202 Nos
1474 2158 1694 2201 testimonia
1722 2159 2016 2213 perhibentur,
2049 2159 2273 2200 direximus
2301 2172 2403 2198 ocu-

1358 2217 1418 2259 los
1447 2218 1619 2260 mentis.
1655 2218 1814 2270 Quibus
1844 2216 2028 2259 omnibus
2057 2217 2196 2259 debita
2222 2215 2402 2257 medita-

1359 2278 1472 2320 tione
1486 2276 1655 2332 pensatis
1672 2305 1686 2327 ,
1713 2276 1765 2317 de
1780 2275 1944 2331 persona
1960 2285 2027 2316 tua
2043 2305 2057 2325 ,
2087 2276 2213 2318 Nobis
2231 2303 2244 2325 ,
2267 2276 2307 2314 ὃ(
2325 2274 2405 2315 eis-

1358 2336 1453 2378 dem
1481 2337 1688 2379 Fratribus
1707 2335 1759 2377 ob
1777 2345 1937 2377 tuorum
1955 2335 2204 2390 exigentiam
2233 2332 2404 2374 merito-

1358 2409 1447 2436 rum
1463 2406 1629 2448 accepta
1644 2422 1658 2443 ,
1681 2392 1849 2447 praesatae
1866 2391 2047 2434 Ecclefiae
2066 2390 2370 2435 Ruremunden.
2384 2418 2401 2439 ,

1357 2452 1410 2492 de
1425 2455 1606 2493 Fratrum
1626 2452 1798 2505 ipsorum
1814 2449 2224 2502 confilio‚Ap0stolica
2251 2451 2403 2490 Autro-

1362 2509 1486 2550 ritate
1508 2508 1797 2562 providemus,
1827 2509 1972 2562 Teque
1996 2507 2056 2548 illi
2084 2510 2124 2550 in
2161 2506 2402 2561 Episcopum

1361 2566 1594 2623 praeficimus
1608 2569 1644 2608 Sc
1663 2568 1888 2615 Pastorem,
1918 2579 2054 2607 curam
2075 2568 2133 2617 ,&
2148 2562 2401 2608 administra-

1360 2628 1515 2668 tionem
1544 2625 1659 2679 ipfius
1677 2624 1860 2668 Ecclesrae
1877 2624 2216 2666 Ruremundenlis
2235 2623 2307 2664 tibi
2326 2623 2399 2664 in,

1359 2684 1655 2740 spiritualibus,
1679 2685 1719 2724 &
1748 2683 2038 2737 temporalibus
2061 2681 2256 2736 plenarie
2285 2696 2396 2723 com-

1357 2744 1584 2793 mittendo,
1602 2743 1638 2783 in
1657 2742 1754 2791 5110,
1780 2740 1928 2795 quidat
1946 2740 2094 2796 gratias
2123 2768 2138 2791 ,
2165 2739 2398 2795 &largitur

1359 2803 1512 2859 praemia
1528 2830 1541 2853 ,
1560 2799 1811 2844 confidentes
1829 2826 1843 2849 ,
1859 2801 1967 2854 quod
1990 2798 2195 2854 dirigente
2220 2800 2400 2840 Domino

1361 2864 1465 2904 aestus
1499 2871 1591 2902 tuos
1623 2858 1807 2915 praediffta
1843 2856 2022 2900 Ecclesia
2055 2856 2396 2899 Ruremundenfis

1362 2919 1429 2962 sub
1445 2930 1517 2962 tuo
1532 2917 1640 2961 felici
1658 2917 1854 2972 regimine
1870 2927 2035 2972 regetur
2052 2916 2208 2958 utiliter
2220 2943 2233 2965 ,
2246 2917 2285 2956 &
2302 2930 2394 2970 pro-

1357 2977 1711 3035 speredirigetur,
1739 2991 1785 3018 ac
1810 2986 1923 3029 grata
1940 2976 1976 3017 in
1993 2975 2140 3019 eisdem
2165 2974 2392 3030 spirituali-

1357 3039 1427 3080 bus
1451 3068 1466 3088 ,
1495 3038 1534 3078 &
1563 3035 1856 3092 temporalibus
1885 3033 2068 3091 suscipiet
2100 3036 2388 3085 incrementa3

1353 3100 1500 3154 Jugum
1525 3095 1649 3151 igitur
1674 3094 1835 3136 Domini
1865 3093 1942 3135 tuis
1970 3093 2198 3150 impositum
2210 3091 2384 3132 humeris

1353 3162 1537 3212 prompta
1552 3153 1771 3196 devotione
1785 3150 1964 3207 suscipias
1980 3183 1993 3204 ,
2020 3166 2158 3196 curam
2171 3178 2183 3200 ,
2209 3151 2248 3189 &
2262 3148 2389 3190 admi-

1355 3214 1625 3256 nistrationem
1640 3210 1820 3266 praefatas
1835 3212 1885 3252 fic
1901 3224 2094 3254 exercere
2114 3208 2292 3256 studeas,
2309 3206 2388 3248 sol-

1353 3272 1487 3323 licite,
1512 3269 1689 3314 fideliter
1704 3299 1717 3321 ‚
1741 3272 1782 3312 ὃς
1798 3269 2021 3326 prudenter
2037 3296 2051 3316 ,
2071 3266 2180 3322 quod
2204 3263 2385 3308 Ecclesia

1352 3333 1431 3383 ipsa
1466 3328 1804 3372 Ruremundenfis
1826 3328 2099 3370 Gubernatori
2117 3324 2315 3381 provido,
2346 3326 2387 3365 ὅτ.

1352 3388 1550 3433 fluetuoso
1565 3386 1872 3431 administratori
1889 3383 2063 3440 gaudeat
2077 3386 2114 3426 se
2126 3380 2385 3434 commissam,

1355 3451 1497 3502 Tuque
1526 3458 1670 3503 praeter
1696 3455 1855 3486 aeternae
1882 3443 2161 3486 retributionis
2179 3442 2385 3497 praemium

1353 3507 1533 3550 Nostram
1551 3538 1566 3558 ,
1593 3509 1633 3547 ὃς
1649 3503 1762 3547 Sedis
1776 3502 2014 3557 Apostolicae
2034 3501 2355 3545 benedictionem
2370 3529 2387 3552 ,ψ

1351 3569 1388 3608 8c
1423 3566 1590 3621 gratiam
1618 3561 1763 3606 exinde
1791 3562 1950 3604 uberius
1966 3562 2151 3617 consequi
2164 3560 2385 3602 merearis.

1353 3625 1550 3668 Volumus
1567 3620 1831 3676 autem,quod
1850 3623 1910 3663 Tu
1926 3618 2384 3664 EcclefiaeCathedralis

1351 3681 1698 3726 Ruremundenfis
1713 3680 1952 3734 reparationi
1970 3693 2042 3735 pro
2058 3679 2209 3720 viribus
2232 3679 2385 3720 incum-

1346 3743 1445 3793 bas,
1472 3741 1699 3784 Sacrarium
1731 3737 1837 3781 sacra
1865 3738 2129 3795 suppellet‘tili
2158 3738 2209 3781 ad
2235 3737 2385 3781 Divina

1346 3800 1606 3859 peragenda,
1633 3802 1672 3841 &
1710 3797 1963 3841 Pontificalia
2007 3796 2237 3863 exercenda
2277 3794 2380 3836 suffi-

2173 3864 2332 3897 menter
