2658 4244
950 261 1111 351 Sub
1170 261 1550 351 Clemente
1611 262 1790 348 XII.

292 385 347 432 In
369 380 578 432 Ecclefiis
595 381 692 433 tafn
710 385 918 432 Fratrum
934 415 951 438 ,
985 381 1122 446 quem
1141 381 1322 429 Monia-

279 514 281 517 v
327 453 438 501 lium
458 471 541 521 pro
556 453 627 503 die
643 466 799 521 quarta
817 449 1047 501 Februarii
1069 448 1320 518 Indulgen-

324 526 435 573 tiam
451 526 695 591 plenariam
713 521 876 575 ultimo
892 519 1130 571 confirmat
1144 556 1157 569 .

362 655 756 704 CLEMENS
807 653 1027 704 PAPA
1080 652 1246 700 XII.

347 738 535 797 Universis
551 740 872 798 christifidelibus
880 738 1090 799 praefintes
1103 742 1255 781 Literas

398 798 627 855 inspeffuris
653 802 825 842 Salutem
837 829 849 851 ,
878 801 926 847 ἐς
942 798 1197 855 Apostolicam

626 857 934 900 Benediffionem
950 887 960 898 .

419 934 459 974 D
493 930 717 987 augendam
745 930 926 972 fidelium
951 929 1190 984 religionem

282 934 402 1046 A
436 990 656 1033 animarum
671 989 842 1032 salutem
859 987 1107 1030 Coelestibus
1127 983 1318 1028 Ecclefiae.

282 1049 480 1091 thesauris
505 1049 569 1103 pia
594 1049 792 1090 charitate
821 1047 993 1096 intenti,
1024 1044 1206 1088 omnibus
1233 1073 1247 1095 ,
1278 1046 1316 1085 &

283 1106 445 1161 fingulis
475 1105 678 1162 utriusque
708 1104 821 1149 sextis
849 1102 1186 1155 Cliristifidelibus
1217 1104 1313 1145 vere

281 1165 574 1221 poenitentibus
593 1193 605 1216 ‚
632 1166 669 1206 &
687 1163 868 1206 confessis
884 1193 898 1214 ,
925 1179 969 1206 ac
986 1167 1107 1206 Sacra
1119 1166 1314 1204 Commu-

280 1224 406 1265 nione
421 1221 580 1264 refectis
596 1252 609 1274 ,
640 1224 705 1279 qui
721 1224 897 1279 aliquam
912 1237 960 1264 ex
988 1221 1176 1263 Ecclefiis
1205 1231 1320 1263 tam,

280 1284 469 1324 Fratrum
483 1280 646 1325 Ordinis
663 1282 868 1324 Minorum
885 1281 1012 1324 Sanni
1029 1279 1221 1329 francisci
1239 1281 1322 1320 Ca-

282 1339 520 1396 pucinorum
536 1349 851 1395 nuncupatorum
867 1369 880 1391 ,
911 1340 1030 1395 quzim
1049 1337 1322 1381 Monialiu‘rn-..o

280 1397 377 1440 disti
391 1398 802 1455 Ordinis,ubicunque
820 1397 1164 1447 existentibus2die
1178 1406 1320 1452 quarta

284 1456 426 1498 menfis
461 1457 670 1499 Februarii
704 1457 725 1498 ὲ
750 1458 886 1512 primis
914 1455 1103 1511 Vesperis
1120 1454 1242 1510 usque
1267 1453 1317 1495 ad

282 1510 470 1557 occasum
483 1513 573 1556 solis
588 1515 670 1557 diei
685 1513 1082 1569 hujusmodifingulis
1103 1514 1215 1552 annis
1244 1511 1317 1551 de-

281 1573 382 1613 vote
411 1571 685 1622 visitaverint,
716 1574 755 1612 &
780 1572 836 1613 ibi
863 1584 936 1625 pro
953 1570 1317 1615 Christianorum-2

278 1629 515 1682 Principum
531 1629 747 1675 concordia
761 1658 777 1676 ,
808 1626 996 1668 haeresum
1013 1625 1290 1680 extirpatione
1303 1651 1318 1673 ,

278 1701 326 1728 ac
342 1689 488 1728 Sanftae
502 1686 647 1726 Matris
659 1684 846 1726 Ecclesiae
859 1681 1109 1725 exaltatione
1126 1710 1140 1733 ,
1162 1681 1245 1736 pias
1266 1680 1317 1722 ad

277 1747 416 1786 Deum
444 1757 584 1798 preces
613 1739 852 1793 effuderint,
884 1740 1115 1783 Plenariam·
1132 1740 1311 1783 omnium

279 1811 547 1858 peccatorum
573 1799 734 1842 suorum
759 1800 1093 1854 Indulgentiam,
1123 1801 1159 1840 &
1175 1797 1312 1839 remis-

277 1860 435 1902 sionem
459 1858 772 1902 misericorditer
790 1859 828 1899 in
845 1859 1021 1900 Domino
1036 1856 1308 1915 concedimus.

278 1918 545 1963 Praesentibus
576 1917 626 1958 ad
654 1917 904 1970 septennium
928 1918 1083 1958 tantum
1100 1915 1284 1958 valituris
1300 1943 1311 1954 .

278 1974 481 2018 Volumus
494 1983 636 2017 autem.
648 2002 662 2025 ,
678 1986 723 2016 ut
735 2002 748 2024 ,
765 1973 795 2015 fi.
806 1988 879 2030 pro
894 1975 1198 2030 impetratione,
1214 1987 1312 2029 prae-

279 2033 507 2076 sentatione
531 2063 545 2083 ‚
587 2031 813 2075 admistione
838 2062 860 2083 ,.
899 2032 967 2075 seu
1000 2032 1313 2088 publicatione)

279 2090 534 2149 praesentium
565 2091 716 2147 aliquid
739 2091 804 2132 vel
829 2091 1033 2135 minimum
1059 2091 1181 2133 detur
1201 2118 1215 2140 ,
1247 2101 1313 2132 aut

278 2151 421 2208 sponte
464 2147 651 2192 oblatum·
678 2151 924 2204 recipiatur,
955 2150 1170 2204 praesentes
1199 2148 1317 2190 nullae

279 2210 379 2252 sint:
408 2218 532 2264 utque
549 2207 800 2263 praesentium
816 2208 1024 2251 literarum
1041 2207 1316 2262 transumptis,

277 2266 345 2311 seu
367 2266 563 2322 exemplis
581 2295 595 2317 ,
625 2266 746 2309 etiam
766 2266 956 2323 impreffis
974 2297 988 2318 ,
1010 2281 1130 2309 manu
1146 2264 1314 2323 alicujus

276 2321 442 2369 Notarii
466 2325 616 2380 publici
643 2323 900 2380 subscriptis,
931 2328 968 2367 δε
992 2325 1119 2381 figilro
1138 2323 1316 2380 personae

276 2385 318 2426 in
346 2384 625 2426 Ecclefiastica
646 2383 847 2437 dignitate
875 2385 1099 2426 constitutae
1123 2383 1284 2424 munitis
1301 2410 1316 2433 ‚

274 2441 347 2484 vel
363 2442 644 2484 Procuratoris
661 2443 879 2484 Generalis
905 2443 1000 2484 diffi
1018 2441 1183 2484 Ordinis
1210 2440 1313 2482 obfi-

279 2502 409 2556 gnatis
423 2529 438 2551 ,
471 2500 614 2542 eadem
640 2500 799 2554 prorsus
815 2500 912 2543 fides
928 2500 1198 2550 adhibeatur,
1228 2512 1314 2555 quae

277 2558 547 2601 adhiberetur
567 2586 582 2608 ,
597 2557 684 2612 ipfis
711 2558 993 2612 praesentibus,
1008 2557 1031 2598 fi
1052 2558 1187 2599 forent
1202 2558 1314 2604 exhi-

281 2617 407 2667 bitae,
439 2616 505 2658 vel
532 2615 716 2658 ostensae.
760 2619 909 2658 Datum
939 2619 1077 2658 Roma:
1100 2614 1204 2671 apud
1221 2619 1319 2659 San-

279 2679 383 2719 &am
409 2675 576 2718 Mariam
606 2673 802 2730 Majorem
829 2674 896 2718 fiib
917 2674 1080 2721 Annulo
1109 2672 1319 2718 Piiicatoris

279 2736 362 2777 Die
379 2733 552 2775 secunda
569 2732 753 2776 Getobris
774 2747 1031 2778 moccxxxvi
1045 2747 1077 2775 1.
1094 2732 1312 2778 Pontifica-

274 2801 342 2835 ¹tus
357 2791 492 2837 Nostri
506 2793 628 2845 Anno
644 2792 800 2834 Offlavo
813 2820 824 2832 .

1218 954 1232 976 ,
1278 927 1315 967 &

739 2911 775 2951 F
777 2938 787 2949 .
823 2910 939 2952 Card.
973 2910 1166 2951 oliverius
1175 2938 1187 2952 .

289 3049 521 3062 ——nn-

271 3131 340 3194 In
383 3142 540 3192 iisdem
576 3141 788 3192 Eccl'esiis
825 3140 1017 3193 fimilem
1054 3144 1303 3215 Indulgen-

302 3216 415 3263 tiam
460 3230 544 3280 pro
582 3212 654 3261 die
701 3231 776 3261 12.
816 3213 1096 3263 Novembris
1133 3217 1300 3265 ultimo

301 3286 471 3354 pariter
490 3284 686 3352 largitur
703 3318 714 3330 .
1227 3294 1230 3298 ·

351 3415 740 3463 CLEMENS
794 3415 1005 3463 P'APA
1046 3415 1215 3463 XII.

323 3539 512 3594 Univetfis
530 3540 849 3597 christifidelibus
860 3541 1070 3597 praestntes·
1086 3544 1241 3584 Literar«

380 3597 609 3656 inspcbi'uris
625 3601 820 3651 Salutem,
850 3599 901 3648 ὠ·
928 3599 1180 3656 Apostolicam

613 3659 917 3701 Benedzfflonem
926 3687 937 3698 .

398 3774 437 3815 D
459 3776 681 3829 augendam
695 3774 1119 3831 fideliumreligionem
1133 3807 1145 3828 ,
1160 3780 1198 3819 &
1213 3778 1299 3820 ani-

410 3847 566 3876 marum
610 3835 781 3880 salutem
835 3836 1060 3878 coelestibus
1108 3837 1298 3881 Ecclessae

1379 379 1576 421 thesauris
1610 380 1672 434 pia
1697 376 1898 420 charitate
1923 381 2096 435 intenti,
2128 388 2344 438 omnibus,
2376 388 2414 428 &

1378 437 1540 493 singulis
1570 436 1782 493 utriusque
1804 434 1916 477 sextis
1944 441 2284 488 Christifidefibus
2317 447 2418 488 vere

1377 494 1700 553 poenitentibus,
1730 496 1767 535 &
1787 493 1971 536 confessis
1983 528 1998 548 ,
2022 514 2067 540 ac
2084 503 2201 545 Sacra
2218 508 2420 547 Commu-
2463 545 2468 548 ,

1377 558 1501 598 nione
1517 553 1678 598 refectis
1698 581 1712 604 ,
1741 557 1809 609 qui
1823 553 2000 609 aliquam
2021 572 2070 600 ex
2086 559 2274 603 Ecclesiis
2299 574 2420 606 tama

1377 616 1564 657 Fratrum
1607 613 1772 656 Ordinis
1811 612 2014 660 Niinorum
2053 619 2184 659 saneti
2225 619 2422 665 Francisci

1378 673 1684 730 Capucinorum
1724 683 2045 726 nuncupatorum
2066 703 2081 726 ,
2109 677 2226 731 quam
2259 681 2419 722 Monia-

1374 733 1473 775 lium
1491 731 1585 774 dieti·
1602 731 1767 773 Ordinis
1782 730 2014 787 ubicunque
2029 735 2287 779 existentibus
2299 766 2313 788 ,
2345 737 2414 780 die

1373 791 1613 834 duodecima
1629 791 1768 833 mensis
1783 792 2069 841 Novembri&
2082 794 2412 849 primisVesperis

1376 850 1498 906 usque
1512 850 1560 892 ad
1578 848 1763 892 occasum
1777 848 1869 889 solis
1883 849 1967 892 diei
1985 850 2240 905 hujusmodi,
2259 854 2418 906 singulis
2460 895 2464 897 ,

1379 909 1490 953 annis
1506 909 1657 951 devote
1675 908 1928 951 visitaverint
1947 935 1961 957 2
1993 910 2031 950 &
2054 910 2108 950 ibi
2125 925 2200 965 pro
2222 912 2423 960 Christia-

1376 983 1520 1011 norum
1536 968 1768 1023 Principum
1786 966 2010 1009 concordia
2030 996 2044 1018 ,
2074 969 2268 1011 haeresum
2295 971 2425 1011 extir-

1376 1027 1542 1083 patione
1555 1055 1569 1078 ,
1601 1041 1648 1069 ac
1666 1029 1816 1070 Sand‘tae
1833 1026 1974 1068 Matris
1993 1028 2183 1069 Ecclefiae
2204 1028 2424 1071 exaltatio-

1376 1100 1454 1137 ne,
1475 1086 1560 1142 pias
1588 1085 1637 1128 ad
1660 1088 1794 1128 Deum
1824 1099 1966 1141 preces
1999 1084 2246 1137 effuderint,
2277 1085 2425 1142 plena-

1380 1146 1481 1187 riam
1509 1146 1689 1187 omnium
1717 1154 1982 1199 peccatorum
2009 1143 2169 1186 suorum
2198 1145 2424 1198 Indulgen-

1385 1205 1482 1246 tiam
1497 1231 1511 1254 ,
1522 1206 1560 1245 δε
1576 1202 1841 1245 remiffionem
1857 1203 2173 1247 misericorditer
2188 1206 2225 1246 in
2245 1206 2424 1246 Domino

1384 1263 1665 1305 concedimus.
1700 1260 1966 1305 Praesentibus
1991 1261 2042 1303 ad
2067 1263 2318 1318 septennium
2336 1274 2423 1304 tan-

1384 1324 1470 1364 ti'im
1487 1321 1666 1363 valituris
1683 1350 1697 1361 .,
1728 1319 1925 1363 Volumus
1939 1330 2104 1371 autem,
2119 1332 2165 1363 ut
2180 1352 2193 1373 ,
2207 1323 2233 1362 si
2255 1336 2333 1379 pro
2348 1322 2424 1364 im-

1384 1380 1614 1436 petratione
1638 1411 1658 1430 ,.
1685 1380 1992 1435 praesentatione
2020 1409 2034 1431 ,
2066 1380 2323 1432 admissione,
2356 1379 2422 1423 seu

1380 1437 1656 1493 publicatione
1681 1438 1936 1493 praesentium
1965 1438 2119 1494 aliquid
2151 1469 2166 1491 ,
2203 1438 2272 1482 vel
2299 1439 2426 1480 mini-

1377 1510 1490 1536 mum
1516 1495 1664 1544 detur,
1697 1507 1764 1536 aut
1784 1496 1927 1548 sponte
1952 1497 2134 1539 oblatum
2166 1497 2419 1552 recipiatur,

1378 1551 1590 1607 praesentes
1619 1550 1739 1592 nullae
1768 1550 1868 1594 fint:
1884 1564 2013 1608 utque
2045 1555 2415 1608 praesentiumlite-

1378 1621 1515 1648 rarum
1538 1609 1821 1663 transumptis,
1853 1609 1919 1651 seu
1940 1612 2139 1666 exemplis
2154 1642 2183 1663 ,‚‚
2196 1615 2321 1656 etiam
2348 1615 2425 1654 im-

1379 1664 1542 1724 preffis,
1572 1678 1686 1706 manu
1703 1665 1875 1720 alicujus
1891 1669 2049 1709 Notarii
2072 1669 2224 1722 publici
2255 1670 2424 1713 subscri—

1377 1724 1459 1778 ptis
1475 1752 1489 1775 ,
1519 1724 1556 1764 &
1584 1721 1714 1778 figillo
1739 1722 1914 1779 persona:
1932 1725 2268 1769 inEccleliastica
2283 1726 2421 1784 digni-

1372 1792 1457 1824 tate
1479 1781 1727 1832 constitutae,
1758 1781 1826 1824 seu
1870 1786 2150 1826 Procuratoris
2193 1787 2418 1830 Generalis

1371 1840 1466 1891 dieti
1480 1839 1642 1881 Ordinis
1657 1842 1840 1892 munitis,
1853 1842 1997 1885 eadem
2012 1844 2168 1896 prorsus
2185 1844 2284 1888 fides
2302 1848 2420 1890 adhi-

1370 1895 1516 1941 beatur
1531 1927 1544 1949 ‚
1575 1913 1658 1953 quae
1674 1899 1938 1943 adhiberetur
1952 1899 2040 1957 ipsis
2056 1904 2318 1958 praesentibus
2335 1934 2348 1956 ,
2384 1905 2413 1947 fi

1372 1956 1503 1999 forent
1530 1958 1750 2008 exhibitae,
1783 1959 1846 2000 vel
1874 1959 2059 2002 ostensae.
2095 1965 2242 2004 Datum
2272 1967 2417 2006 Romae

1372 2017 1478 2070 apud·
1504 2018 1682 2058 Sanctam
1710 2018 1881 2058 Mariam
1908 2018 2222 2075 Majorem-isub
2247 2021 2417 2067 Annulo

1376 2075 1588 2117 Piscatoris
1619 2075 1699 2117 Die
1730 2089 1854 2117 xxxi.
1873 2078 2055 2131 -Januarii
2071 2093 2418 2132 ivinccxxxvur,

1376 2131 1645 2181 Pontificatus
1669 2134 1807 2176 Nostri
1825 2137 1944 2176 Anno
1958 2136 2115 2178 Oetavo
2132 2164 2150 2175 ...

1840 2249 1894 2293 F.'
1925 2251 2044 2293 Caret
2076 2253 2269 2295 oliverius
2283 2282 2295 2293 .
2315 2258 2319 2261 ”

1403 2391 1749 2406 *β*

1375 2486 1764 2536 Bartholomaeum
1783 2487 2076 2539 Cardinalem
2091 2465 2300 2556 Ruspoli‚
2314 2493 2415 2540 Ma.

1412 2573 1556 2626 gnum
1600 2556 1792 2606 Ordinis
1825 2557 2206 2627 Jerosolymitani
2251 2564 2412 2610 Roma:

1413 2629 1621 2748 {gog-tm
1643 2626 1734 2678 &a
1754 2629 1945 2679 Ordinis
1965 2627 2276 2680 Protectorem
2308 2649 2413 2696 cong

1369 2828 1496 2871 Foris
1576 2827 1734 2870 DilehJo
1765 2829 1873 2872 Filio
1906 2827 2046 2885 Nostro
2079 2829 2347 2872 Bartholomeo

1485 2889 1534 2929 5.
1549 2889 1599 2929 R.
1616 2890 1661 2929 E.
1690 2890 1865 2929 Diacono
1883 2887 2095 2930 cardinali
2109 2888 2271 2945 Rqspoli

1756 2955 2003 3005 nuncupato.

1435 3066 1841 3115 CLEMENS
1892 3067 2107 3116 PAPA
2159 3065 2331 3113 XII.

1418 3191 1575 3234 Dileft‘e
1595 3195 1681 3237 Fili
1706 3196 1844 3250 Nqster
1867 3194 2068 3237 salutem
2099 3187 2153 3237 ὠ
2174 3189 2345 3245 Apcsto-⁴

1649 3253 1763 3293 licam
1777 3250 2083 3293 Benedmionem
2093 3275 2106 3288 .

1474 3369 1570 3421 UM
1593 3381 1666 3423 per
1692 3370 1848 3409 obitum
1892 3366 1988 3408 bon.
2022 3377 2144 3406 mem.
2192 3364 2398 3408 Francisci

1490 3429 1532 3468 S.
1560 3428 1614 3469 R.
1647 3428 1693 3466 E.
1725 3424 1912 3480 Episcopi
1954 3423 2145 3466 Ostiensis
2161 3424 2398 3467 Cardinalis

1355 3486 1560 3526 Barberini
1595 3484 1848 3539 nuncupati,
1864 3485 2049 3524 Fratrum
2074 3482 2238 3525 Ordinis
2266 3485 2400 3526 Mino-

1356 3556 1448 3584 rum
1478 3544 1608 3585 Sancti
1638 3543 1839 3585 Francisci
1864 3542 2172 3597 Capucinorum
2192 3557 2398 3598 nuncupa-

1359 3611 1526 3651 torum,
1556 3602 1649 3644 dum
1678 3602 1873 3651 viveret,
1904 3601 2008 3657 apud
2028 3604 2143 3654 Nos,
2173 3603 2213 3643 δι
2245 3601 2396 3645 Sedem

1358 3660 1633 3716 Apostolicam
1672 3659 1931 3702 Proteusoris
1957 3689 1971 3710 ,
2013 3662 2179 3703 Fratres
2214 3660 2394 3717 praediffi

1359 3721 1597 3762 Protectore
1617 3719 1797 3761 destituti
1819 3719 2086 3762 remanserint
2108 3750 2122 3772 ,
2153 3724 2238 3763 Nos
2252 3719 2392 3762 iisdem

1357 3778 1565 3820 Fratribus
1595 3777 1646 3819 de
1669 3779 1818 3821 idoneo
1835 3779 2074 3822 Protec‘tore
2087 3780 2394 3835 providerevo—

1358 3836 1492 3880 lentes
1507 3865 1521 3888 2
1537 3851 1581 3881 ac
1597 3836 1648 3880 de
1668 3849 1744 3881 tuae
1758 3837 2128 3896 circumspec‘tionis
2142 3870 2163 3890 ,,
2180 3837 2391 3892 fingulari's

1752 3900 1792 3939 D
1825 3897 1852 3939 d
2101 3897 2104 3902 ’
2149 3898 2332 3954 pruden-
