2658 4244
854 188 1008 277 Sub
1075 190 1499 276 Innocentio
1563 185 1777 274 XIII.

264 311 432 354 cationis
447 313 669 362 exponatur
700 307 961 350 incommodis
979 333 991 354 ,
1025 309 1227 358 paternis,
1260 309 1297 347 &

263 368 449 412 sollicitis
466 366 600 408 studiis
621 366 871 409 intendentes
886 392 900 414 ,
930 364 1014 419 post
1028 363 1295 405 deliberatio-

265 442 358 471 nem
371 456 384 476 ,
415 439 535 481 quam
577 425 628 466 de
660 421 908 480 praeficiendo
939 421 1072 464 eidem
1106 423 1293 464 Ecclefiae

264 486 472 541 personam
498 483 662 533 utilem,
692 481 878 524 ac.etiam
893 477 1135 521 fructuosam
1154 507 1168 528 ,
1202 495 1291 522 cum

265 542 576 585 venerabilibus
601 541 805 582 Fratribus
831 537 980 581 Nostris
1000 541 1039 579 S.
1062 540 1113 579 R.
1132 540 1179 579 E.
1197 542 1298 580 Car-

264 601 467 642 dinalibus
483 597 686 643 habuimus
701 595 937 651 diligentem
952 626 968 647 ,
993 596 1155 638 demum
1170 597 1220 638 ad
1237 600 1297 640 Te

264 656 722 712 PresbyterumOrdinis
740 656 866 696 saneti
891 654 1080 696 francisci
1109 656 1291 711 Capuci-

264 730 407 760 norum
425 726 738 770 nuncupatorum
756 713 940 767 expresse
959 711 1175 766 professum
1191 743 1205 764 ,
1237 713 1290 756 de

264 775 446 830 legitimo
463 772 741 821 Matrimonia,
763 785 811 812 ex
827 772 1052 813 Catholicis
1066 802 1081 822 ,
1106 775 1143 813 &
1165 773 1291 814 hone-

263 834 324 875 stis
338 831 568 886 parentibus
582 832 621 872 in
638 830 809 872 Dioecefi
828 828 1077 872 Gandavenfi
1092 842 1291 880 ortum,ac

262 889 301 934 in
316 888 552 944 sexagesimo
567 890 606 929 δι’.
621 887 725 930 ultra
743 898 817 930 tuae
832 889 956 930 aetatis
974 902 1078 929 anno
1089 919 1103 939 ,
1117 892 1156 931 δι
1172 890 1191 930 a
1209 889 1296 944 plu-

260 951 365 993 ribus
387 949 495 990 annis
511 949 548 989 in
566 945 673 988 sacro
693 949 1000 1000 presbyteratus
1014 948 1169 990 Ordine
1198 962 1295 988 con-

258 1009 451 1057 stitutum,
463 1007 528 1063 qui
546 1005 668 1046 fidem
685 1005 943 1047 Catholicam
956 1004 1066 1063 juxta
1082 1006 1292 1048 Articulos

259 1067 341 1124 jam
365 1065 554 1120 pridema
576 1063 681 1106 Sede
708 1062 936 1119 Apostolica
964 1067 1186 1119 propositos
1221 1078 1292 1106 ex-

260 1125 394 1181 presse
411 1121 598 1179 professus
612 1137 654 1164 es
668 1153 683 1174 ,
716 1123 861 1177 cuique
879 1122 982 1178 apud
1004 1127 1088 1165 Nos
1103 1123 1156 1166 de
1174 1123 1292 1166 Reli-

259 1183 385 1238 gionis
401 1181 507 1226 Zelo
524 1211 537 1233 ,
555 1181 642 1224 vitae
661 1180 851 1223 munditia
864 1210 876 1231 ,
893 1181 1097 1224 honestate
1118 1196 1289 1233 morum,

256 1240 516 1296 spiritualium
535 1240 793 1294 providentia
807 1270 822 1290 ,
853 1240 1191 1295 &temporalium
1208 1241 1286 1281 cir-

258 1300 576 1352 cumspestione,
608 1299 774 1352 aliisque
793 1297 1063 1352 multiplicum
1084 1301 1283 1342 virtutum

256 1356 368 1398 donis
383 1385 396 1406 ,
428 1356 507 1397 fide
524 1357 645 1410 digna
661 1357 880 1398 testimonia
901 1357 1201 1411 perhibentur,
1221 1356 1282 1398 di-

254 1415 430 1456 reximus
445 1415 584 1455 oculos
600 1415 734 1457 nostrae
750 1413 895 1455 mentis
911 1414 1078 1468 :quibus
1095 1415 1279 1457 omnibus

252 1472 390 1514 debita
419 1473 679 1525 meditatione
703 1472 900 1525 pensatis,
938 1473 996 1512 Te
1023 1471 1043 1511 a
1074 1471 1276 1525 quibusvis

251 1530 676 1571 excommunicationis
692 1559 704 1580 ‚
717 1527 1036 1581 suspensionis,&
1056 1529 1275 1579 interdisti,

249 1586 414 1642 aliisque
433 1586 710 1629 Eccletiasticis
732 1586 940 1628 sententiis
954 1615 967 1636 ,
999 1585 1175 1629 censuris
1191 1618 1205 1638 ,
1238 1590 1277 1629 &

250 1648 379 1702 poenis
395 1675 408 1696 ,
436 1647 462 1686 fi
476 1646 616 1698 quibus
627 1644 939 1699 quomodolibet
959 1644 1171 1686 innodatus
1190 1648 1276 1687 exi-

253 1704 315 1746 stis
331 1731 344 1752 ,
375 1703 423 1745 ad
458 1702 640 1743 effestum
676 1700 920 1755 praesentium
958 1701 1114 1742 tantum
1139 1701 1276 1746 conse-

253 1761 486 1816 quendum,
520 1760 657 1800 harum
675 1758 774 1800 serie
796 1758 1073 1810 absolventes,
1100 1762 1140 1800 δε
1167 1761 1276 1803 abso·

254 1820 383 1861 lutum
429 1816 517 1859 fore
559 1817 768 1860 censentes
783 1846 796 1867 ,
828 1818 1013 1858 Ecclefiae
1061 1819 1280 1861 Tricalenst

254 1876 424 1932 praefatae
439 1877 489 1918 de
506 1876 674 1918 Persona
702 1889 799 1923 tua,
827 1877 954 1916 Nobis
981 1906 996 1925 ,
1027 1879 1066 1918 &
1098 1877 1279 1921 eisdem,

207 1952 211 1957 ·
254 1934 464 1977 Fratribus
490 1933 652 1984 nostris,
682 1937 732 1974 ob
755 1935 1178 1987 tuorum-exigentiam
1205 1951 1280 1978 me.

254 1993 426 2034 ritorum
441 1987 630 2044 accepta,
663 1990 715 2032 de
735 1994 920 2033 Fratrum
935 1993 1159 2034 eorundem
1183 2009 1279 2035 enn-

254 2049 360 2099 filio‚
391 2048 618 2103 Apostolica
638 2051 886 2091 Auctoritate-
902 2051 1157 2104 providemus
1173 2082 1185 2101 ‚
1203 2055 1285 2094 Te-

254 2121 332 2165 que
355 2107 412 2148 illi
431 2108 468 2148 in
487 2107 725 2162 Episcopum
740 2107 995 2163 praeficimus',
1010 2110 1049 2149 &
1067 2111 1282 2161 Pastorem,

254 2179 389 2208 curam
406 2195 418 2216 ‚
448 2167 487 2206 &
504 2168 684 2221 regimen
700 2195 713 2217 ,
727 2168 766 2207 &
778 2167 1155 2210 administrationem
1170 2170 1282 2226 ipsius

254 2223 440 2276 Ecclesiae
468 2225 729 2268 Triclacenfis
747 2226 838 2266 Tibi
853 2226 892 2267 in
912 2226 1180 2280 spiritualibus
1201 2258 1214 2278 ,
1244 2231 1282 2269 &

251 2281 544 2337 temporalibus
581 2284 765 2338 plenarie
795 2286 1089 2329 committendo
1117 2287 1153 2327 in
1184 2285 1280 2338 illo,

253 2341 318 2395 qui
332 2342 402 2383 dat
416 2343 627 2395 gratiam&
642 2343 806 2398 largitur
822 2346 993 2398 praemia,
1010 2343 1279 2396 confidentes,

255 2399 361 2453 quod
388 2399 591 2453 dirigente
618 2403 792 2443 Domino
817 2405 920 2444 aetus
936 2414 1054 2453 tuos,
1086 2402 1278 2457 praefata„

251 2455 430 2499 Ecclessa
449 2458 684 2500 Tricaleniis
699 2457 767 2501 sub
784 2473 853 2502 tuo
869 2460 976 2503 felici
993 2463 1190 2514 gubernio
1216 2476 1278 2502 re-

253 2525 369 2569 gatur
387 2515 543 2555 utiliter
558 2542 572 2564 ,
603 2518 640 2556 &
659 2519 846 2571 prospere
863 2518 1088 2570 dirigatur,
1103 2532 1147 2559 ac
1164 2529 1276 2573 grata

251 2574 290 2613 in
306 2571 454 2613 eisdem
470 2571 739 2628 spiritualibus
757 2601 772 2623 ‚
802 2576 1141 2629 &temporalibus
1168 2577 1277 2619 susci.

250 2631 332 2686 piat
374 2630 620 2688 incrementa
636 2659 646 2670 .
687 2635 828 2687 jugum
863 2634 980 2689 igitur
1014 2635 1171 2675 Domini
1201 2636 1277 2677 tuis

251 2687 474 2743 impositum
499 2689 673 2730 humeris
703 2702 886 2745 prompta
915 2692 1136 2734 devotione
1161 2692 1279 2736 susci-

250 2748 392 2802 pienS,
426 2761 560 2788 curam
578 2776 590 2797 ,
619 2749 1051 2792 &administrationem
1079 2750 1278 2807 praefatam

249 2804 300 2846 fic
316 2814 508 2846 exercere
526 2804 679 2847 studeas
695 2807 868 2849 sollicite
884 2838 896 2859 ,
912 2808 1112 2860 fideliter,
1131 2813 1170 2851 &
1185 2825 1278 2867 pru-

249 2865 424 2912 denter,
455 2863 562 2918 quod
592 2865 764 2907 Ecclesia
794 2865 870 2920 ipsa
901 2868 1136 2910 Tricalenfis
1180 2885 1277 2925 gau-

247 2921 343 2962 deat
371 2922 641 2962 Gubernatori
668 2925 864 2976 provido,
894 2926 933 2965 &
964 2924 1274 2970 administratori

246 2977 446 3021 fructuoso
459 2979 497 3020 se
514 2979 780 3032 commissam,
809 2983 953 3037 Tuque
969 2996 1109 3037 praeter
1124 2997 1277 3029 aeternae

243 3037 519 3079 retributionis
532 3040 751 3092 praemium,
768 3041 964 3092 Nostram,
978 3044 1017 3082 ὃ(
1033 3044 1142 3084 dieta·
1159 3045 1275 3087 Sedis

244 3095 566 3138 benedictionem
592 3124 606 3146 ,
645 3099 684 3137 ὅτ.
730 3099 900 3153 gratiam
931 3100 1081 3143 exinde
1113 3102 1273 3145 uberius

243 3153 428 3209 consequi
442 3155 634 3205 merearis
653 3183 664 3196 .
697 3160 780 3199 Nos
802 3159 907 3199 enim
924 3160 972 3201 ad
989 3174 1034 3200 ea
1050 3188 1063 3210 ,
1094 3175 1178 3216 quae
1201 3162 1269 3205 in-‚

244 3221 317 3254 tuae
358 3213 659 3255 commoditatis
701 3227 986 3271 argumentum
1029 3218 1176 3261 cedere
1206 3233 1271 3262 va-

240 3271 364 3320 leant,
382 3269 661 3314 favorabiliter
675 3271 949 3326 intendentes,
967 3277 1122 3326 Tibi,ut
1138 3277 1156 3318 a
1171 3293 1271 3333 quo-

241 3342 423 3384 cunque,
455 3344 574 3385 quem
590 3330 768 3375 volueris
785 3362 797 3383 ,
813 3335 1032 3376 Catholico
1046 3336 1269 3380 Antistite)

239 3388 436 3440 gratiam,
467 3391 868 3434 &Communionem
896 3392 1010 3433 Sedis
1038 3394 1270 3448 Apostolicae

238 3446 416 3486 habente
427 3476 442 3496 ,
457 3448 593 3488 accitis
606 3449 696 3489 &in
715 3451 790 3492 hoc
809 3450 876 3492 sibi
893 3449 1152 3494 assistentibus
1166 3451 1268 3496 duo-

239 3504 308 3545 bus
327 3532 341 3554 ,
374 3505 436 3545 vel
465 3504 588 3546 tribus
614 3508 702 3548 aliis
731 3509 959 3551 Catholicis
985 3511 1266 3565 Archiepisco-

237 3563 296 3617 pis
314 3590 327 3611 ,
360 3562 422 3603 vel
441 3562 641 3622 Episcopis
657 3593 670 3614 ,
701 3568 868 3610 similem
883 3570 1051 3622 gratiam
1068 3596 1081 3617 ,
1094 3571 1131 3609 δε
1146 3573 1263 3611 Com.

238 3620 471 3661 munionem
488 3622 752 3677 habentibus,
785 3640 920 3667 munus
939 3628 1262 3669 Consecrationis

238 3679 565 3732 reciperelibere
583 3681 735 3734 valeas,
759 3698 812 3731 ,ac
829 3685 964 3728 eidem
981 3685 1163 3727 Antistiti
1184 3714 1197 3736 ,
1226 3695 1268 3728 ut

235 3748 403 3796 recepto
423 3738 531 3795 prius
555 3741 576 3781 a
603 3742 662 3783 Te
677 3769 691 3792 ,
719 3743 893 3798 Nostro,
923 3745 962 3787 ὃς
979 3746 1173 3804 ¹Rotnanae
1189 3747 1269 3801 Ecg

2184 207 2323 271 161

1359 304 1483 347 clesiae
1496 306 1662 344 nomine
1681 302 1888 344 fidelitatis
1903 305 2049 348 debitae
2063 307 2180 350 solito
2195 309 2398 363 jurantem
2439 336 2441 340 ψ

1358 375 1403 404 to
1428 362 1536 415 juxta
1568 355 1735 402 formam
1750 390 1763 412 ‚
1795 376 1913 415 quam
1930 362 1996 403 sub
2014 366 2126 408 Bulla
2146 366 2287 408 Nostra
2306 365 2396 407 sub·
2416 404 2442 415 ,7
2463 397 2466 401 .

1356 421 1555 462 mittimus
1586 417 1877 469 introclusam,
1909 435 2052 463 munus
2078 425 2200 478 ipsum
2232 425 2303 466 tibi
2323 426 2397 464 im-
2448 436 2451 439 ·

1354 477 1536 536 pendere
1558 477 1671 518 licite
1699 476 1813 531 poffit
1830 506 1843 528 ,
1872 476 2108 520 facultatem
2132 482 2414 530 concedimus

1359 552 1433 594 per
1449 535 1658 589 praesentes
1676 565 1686 575 .
1721 536 1918 576 Volumus
1933 547 2067 577 autem
2082 566 2094 587 ,
2110 539 2148 578 δε
2163 539 2265 580 dicta
2282 542 2396 593 Apo—

1361 596 1500 638 stolica
1530 594 1784 635 Auctoritate
1811 595 2016 636 statuimus
2030 623 2043 644 ,
2062 606 2193 650 ›atque
2207 596 2396 637 decerni·

1352 667 1463 704 mus,
1495 651 1605 707 quod
1621 681 1633 702 ‚
1662 651 1729 693 nifi
1747 664 1919 707 recepto
1933 654 1952 693 εἰ
1971 654 2030 694 Te
2045 667 2116 707 per
2133 652 2255 708 ipsum
2279 657 2394 696 Anti-

1352 711 1483 754 ssitem
1510 710 1736 762 juramento
1757 711 1945 764 praesato,
1974 711 2081 752 idem
2114 711 2287 753 Antistes
2303 728 2395 753 mu-

1355 785 1426 812 nus
1444 769 1568 825 ipsum
1585 770 1656 810 tibi
1672 770 1932 824 impendere,
1946 771 1984 809 &
2002 771 2061 810 Tu
2077 770 2175 811 illud
2192 769 2393 823 suscipere

1354 829 1513 870 temere
1528 827 1853 882 praesumpseritis
1873 858 1888 879 ,
1920 826 2028 868 idem
2045 829 2220 869 Antistes
2250 829 2270 867 a
2287 832 2393 869 Pon-

1359 886 1517 930 tificalis
1535 886 1664 929 Officii
1680 887 1881 928 exercitio
1898 914 1912 936 ,
1943 887 1982 925 &
2010 897 2090 927 tam
2110 888 2169 927 Tu
2188 916 2202 934 ,
2234 886 2392 939 quam.›

1358 946 1440 1001 ipse
1468 946 1487 986 ἑ
1516 947 1738 1002 regimine,
1768 947 1808 986 &
1837 944 2180 988 administratione
2209 954 2292 983 tam
2317 943 2393 996 spi-

1353 1003 1587 1056 ritualium,
1617 1005 1734 1059 quam
1768 1002 2056 1059 temporalium
2082 1000 2391 1044 Ecclefiarum.)

1354 1063 1572 1105 vestrarum
1600 1062 1763 1117 suspenfi
1784 1062 1860 1104 fitis
1876 1060 2031 1116 eo-ipso
2046 1075 2057 1102 :
2074 1074 2118 1101 ac
2137 1060 2259 1101 etiam
2277 1061 2392 1101 volu-

1355 1136 1465 1172 mus,
1492 1123 1598 1177 quod
1615 1119 1785 1161 formam
1801 1120 2018 1175 juramenti
2034 1117 2257 1169 hujusmodi
2279 1121 2299 1160 ἐι
2330 1121 2391 1161 Te

1352 1190 1447 1222 tunc
1465 1180 1619 1235 praestiti
1633 1206 1647 1228 ‚
1684 1180 1811 1221 Nobis
1826 1180 1877 1223 de
1893 1178 2031 1222 Verbo
2048 1177 2098 1219 ad
2116 1178 2299 1218 Verbum
2316 1192 2390 1232 per

1349 1249 1438 1280 tuas
1459 1248 1646 1293 patentes
1662 1238 1802 1280 literas
1818 1268 1831 1288 ,
1858 1249 1929 1281 tuo
1945 1236 2072 1292 sigillo
2087 1237 2285 1287 munitas,
2318 1250 2390 1289 per

1347 1298 1552 1352 proprium
1571 1298 1769 1347 nuntium,
1785 1297 1939 1353 quanto
1953 1296 2070 1336 citius
2086 1294 2282 1336 destinare
2296 1308 2392 1348 pro·

1345 1369 1463 1396 cures
1490 1369 1502 1396 :
1528 1354 1735 1414 Qodque
1768 1370 1840 1409 per
1874 1357 1949 1397 hoc
1979 1353 2215 1395 Venerabili
2255 1353 2388 1395 Fratri

1345 1414 1492 1454 Nostro
1519 1414 1840 1468 Archiepiscopo
1868 1410 2072 1456 Lariffensi
2105 1439 2118 1460 ,
2158 1411 2223 1452 cui
2250 1411 2390 1451 dieta,

1343 1469 1520 1509 Ecclesia
1546 1470 1784 1511 Tricalenfis
1813 1471 2089 1523 Metropolico
2116 1468 2204 1523 jure
2231 1465 2388 1509 subesse

1340 1525 1617 1578 dignoscitur,
1652 1528 1861 1569 nullumin
1879 1527 2078 1581 posterum
2106 1525 2386 1582 praejudicium

1339 1597 1562 1637 generetur
1580 1599 1591 1625 :
1607 1587 1818 1640 &insuper
1839 1586 1994 1634 Tibi,ut
2009 1587 2058 1629 ad
2075 1584 2221 1626 dietam
2238 1584 2388 1627 Eccle-

1340 1643 1431 1681 siam
1449 1642 1727 1684 Tricalensem
1742 1670 1756 1692 ,
1783 1642 1971 1698 quamdiu
1988 1642 2058 1684 illa
2089 1643 2137 1682 ab
2154 1641 2382 1684 infidelibus

1340 1697 1597 1742 detinebitur
1613 1729 1626 1751 ,
1655 1700 1856 1742 accedere
1870 1728 1884 1750 ,
1916 1702 1953 1741 &
1969 1699 2072 1752 apud
2089 1712 2178 1739 eam
2195 1698 2384 1753 persona-

1342 1755 1438 1797 liter
1451 1757 1648 1808 relidere,
1665 1760 1831 1799 minime
1850 1759 2039 1808 tenearis,
2055 1755 2161 1800 dieta
2182 1756 2386 1809 Apostoli-

1341 1813 1388 1855 cfi
1409 1818 1659 1858 Austoritate
1676 1846 1689 1867 ,
1723 1817 1773 1858 de
1792 1816 1973 1871 specialis
1990 1815 2099 1857 dono
2128 1818 2287 1870 gratiae,
2321 1826 2385 1857 te·-

1341 1886 1443 1914 nore
1471 1876 1718 1928 praesentium
1739 1875 2017 1927 indulgemus.
2058 1873 2260 1915 Caeterum
2293 1873 2383 1927 spe-

1342 1942 1478 1973 rantes
1493 1962 1506 1984 ,
1538 1934 1641 1988 quod
1663 1936 1751 1984 Tu,
1786 1933 1883 1974 licet
1902 1936 2050 1974 Doc‘tor
2071 1946 2155 1973 non
2177 1931 2222 1972 sis
2243 1959 2256 1981 ,
2291 1933 2382 1986 quia

1347 1999 1481 2032 tamen
1509 1990 1751 2046 prudentia,
1783 1992 1819 2032 &
1849 1989 2062 2031 sufficienti
2090 1989 2266 2030 doctrina
2284 2003 2383 2044 prae-

1345 2047 1451 2090 ditus
1468 2064 1535 2100 es,
1563 2050 1611 2092 ad
1636 2051 1733 2092 alios
1752 2048 1984 2091 docendum
1998 2058 2112 2102 aptus
2131 2048 2260 2089 existis
2275 2074 2288 2096 ,
2322 2050 2382 2090 ei-

1345 2106 1438 2148 dem
1469 2107 1650 2150 Ecclesiae
1677 2107 1896 2150 Tricalenfi
1920 2106 1997 2155 effe
2011 2108 2163 2161 poteris
2181 2106 2382 2162 multipli-

1344 2166 1446 2207 citer
1462 2166 1705 2217 fructuosus,
1732 2171 1848 2209 Motu
1864 2167 2054 2219 propriO,
2081 2179 2157 2205 non
2175 2165 2223 2205 ad
2242 2175 2379 2216 tuam,

1347 2225 1410 2266 vel
1427 2225 1594 2267 alterius
1612 2240 1684 2278 pro
1698 2237 1739 2267 te
1759 2226 1886 2267 Nobis
1903 2223 2019 2279 super
2035 2226 2112 2264 hoc
2138 2223 2280 2265 oblatae
2311 2238 2380 2279 pe-

1343 2285 1495 2325 titionis
1525 2285 1775 2334 instantiam,
1808 2284 1873 2325 sed
1903 2297 1951 2325 ex
1977 2293 2087 2324 certa
2105 2280 2297 2331 scientia,
2331 2296 2378 2323 ac

1341 2353 1499 2384 matura
1514 2343 1813 2384 deliberatione
1826 2372 1840 2392 ,
1872 2345 1956 2384 Nos
1978 2343 2131 2382 Tecum
2146 2371 2161 2391 ,
2177 2351 2220 2382 ut
2241 2339 2378 2381 eidem

1343 2401 1528 2441 Ecclestae
1547 2401 1761 2442 Tricalenfi
1779 2402 1818 2440 in
1837 2399 2077 2454 Episcopum
2099 2398 2241 2453 praefici
2259 2429 2273 2448 ,
2297 2399 2376 2439 illi-

1339 2471 1419 2511 que
1445 2456 1604 2512 praeeffe
1634 2486 1647 2507 ‚
1681 2458 1880 2511 ipsamque
1914 2457 2128 2498 Ecclesiam
2166 2457 2377 2498 Tricalen-

1341 2514 1418 2556 sem
1443 2515 1479 2556 in
1503 2516 1652 2556 eisdem
1681 2515 1981 2570 spiritualibus,
2019 2516 2056 2555 ὃς
2086 2515 2375 2569 temporalibus

1341 2586 1481 2626 regere
1497 2601 1511 2623 ,
1537 2575 1576 2614 &
1590 2575 1816 2628 gubernare
1832 2602 1846 2624 ,
1877 2587 1920 2613 ac
1939 2587 2083 2614 munus
2101 2572 2369 2627 praedictum.)

1341 2630 1535 2686 suscipere
1558 2661 1571 2683 ,
1602 2634 1638 2673 &
1666 2634 1736 2674 illo
1758 2635 1815 2674 uti
1844 2632 1968 2672 libere
1986 2659 1998 2680 ,
2025 2631 2194 2671 &licite
2213 2630 2374 2682 valeas,

1340 2689 1504 2732 deseftu
1517 2690 1660 2745 gradus
1679 2689 1932 2742 hujusmodi,
1960 2704 2006 2730 ac
2030 2688 2232 2743 quibusvis
2259 2692 2376 2731 Con-

1340 2748 1609 2791 stitutionibus
1637 2776 1650 2799 ,
1681 2751 1721 2790 &
1740 2746 2076 2790 ordinationibus
2106 2747 2374 2801 Apostolicis,

1339 2806 1529 2862 distaeque
1545 2809 1731 2850 Ecclestae
1749 2806 1988 2850 Tricalensts
2002 2834 2016 2855 ,
2031 2806 2154 2847 etiam
2171 2804 2375 2860 juramen-

1338 2875 1408 2916 to,
1439 2865 1744 2918 confirmatione
1759 2865 1988 2923 Apostolica
2009 2892 2022 2916 ,
2050 2864 2113 2906 vel
2146 2865 2281 2920 quavis
2309 2863 2374 2906 fir-

1342 2925 1482 2965 mitate
1510 2926 1583 2966 alia
1610 2927 1806 2967 roboratis
1835 2923 2012 2973 statutis,
2045 2925 2084 2964 &
2113 2920 2372 2965 consuetudi-

1340 2983 1411 3024 bus
1435 3011 1448 3032 ,
1480 2982 1712 3039 caeterisque
1756 2983 1968 3028 contrariis
2012 2995 2267 3037 nequaquam
2297 2983 2373 3024 ob·-

1338 3041 1524 3083 stantibus
1558 3072 1573 3092 ,
1614 3045 1857 3086 austoritate
1888 3070 1901 3092 ,
1932 3042 1971 3081 &
2000 3050 2145 3082 tenore
2172 3040 2370 3095 praemissis

1335 3100 1387 3140 de
1405 3098 1535 3142 similis
1553 3101 1662 3142 dono
1688 3104 1821 3158 gratiae
1838 3098 2104 3154 dispensamus
2121 3127 2131 3138 .
2167 3102 2369 3140 Praeterea

1327 3160 1454 3200 etiam
1466 3159 1785 3216 .volumus,quod
1802 3162 1883 3209 Tu,
1898 3157 2099 3213 postquam
2116 3170 2255 3196 munus
2272 3169 2371 3208 prae-

1332 3216 1481 3259 ἀίέὶιιη]
1508 3219 1720 3273 susceperis
1743 3248 1756 3270 ,
1796 3218 1845 3259 ad
1879 3218 1954 3257 hoc
1977 3243 1990 3265 ,
2015 3225 2059 3255 ut
2084 3214 2234 3255 diletsto
2263 3214 2368 3256 Filio

1332 3276 1479 3318 Nostro
1509 3276 1669 3319 Thomae
1695 3307 1715 3330 „
1736 3281 1775 3319 S.
1797 3278 1847 3318 R.
1867 3278 1912 3316 E.
1934 3274 2185 3326 Presbytero
2213 3272 2367 3313 Cardi-

1332 3334 1409 3376 nali
1438 3334 1491 3376 de
1509 3333 1667 3377 Alsatia
1691 3332 1890 3380 detssussu
1907 3341 2134 3385 nuncupato
2152 3359 2166 3380 ‚
2198 3330 2367 3379 moder-

1331 3407 1381 3434 no
1407 3393 1722 3449 Archiepiscopo
1747 3390 2023 3433 Mechliniensi
2060 3388 2208 3430 auxilio
2250 3387 2366 3433 effe)

1326 3450 1470 3506 poffis,
1501 3453 1538 3493 &
1563 3451 1614 3496 de
1633 3452 1739 3494 illius
1759 3446 1974 3498 consensu,
2012 3448 2050 3489 in
2079 3447 2265 3489 Civitate
2283 3475 2296 3498 ,
2326 3450 2364 3490 ὃς

1329 3510 1488 3553 Diaecefi
1511 3510 1789 3553 Mechlinienst
1808 3508 1964 3548 tantum
1987 3505 2242 3549 pontificalia
2271 3507 2365 3548 offi-

1324 3568 1384 3610 cia
1399 3583 1594 3611 exercere
1612 3568 1743 3610 valeas
1759 3597 1774 3617 ,
1804 3567 1860 3607 ita
1876 3594 1888 3614 ,
1920 3575 1961 3606 ut
1985 3576 2181 3620 quatenus
2203 3566 2252 3606 ab
2284 3566 2369 3607 illis

1323 3625 1494 3670 discedas
1509 3656 1522 3680 ,
1552 3627 1601 3668 ad
1619 3626 1802 3669 Claustra
1820 3623 1954 3666 redire
1971 3625 2171 3672 tenearis,
2203 3623 2368 3678 assigna-

1331 3685 1438 3728 tione
1462 3690 1744 3728 trecento'rum
1762 3687 2013 3725 Ducatorum
2041 3684 2124 3724 auri
2143 3684 2194 3724 de
2212 3686 2363 3724 Came,

1326 3758 1372 3790 ra
1396 3744 1446 3790 ad
1459 3745 1517 3793 tui
1532 3741 1711 3789 favorem
1724 3743 1805 3801 jam
1820 3741 1921 3784 ἷᾶέὶᾶ
1935 3770 1948 3796 ,
1969 3756 2044 3798 pro
2062 3744 2360 3845 Tuipobngrua„

2163 3816 2183 3842 u
2218 3812 2305 3843 ten·-
