2658 4244
374 183 406 243 6

298 204 717 339 &RBANUS
750 280 982 342 'PAPA
1034 293 1235 342 v111.

440 413 509 452 Ad
521 422 753 474 perpetuam
773 422 834 460 rei
852 422 1074 463 memoriam
1088 449 1099 462 .

243 520 341 635 E
358 518 596 584 Xinjunt‘to
615 525 743 567 Nobis
759 528 979 582 Apostolici
1013 527 1187 569 muneris
1215 527 1288 569 de-

375 578 460 643 b.¹‘⁰
485 609 499 634 2
541 586 759 627 sacrarum
787 589 1077 642 Religionum,
1105 588 1145 627 &
1180 589 1287 628 COH-

244 641 581 701 gregationumin
600 644 779 698 Ecclesia
804 649 879 690 Dei
894 647 958 701 pie
973 674 986 696 ,
1021 642 1288 702 sanctequt.»

242 694 511 759 institutarum
542 697 777 756 prosperum
813 705 953 751 statum
981 733 994 755 ,
1041 703 1287 758 felicemque

242 750 512 818 direftionem
536 759 702 803 sinceris
737 762 1018 806 desiderantes
1046 761 1248 804 affectibus
1271 791 1288 813 ,

240 810 329 867 his,
356 826 442 868 quae
470 818 646 869 provide
666 818 768 862 fana
785 820 896 864 fuisse
915 822 1108 864 dicuntur
1122 848 1136 868 ,
1158 830 1200 863 ut
1217 817 1286 858 fir-

240 884 306 913 ma
332 877 532 926 perpetuo
548 906 562 928 ,
587 880 624 919 &
641 879 796 922 illibata
810 881 1013 936 persistant
1035 907 1050 928 ,
1078 878 1285 927 libenter,

238 928 336 995 dum
351 930 371 970 a
385 933 513 978 Nobis
528 939 682 991 petitur
695 969 710 993 ,
732 940 952 993 Apostolici
972 936 1197 980 muniminis
1215 935 1284 978 ad-

235 986 398 1045 jicimus
415 988 676 1046 firmitatem,
702 995 874 1051 aliasque
899 996 1075 1050 desuper
1102 993 1282 1048 ejusdem

236 1049 416 1090 muneris
444 1059 578 1102 partes
604 1054 924 1106 interponimus,
953 1063 1072 1107 prout
1088 1051 1282 1108 conspici-

235 1117 324 1147 mus
339 1105 377 1146 in
393 1108 570 1152 Domino
585 1110 801 1152 salubriter
816 1112 1013 1166 expedire
1028 1140 1039 1150 .
1073 1112 1179 1152 Cum
1205 1109 1282 1150 ita-

237 1176 317 1216 que
332 1190 346 1212 ,
377 1162 475 1206 ficut
495 1181 568 1220 pro
586 1179 700 1222 parte
717 1169 959 1214 dileetorum
975 1167 1172 1211 Filiorum
1199 1169 1282 1211 Mi-

235 1220 347 1262 nistri
363 1223 581 1266 Generalis
598 1255 611 1277 ,
635 1229 675 1267 &
692 1230 883 1272 Fratrum
897 1227 1061 1271 Ordinis
1077 1227 1283 1269 Minorum

235 1279 370 1322 Sancti
388 1281 587 1327 Francisci
604 1288 949 1342 Congregationis
975 1286 1281 1343 Capucinorum

235 1350 575 1395 nuncupatorum,
591 1345 721 1387 Nobis
738 1360 864 1402 nuper
878 1345 1100 1401 expolitum
1116 1342 1280 1400 fulbipst

235 1397 559 1462 Constitutiones
576 1417 650 1457 pro
668 1404 776 1447 bono
799 1405 911 1448 dictae
935 1404 1278 1459 Congregationis

233 1455 436 1509 regimine
451 1485 466 1508 ,
480 1458 518 1501 in
534 1462 719 1516 generali
736 1477 877 1506 eorum
893 1463 1088 1519 Capitulo
1100 1461 1179 1515 ‚de
1194 1463 1278 1503 An-

233 1528 290 1556 no
311 1527 481 1562 Moxxxv
492 1531 525 1558 1.
542 1519 749 1563 celebrato
765 1523 882 1565 saetas
899 1553 913 1572 ,
930 1537 976 1565 ac
992 1520 1279 1577 postmodum-e

233 1571 391 1614 insertis
419 1577 618 1619 nonnullis
646 1580 826 1622 Concilii
857 1580 1121 1630 Tridentini,
1165 1582 1278 1622 Sum-

230 1644 472 1685 morumque
489 1635 730 1678 Pontificum
762 1636 1095 1679 praedecessorum
1123 1636 1277 1679 nostro-

231 1703 322 1731 rum
339 1689 519 1735 decretis
536 1718 549 1740 ,
575 1707 659 1747 quae
675 1693 893 1737 necessarie>
907 1706 1023 1737 era-nt
1038 1693 1250 1737 inserenda
1263 1723 1278 1745 ,

230 1748 387 1788 iterum
404 1749 510 1802 typis
527 1750 659 1792 editas
676 1783 690 1803 ,
717 1767 820 1795 nunc
836 1754 972 1797 denuo
985 1767 1080 1796 cum
1097 1753 1282 1794 insertio-

232 1820 286 1848 ne
300 1809 576 1850 Decretorum
592 1811 612 1851 τὶ
633 1809 790 1854 sel-rec.
803 1812 1024 1856 Clemente
1040 1816 1145 1866 Papa
1162 1813 1284 1853 VIII-

231 1865 358 1906 etiam
374 1865 671 1910 Praedecessore
688 1870 845 1922 nostro,
873 1885 948 1927 pro
968 1870 1281 1914 Reformatione

232 1922 506 1976 Regularium
533 1925 584 1970 de
612 1930 734 1970 Anno
751 1940 943 1972 Moxctx.
970 1940 1281 1980 emanator-um,

233 1995 280 2025 ac
298 1979 319 2023 a
337 1983 486 2024 Vener.
502 1985 714 2029 Fratribus
735 1988 874 2030 nostris
890 1991 929 2029 S.
947 1989 999 2030 R.
1015 1991 1048 2030 E
1065 1987 1281 2031 ‚Cardina-

232 2039 339 2083 libus
356 2042 536 2084 Concilii
562 2044 718 2100 praefati
744 2047 1069 2101 interpretibus,
1094 2061 1142 2089 ex
1157 2060 1281 2101 pecu-

233 2098 328 2140 liari
345 2097 545 2142 facultate
565 2104 670 2154 ,illis
685 2104 890 2160 desupera
915 2105 1042 2148 Nobis
1070 2103 1280 2149 concessa..-

235 2157 543 2217 innovatorum,
575 2163 836 2219 propriisque
849 2194 864 2215 ,
883 2166 920 2205 ὃς
936 2166 1142 2220 perpetuis
1160 2165 1282 2207 Ordi-

231 2229 329 2257 num
345 2244 357 2266 ,
388 2217 427 2257 δε
453 2219 834 2277 Congregatlonum
874 2225 1147 2280 Regularium
1185 2239 1281 2280 qua-

232 2274 421 2316 rumdem
438 2275 594 2320 statutis
610 2308 623 2330 ,
637 2282 675 2321 δε
691 2281 1042 2325 constitutionibus
1054 2283 1194 2338 ,juxta
1212 2297 1282 2325 eo·

231 2332 418 2374 rumdem
438 2335 715 2381 Decretorum
729 2339 1027 2395 dis'pofltionem
1046 2342 1282 2389 inserendo-

232 2404 326 2455 rum
349 2389 574 2437 insertione
591 2425 604 2446 ,
637 2398 790 2448 latino,
818 2402 854 2440 8:
879 2400 1026 2442 Italico
1046 2401 1280 2444 idiomate)

233 2459 345 2503 typ1s
376 2450 570 2496 mandare
598 2456 812 2499 intendant
827 2469 844 2508 ·,
860 2459 941 2511 quo
960 2459 1059 2499 vero
1076 2460 1282 2502 Constitu-

235 2511 372 2551 tiones
401 2508 630 2563 hujusmodi
657 2514 807 2556 firmius
836 2516 1038 2560 subsistant
1052 2548 1067 2568 ,
1090 2517 1280 2561 exactius-

235 2581 313 2669 ἓυε
328 2564 595 2614 observentur
611 2601 624 2622 ,
652 2574 742 2615 illas
759 2573 1000 2627 Apostolicae
1013 2576 1155 2619 nostrae
1166 2581 1280 2620 Con-

268 2627 474 2691 rinationis
490 2630 642 2672 robore
656 2634 897 2675 communiri
913 2634 1140 2678 desiderent
1156 2666 1166 2676 .
1194 2640 1277 2678 Nos

234 2684 413 2749 Ministri
430 2687 650 2735 Generalis
667 2720 680 2742 ,
706 2693 745 2732 δι
775 2696 957 2735 Fratrum
982 2695 1277 2750 praefatorum-2

235 2740 444 2784 defideno
484 2745 709 2799 hujusmodi
748 2748 1031 2795 favorabiliter
1068 2769 1273 2806 annuere,

236 2799 422 2867 ipsosque
447 2801 683 2863 specialibus
713 2806 919 2854 favoribus
937 2841 948 2861 ‚
978 2814 1167 2868 &gratiis
1187 2829 1275 2868 pro-

234 2857 348 2916 scqu¹
364 2859 552 2926 volentes
567 2893 580 2915 ,
602 2867 642 2908 &
665 2882 804 2910 eorum
818 2870 1035 2925 singulares
1053 2874 1239 2926 personas
1255 2874 1275 2915 a

236 2917 443 2984 quibusvis
472 2926 902 2972 excommunicationis
930 2961 945 2981 ,
985 2930 1239 2983 suspenfionis
1262 2961 1275 2983 ,

237 2977 497 3044 &interdicti
514 3009 527 3031 ,
556 2982 721 3039 aliisque
737 2987 1021 3031 Ecclesiasticis
1036 2991 1244 3033 sententiis
1261 3018 1275 3041 ,

234 3034 416 3103 censuris
433 3066 448 3086 ,
464 3039 501 3077 &
515 3042 647 3095 poenis
662 3042 681 3083 ἐ
697 3042 787 3099 jure
805 3074 817 3095 ,
833 3047 897 3088 vel
914 3048 962 3089 ab
977 3050 1141 3092 homine
1156 3079 1168 3101 ,
1183 3063 1279 3104 qua-

235 3105 296 3137 vts
317 3095 555 3149 occasione,
588 3101 654 3142 vel
685 3104 797 3144 causa
824 3104 915 3147 latis
932 3135 944 3156 ,
972 3107 997 3148 si
1021 3110 1164 3162 quibus
1179 3122 1279 3163 quo-

235 3152 464 3196 modolibet
479 3155 681 3201 innodatae
695 3161 866 3204 existunt
882 3192 895 3214 ,
910 3164 959 3205 ad
977 3166 1163 3208 effeetum
1180 3158 1279 3221 pras-

234 3213 408 3260 sentium
436 3212 631 3260 duntaxat
657 3218 988 3276 consequendum
1021 3226 1161 3267 harum
1178 3225 1278 3268 serie

236 3271 513 3325 absolventes,
525 3277 565 3323 ὃς
578 3275 782 3321 absolutas
798 3277 885 3321 fore
902 3281 1110 3325 censentes
1127 3282 1275 3339 suppli·
1342 3317 1345 3322 .

238 3330 461 3374 cationibus
478 3360 491 3383 ,
507 3335 748 3378 eorumdem
776 3339 946 3381 Ministri
969 3342 1183 3384 Generalis
1199 3371 1211 3391 ,
1237 3345 1276 3384 &

236 3389 427 3455 fratrum
458 3394 620 3437 nomine
649 3396 777 3439 Nobis
803 3395 921 3453 super
952 3400 1029 3442 hoc
1069 3401 1274 3443 humiliter

236 3450 429 3499 porrectis
450 3449 655 3503 inclinati,
683 3453 737 3495 de
766 3456 1073 3500 Vener-abilium
1090 3461 1274 3501 Fratrum

237 3503 464 3570 nostrorum
484 3510 605 3573 etiam
635 3517 674 3555 S.
691 3515 747 3556 R.
765 3516 813 3555 E.
840 3516 1121 3560 Cardinalium
1150 3532 1276 3572 nego-

239 3572 304 3629 tus
321 3562 570 3628 regularium
598 3574 905 3626 praepositorum
933 3575 1138 3626 concilio,
1168 3579 1280 3619 Con-

234 3620 656 3687 stitutionespraef’atas
675 3657 688 3679 ,
713 3641 835 3682 prout
855 3633 1089 3688 conscripta:
1115 3633 1275 3697 jacent,

237 3693 329 3722 cum
372 3680 555 3744 omnibus
583 3713 596 3734 ,
633 3688 672 3726 δε
701 3687 860 3743 lingulis
892 3691 928 3733 in
956 3692 1036 3733 illis
1070 3695 1274 3736 contentis

235 3736 470 3798 Apostolica
487 3743 891 3801 austoritate2tenore
908 3751 1163 3810 praesentium
1182 3767 1275 3811 per-f

907 171 1068 258 Sub
1131 171 1448 261 ‘Urbano
1519 168 1612 257 V
1602 169 1731 256 III.

1355 286 1480 341 petuo
1504 285 1788 330 confirmamus
1802 316 1816 336 ,
1833 287 1873 327 δε
1885 287 2149 341 approbamus
2162 285 2391 344 ,illisques-

1354 355 1560 401 perpetuae
1577 374 1589 396 ,
1617 349 1654 389 &
1674 345 1918 389 inviolabilis
1935 344 2170 402 Apostolicae
2183 344 2385 389 firmitatis

1353 404 1478 446 robur
1493 403 1699 460 adjicimus
1720 433 1733 455 ,
1762 419 1807 446 ac
1823 419 1961 446 omnes
1978 435 1991 457 ,
2020 406 2058 445 &
2073 403 2244 458 fingulos
2268 414 2393 446 tarn-r

1350 460 1451 518 juris
1466 489 1479 512 ,
1506 464 1623 518 quam
1643 463 1733 505 facti
1749 464 1927 506 descetus
1948 493 1961 514 ,
1978 464 2001 505 fi
2017 463 2085 520 qui
2101 461 2270 516 desuper
2285 470 2393 516 quo-⁴

1348 521 1576 562 modolibet
1593 523 1952 573 intervenerint,in
1969 522 2118 564 eisdem
2132 519 2356 576 supplemus
2375 549 2387 560 .

1351 583 1633 624 Decernentes
1666 583 1754 624 illas
1770 611 1783 633 ,
1818 596 1973 624 necnon
2007 579 2216 637 praesentes
2250 578 2391 620 literas

1348 641 1555 693 perpetuo
1583 640 1762 691 validas,
1789 638 1946 691 firmas,
1975 641 2013 680 ὃς
2037 639 2222 682 efficaces
2246 637 2392 679 existe-

1349 710 1426 749 re,
1449 698 1489 737 ὃ(
1515 695 1601 740 fore
1616 727 1629 749 ,
1651 715 1696 742 ac
1723 700 1770 742 ab
1799 700 1981 741 omnibus
2014 698 2127 740 dictae
2150 700 2394 751 Congrega-

1348 754 1464 797 tionis
1481 758 1691 800 Fratribus
1708 772 1813 800 nunc
1830 786 1843 807 ,
1866 758 1904 799 8c
1921 772 1996 812 pro
2010 752 2392 812 tempore'existen-

1346 813 1757 857 tibusinviolabiliter
1770 814 1976 858 observari
1999 845 2012 867 ,
2035 816 2166 871 ficque
2180 828 2253 870 per
2270 811 2392 868 quos-

1346 883 1519 926 cumque
1539 873 1705 928 Judices
1730 874 1955 917 ordinarios
1974 904 1987 926 ,
2007 877 2057 916 -&
2073 873 2292 929 delegatos
2308 899 2322 922 ,
2350 872 2388 911 &

1344 927 1554 970 causarum
1596 931 1741 972 Palatii
1782 933 2004 986 Apostolici
2047 933 2273 976 Auditores
2294 959 2307 981 ,
2339 943 2387 970 ac

1344 989 1383 1027 S.
1400 988 1452 1028 R.
1472 990 1518 1028 E.
1536 987 1779 1030 Cardinales
1794 1016 1808 1038 ,
1833 991 1957 1031 etiam
1970 990 2023 1031 de
2039 991 2170 1033 latere
2188 994 2387 1044 Legatos,

1341 1043 1512 1100 judicari
1538 1075 1552 1095 ,
1573 1047 1610 1085 &
1637 1045 1996 1098 diffiniridebere,
2034 1062 2079 1089 ac
2110 1050 2268 1090 irritum
2295 1075 2309 1097 ,
2349 1047 2390 1086 δε

1342 1102 1458 1144 inane
1475 1132 1487 1154 ,
1499 1105 1526 1143 fi
1542 1102 1648 1144 secus
1662 1102 1780 1160 super
1798 1104 1856 1145 his
1871 1107 1891 1146 a
1907 1120 2106 1163 quoquam
2122 1134 2135 1156 ,
2157 1107 2297 1162 quavis
2313 1119 2392 1147 au·-

1345 1161 1535 1203 &oritate
1550 1189 1563 1211 ,
1590 1159 1791 1212 scienter,
1814 1163 1878 1204 vel
1896 1163 2133 1218 ignoranter
2160 1163 2388 1217 contigerit

1344 1221 1566 1262 attentari.
1600 1224 1694 1263 Non
1721 1219 1966 1263 obstantibus
1982 1223 2352 1265 Constitutionibus
2371 1247 2386 1270 ,

1341 1280 1381 1322 ὃς
1394 1278 1725 1322 Ordinationibus
1743 1280 1982 1334 Apostolicis
1997 1309 2011 1333 ,
2025 1282 2063 1322 &
2077 1280 2165 1322 aliis
2182 1279 2391 1337 quibusvis

1341 1339 1683 1391 Congregationis
1701 1365 1716 1388 ,
1739 1339 1782 1378 ,δε
1795 1337 1960 1380 Ordinis
1982 1339 2238 1395 praefatorum
2255 1339 2381 1380 etiam

1338 1393 1568 1451 juramento
1582 1425 1594 1448 ,
1609 1396 1918 1441 confirmatione
1934 1398 2181 1453 Apostolica,
2199 1395 2267 1439 vel
2282 1410 2385 1451 qua-

1339 1454 1397 1496 vis
1419 1452 1609 1498 firmitate
1624 1456 1702 1497 alia
1720 1457 1918 1498 roboratis
1947 1457 2099 1498 statutis
2116 1485 2128 1507 ,
2154 1458 2191 1498 &
2215 1452 2384 1497 consue-

1340 1512 1790 1570 tudinibus,privilegiis
1807 1514 2154 1571 quoque,indultis
2172 1543 2185 1566 ,
2199 1513 2382 1557 &literis

1340 1572 1581 1623 Apostolicis
1597 1572 1747 1614 eisdem
1766 1575 2019 1629 Congreg&
2031 1573 2382 1624 Ordini,illorum-

1338 1643 1418 1683 que
1445 1631 1728 1686 Superioribus
1743 1659 1757 1680 ,
1779 1634 1818 1673 δε
1831 1631 2002 1686 personis
2018 1661 2032 1681 ,
2059 1646 2104 1673 ac
2121 1633 2210 1673 aliis
2223 1628 2384 1687 quibus·

1341 1687 1399 1727 vis
1416 1688 1484 1729 sub
1499 1687 1811 1743 quibuscumque
1826 1691 2038 1731 tenoribus
2052 1717 2066 1739 ,
2088 1691 2128 1732 δε
2144 1688 2282 1731 formis
2297 1717 2312 1739 ,
2337 1702 2381 1730 ac

1342 1758 1432 1786 cum
1459 1746 1662 1801 quibusvis
1678 1745 1862 1789 clausulis
1877 1776 1891 1798 ,
1906 1748 1946 1787 ὃς
1962 1747 2146 1789 Decretis
2161 1748 2202 1789 in
2217 1757 2382 1788 contra-

1343 1803 1446 1846 rium
1470 1802 1780 1860 quomodolibet
1805 1804 2023 1857 concertis,
2051 1803 2296 1847 confirmatis
2311 1806 2383 1855 ὃς,

1343 1860 1557 1906 innovatis.
1573 1864 1733 1923 Qibus
1750 1865 1935 1907 omnibus
1951 1893 1965 1916 ,
1978 1864 2018 1904 &
2038 1862 2196 1917 lingulis
2211 1892 2225 1915 ,
2242 1863 2387 1906 etiam-

1343 1919 1367 1962 si
1386 1921 1637 1976 proilloruru
1661 1921 1871 1966 sufficienti
1900 1923 2169 1978 derogatione
2192 1922 2245 1963 de
2274 1922 2354 1964 illis
2369 1949 2386 1973 ,

1344 1993 1482 2021 eorum
1514 1995 1563 2023 ue
1582 1981 1677 2022 totis
1693 1982 1902 2025 tenoribus
1931 1979 2115 2036 specialis
2130 2009 2143 2031 ,
2169 1978 2352 2036 specifica
2367 2007 2384 2031 ,

1342 1995 1520 2094 expressa
1537 2069 1550 2091 ,
1577 2040 1618 2080 δε
1645 2039 1851 2085 individua
1867 2070 1881 2093 ³
1909 2054 1954 2083 ac
1969 2039 2022 2081 de
2043 2039 2181 2082 Verbo
2201 2038 2249 2080 ad
2276 2039 2387 2080 Ver-

1341 2097 1435 2140 bum
1450 2126 1464 2149 ,
1480 2112 1560 2140 non
1575 2107 1711 2141 autem
1724 2112 1799 2154 per
1813 2097 2011 2143 clausulas
2029 2097 2256 2153 generales,
2273 2097 2385 2138 idem

1343 2157 1606 2212 importantes
1622 2158 1775 2202 mentio
1790 2186 1804 2208 a
1830 2160 1895 2201 seu
1911 2157 2056 2215 quaevis
2079 2156 2156 2200 alia
2184 2153 2385 2212 expressio

1342 2215 1524 2258 habenda
1547 2245 1561 2267 ,
1588 2227 1657 2259 aut
1690 2217 1820 2274 aliqua
1849 2218 1927 2261 alia
1954 2214 2145 2270 exquisita
2170 2213 2296 2256 forma
2329 2212 2384 2254 ad

1342 2274 1418 2316 hoc
1461 2273 1656 2319 servanda
1685 2273 1789 2318 foret
1816 2304 1830 2328 ,
1877 2277 2040 2319 illorum
2083 2274 2259 2316 omnium
2290 2300 2302 2324 ,
2345 2273 2385 2312 δε

1342 2332 1586 2387 fingulorum
1631 2345 1793 2378 tenores
1838 2332 2095 2391 praesentibus
2153 2347 2226 2388 pro
2277 2329 2383 2372 suffi-

1341 2395 1501 2435 cienter
1522 2393 1710 2448 expreffis
1739 2423 1751 2445 ,
1779 2396 1819 2435 &
1845 2395 1894 2437 ad
1924 2392 2103 2437 Verbum
2130 2390 2287 2433 insertis
2315 2391 2386 2431 ha-

1343 2451 1482 2492 bentes
1502 2478 1515 2499 ,
1546 2453 1623 2494 illis
1650 2449 1747 2494 alias
1765 2456 1800 2495 in
1820 2450 1887 2495 sno
1915 2454 2059 2494 robore
2082 2449 2350 2506 permansuris
2366 2478 2382 2499 ,

1342 2510 1415 2550 hac
1441 2508 1531 2550 vice
1558 2510 1752 2553 duntaxat
1769 2511 1996 2567 specialiter
2013 2538 2026 2559 ‚
2054 2506 2292 2564 &expresse
2309 2507 2386 2548 de-

1340 2581 1526 2622 rogamus
1541 2597 1554 2619 ,
1575 2569 1802 2626 caeterisque
1817 2567 2028 2611 contrariis
2045 2565 2351 2623 quibuscunque
2373 2592 2387 2605 .

1340 2627 1536 2668 Volumus
1566 2639 1704 2670 autem
1720 2657 1733 2680 ,
1761 2640 1804 2671 ut
1822 2626 2071 2683 praesentium
2087 2623 2348 2679 transumptis
2365 2654 2385 2675 ,

1338 2687 1461 2727 etiam
1487 2685 1678 2740 impreffis
1693 2715 1707 2737 ,
1728 2702 1844 2730 manu
1865 2686 2026 2729 Notarii
2040 2684 2190 2740 publici
2212 2681 2384 2725 subscri-

1339 2743 1416 2797 ptis
1431 2772 1445 2794 ,
1473 2745 1512 2784 &
1525 2745 1652 2798 sigillo
1668 2745 1840 2800 personae
1855 2746 1891 2786 in
1908 2744 2111 2798 dignitate
2126 2740 2386 2783 Ecclesiasti-

1338 2816 1384 2844 ca
1401 2803 1623 2845 constitutae
1639 2804 1799 2845 munitis
1816 2832 1830 2855 ,
1853 2802 1999 2845 eadem
2014 2799 2174 2857 prorsus
2193 2799 2293 2842 fides
2312 2801 2382 2844 in..-

1337 2859 1488 2918 judicio
1505 2890 1517 2912 ,
1543 2863 1582 2902 &
1611 2873 1726 2904 extra
1760 2861 1861 2904 illud
1885 2861 2154 2912 adhibeatur,
2173 2873 2258 2916 quae
2288 2859 2377 2915 ipsis

1339 2916 1595 2975 praesentibus
1621 2921 1915 2971 adhiberetur,
1944 2920 1967 2962 fi
1998 2919 2133 2961 forent
2163 2918 2383 2969 exhibitae,

1340 2978 1405 3020 vel
1420 2978 1597 3020 ostensae.
1632 2982 1784 3021 Datum
1800 2979 1902 3034 apud
1921 2981 2108 3022 sanetum
2127 2980 2294 3021 Petrum
2310 2977 2382 3018 sub

1338 3037 1505 3079 Annulo
1516 3038 1728 3080 Piscatoris
1744 3039 1820 3080 Die
1835 3041 2372 3080 xxtv.Mart·Mncxxxv111.

1339 3094 1601 3142 pontificatus
1621 3098 1758 3144 Nostri
1773 3098 1894 3139 Anno
1911 3094 2251 3149 Decimoquinto.

1837 3177 1899 3219 M.
1935 3179 1986 3218 A.
2019 3173 2230 3217 Mar-aldus
2249 3202 2260 3214 .

1396 3270 1696 3327 Autographum
1711 3273 1753 3312 in
1763 3267 1881 3312 Arch.
1896 3268 2225 3310 secret.Brcvium
2240 3265 2373 3323 Apost-

1453 3329 1609 3385 Regesto
1635 3328 1777 3383 Mensis
1804 3329 1951 3370 Martii
1986 3327 2035 3367 16
2037 3327 2105 3377 38.
2124 3323 2204 3381 fol.
2234 3337 2300 3373 55.
2335 3327 2379 3366 de

1452 3403 1527 3443 quo
1553 3393 1676 3431 Breve
1690 3386 1917 3445 formatum
1937 3389 1979 3425 in
2003 3383 2174 3426 Archiae
2199 3382 2378 3439 general?

1454 3449 1547 3491 Ord.
1567 3452 1669 3492 Tom.
1684 3449 1737 3490 H.
1755 3457 1859 3488 num.
1882 3444 1973 3486 116.

1342 3600 1558 3651 Prohibet
1570 3635 1586 3658 ,
1611 3619 1666 3649 ne
1681 3599 1780 3665 quis
1797 3633 1812 3656 ,
1838 3616 2122 3665 quacumque
2138 3598 2379 3648 a‘utstorita·

1373 3671 1642 3743 tebpollcan
1670 3668 1830 3718 Libros
1847 3705 1862 3727 ,
1891 3672 2130 3736 quinterna
2150 3705 2165 3727 ,
2192 3684 2273 3718 aut
2310 3668 2378 3716 fo·

1370 3742 1460 3801 lia,
1491 3737 1588 3793 five
1604 3737 1807 3811 impressa
1824 3775 1840 3800 ,
1868 3737 1962 3791 five
1987 3738 2297 3850 manuscripffa·
2323 3755 2375 3787 ex

2179 3822 2231 3851 no
2267 3819 2318 3849 l'lS
