2658 4244
330 269 359 316 1
386 230 485 313 66

864 229 1026 322 sub
1088 232 1510 322 Innocentio
1571 224 1789 318 XIII.

263 353 388 397 turis.
419 349 618 392 Volumus
640 348 778 391 autem
797 350 813 401 'a
835 358 882 392 ut
907 348 1161 406 praesentium
1185 361 1299 393 tran·
1352 349 1463 409 Juliii
1493 359 1764 393 moccxxn,
1795 338 2058 388 Pontificatus
2093 339 2227 391 Nostri
2266 342 2385 397 Anno·

254 410 444 465 sumptis,
473 409 538 450 seu
570 408 795 467 exemplis,
815 408 939 452 etiam
965 409 1155 477 impreffis
1181 424 1298 451 manu
1357 407 1576 462 secundo,

260 467 429 524 alicujus
457 467 615 508 Notarii
642 466 794 522 publici
822 466 1048 524 subscriptis
1073 498 1088 519 ‚
1115 471 1155 510 &
1174 467 1301 523 sigillo

253 527 432 585 personae
456 526 495 566 in
526 526 797 568 Ecclefiastica
825 526 1025 581 dignitate
1040 527 1291 582 constitutae,

254 586 327 629 seu
353 584 633 627 procuratoris
669 585 883 634 Generalis
909 586 1005 628 dicti
1021 586 1187 628 Ordinis
1205 598 1293 625 mu-

255 645 386 694 nitis,
414 642 559 685 eadem
587 645 745 698 prorsus
777 642 878 686 fides
911 644 1180 701 adhibeatur,
1207 657 1294 698 quae

255 703 525 747 adhiberetur
540 701 626 758 ipfis
643 701 902 760 praesentibus
914 732 929 755 2
945 703 971 745 fi
983 703 1120 745 forent
1134 701 1294 747 exhibi-

256 772 337 814 tat,
367 761 433 804 vel
459 761 640 805 ostensae.
674 765 825 804 Datum
856 764 994 803 Romae
1021 761 1126 816 apud
1149 763 1298 804 S-Ma-

259 821 361 867 siam
374 819 576 878 Maiorem
590 820 660 868 sub
673 819 838 871 Annulo
852 819 1154 876 Piscatorileie
1173 831 1247 862 xxt
1260 831 1299 865 ι.

1814 525 1865 570 F.
1901 520 2020 566 card.
2051 521 2247 566 oliverius
2256 550 2270 563 .

1414 647 1634 698 Autograp.
1649 642 1690 685 in
1705 641 1826 685 Arcb.
1841 642 1984 683 Secret-
2015 641 2198 683 Brevium
2222 642 2283 696 Ap
2290 637 2394 697 ostol-

1469 702 1623 758 Regesto
1649 714 1687 743 2.
1713 699 1875 755 nivers?
1886 697 1966 757 fol.
1993 700 2147 755 533.de
2172 712 2246 753 quo
2274 702 2396 742 Breve

1459 761 1686 864 {ananam
1711 762 1754 804 in
1780 758 1901 802 Arch.
1921 770 2012 817 gen.
2041 759 2198 803 Ordinis
2222 760 2325 804 Tam.
2338 760 2417 818 Q

1061 945 1769 1011 NOTA;

261 1098 349 1184 U
361 1099 411 1154 T.
420 1095 572 1153 specialis
591 1094 695 1142 hujus
708 1095 832 1132 Brevis
850 1097 952 1132 decor
967 1093 1075 1138 magis
1083 1094 1217 1149 semper
1231 1090 1395 1126 emineret
1409 1111 1422 1131 ‚
1444 1087 1538 1146 illius
1549 1087 1728 1124 innovatio
1740 1086 1802 1124 hac
1815 1087 1892 1126 vIce
1903 1099 2030 1126 novam
2042 1090 2235 1148 patiebatur
2259 1101 2401 1131 contram

378 1145 562 1181 ὀιξὶιοιιεῐῃ
580 1168 594 1188 ,
618 1144 798 1187 excausa,
825 1142 921 1191 quod
949 1141 1122 1198 facultates
1144 1139 1298 1197 insertae,
1320 1137 1432 1174 forent
1453 1147 1557 1172 nimis
1584 1137 1729 1183 amplae,
1753 1137 1788 1172 8(
1811 1137 1935 1175 modus
1957 1139 2103 1184 Brevis,
2127 1150 2242 1178 contra
2274 1143 2401 1191 stylum

262 1196 380 1231 Curiae
395 1219 405 1229 .
434 1191 519 1230 lnde
532 1216 545 1235 ‚
571 1202 612 1233 ut
624 1191 730 1232 Ordo
746 1190 979 1230 Poffeffionem
993 1190 1172 1242 privilegii
1186 1195 1428 1228 manuteneret
1443 1209 1456 1231 ‚
1475 1185 1512 1223 S.
1525 1184 1804 1231 Congregatloni
1827 1185 1963 1236 ludulg.
1978 1186 2185 1238 supplicavit
2198 1213 2212 1235 ,
2240 1189 2402 1237 sequente

259 1243 395 1286 Libello
417 1239 563 1287 supplici
577 1264 591 1279 .

865 1287 1035 1332 Ordinis
1079 1289 1161 1335 FF.
1203 1286 1410 1330 Minorum
1454 1285 1789 1342 Capucinorum.

345 1398 542 1438 Rocurator
555 1396 738 1441 Generalis
750 1395 901 1434 Ordinis
911 1395 977 1434 FF.
991 1397 1174 1435 Mnorum
1191 1395 1446 1446 Capuclnorum
1458 1401 1733 1443 nuncupatorum
1758 1391 1934 1429 humiliter
1960 1393 2114 1443 exposuit
2135 1417 2149 1439 ,
2163 1393 2255 1441 quod
2272 1395 2313 1430 in
2327 1392 2408 1442 suis

361 1448 511 1499 Ecclestis
534 1447 630 1485 ultra
659 1447 797 1485 Montes
810 1445 916 1495 semel
947 1448 987 1482 in
1010 1446 1118 1483 Anno
1144 1469 1159 1490 ‚
1192 1445 1234 1481 de
1255 1444 1398 1486 licentia
1429 1444 1702 1480 Ordinariorum
1730 1440 1855 1478 Oratio
1879 1451 1937 1486 44³.
1966 1441 2128 1478 horarum
2151 1442 2190 1477 in
2216 1443 2285 1479 itui
2296 1440 2407 1490 solet,

261 1502 334 1550 qua
354 1498 513 1546 occasione
540 1494 824 1545 Chrssffidelibus
838 1493 1004 1541 praediftae
1030 1493 1198 1531 oration}
1222 1503 1282 1539 40.
1308 1490 1470 1532 horarum
1492 1489 1612 1528 devote
1634 1487 1908 1538 intereffentt’bus
1924 1514 1937 1534 ‚
1961 1491 2049 1528 San.
2060 1503 2155 1528 mem.
2202 1490 2324 1530 lemens
2340 1489 2408 1530 XI.

261 1545 524 1593 Indulgentiam
549 1543 740 1592 plenariam
767 1543 938 1592 conceffit‚
959 1552 998 1576 ac
1016 1542 1157 1591 insuper
1178 1538 1381 1589 facultatem
1407 1539 1502 1577 dedit
1530 1535 1749 1624 wassuriis
1769 1561 1783 1582 ,
1804 1539 1847 1573 ab
1861 1538 2069 1574 Ordinariis
2086 1538 2232 1576 locorum
2246 1540 2409 1587 approba-

1642 1599 1660 1622 a

263 1598 312 1638 555
323 1620 338 1640 ’
358 1592 554 1641 ahs⁰lv⁶nd3
567 1591 587 1628 ἃ
602 1591 811 1640 reservati&
836 1590 876 1630 itt
894 1590 1031 1638 plenius
1054 1592 1253 1630 continetur
1272 1590 1311 1623 in
1340 1586 1483 1631 ‘Brev1'‚
1512 1587 1601 1635 quod

1663 1596 1723 1624 tur
1737 1586 1926 1634 summario
1954 1597 2047 1623 num.
2068 1589 2195 1623 um'co.
2222 1588 2270 1623 vt
2295 1596 2408 1623 autem

266 1642 422 1684 uberiori
442 1641 653 1678 Animarum
663 1638 805 1685 fruffia,
832 1638 914 1673 adeo
931 1638 1028 1684 pium
1056 1649 1073 1672 o
1096 1650 1136 1672 us
1159 1635 1223 1671 FF.
1239 1634 1536 1682 supramemorati
1555 1635 1713 1682 prosequi
1736 1633 1880 1675 valeant
1899 1658 1914 1679 ,
1937 1634 2069 1684 Orator
2100 1635 2246 1687 ejusdem
2281 1635 2408 1674 Brevis

268 1689 527 1739 renovationem
548 1687 594 1724 ad
617 1685 715 1722 aliud
729 1685 950 1732 septennium
973 1683 1067 1720 humi
1081 1682 1159 1721 lim&
1173 1681 1338 1734 postulat.
1365 1681 1550 1735 Qritur
1574 1692 1654 1729 ergo
1671 1705 1684 1720 ·

317 1736 321 1738 ’
362 1735 428 1784 ,fin
452 1733 573 1776 ‘Breve
595 1733 640 1774 ad
664 1731 763 1773 aliud
779 1732 1000 1782 septennium
1021 1733 1186 1775 renovari
1211 1731 1360 1773 debeat?
1406 1734 1411 1737 ’

1007 1828 1675 1871 RESCRIPTUM.

366 1934 430 1974 Ad
448 1943 590 1972 mentem
607 1931 679 1971 tEt
690 1932 793 1971 Mens
804 1931 848 1983 est
860 1957 873 1978 ‚
898 1932 988 1982 quod
1002 1956 1015 1976 ,
1029 1930 1064 1979 st
1080 1932 1123 1967 ab
1143 1932 1286 1979 antiquo
1298 1937 1443 1978 tempore
1467 1928 1654 1965 habuerint
1669 1926 1872 1975 facultatem
1884 1924 2110 1976 absolvendi&
2122 1926 2332 1977 reservatis,
2352 1941 2410 1968 ea-

269 1985 345 2033 }dem
363 1983 580 2034 confirmetur
603 1993 613 2015 t
628 1981 681 2030 fin
703 1982 838 2025 rm’m‘ts,
867 1981 1074 2018 concedatur
1104 1979 1326 2027 Indulgentia
1351 1976 1511 2026 plenaria
1528 1974 1726 2024 simpliciter
1740 2000 1751 2010 .

368 2034 417 2070 lta
439 2031 517 2069 Sac.
540 2027 785 2074 Congregatio
807 2029 1102 2075 Indulgentiatum
1122 2027 1319 2076 respondit,
1341 2037 1442 2075 atque
1462 2023 1624 2072 rescripsit
1648 2023 1710 2060 sub
1736 2023 1792 2060 die
1823 2033 1876 2060 12.
1894 2023 1988 2074 Junii
2013 2033 2115 2068 ¹722·

367 2129 462 2166 Cum
486 2138 600 2165 autem
626 2127 791 2175 producta
807 2127 931 2165 fuerint
955 2129 1175 2169 Documenta
1200 2128 1310 2167 multa
1335 2150 1349 2170 ‚
1372 2125 1445 2162 imi>
1468 2123 1573 2161 multa
1596 2122 1720 2159 Brevia
1753 2121 1922 2166 formata,
1948 2123 1967 2157 ὲ
1991 2123 2098 2167 longo
2143 2132 2297 2173 tempore
2333 2125 2408 2161 dea·

271 2177 451 2226 septennio
467 2178 508 2214 ad
521 2176 732 2225 septennium
745 2177 892 2214 concessa
906 2189 918 2218 ;
931 2176 1006 2213 Sac.
1019 2176 1135 2214 eadem
1149 2173 1390 2222 congregatio
1402 2199 1416 2220 ‚
1429 2187 1468 2211 ac
1484 2171 1716 2213 Sanetiffimus
1731 2170 1905 2209 Dominus
1919 2171 2050 2211 Noster
2066 2173 2286 2211 Innocentius
2299 2172 2408 2213 Xlll.

273 2234 461 2268 annuerunt
488 2237 552 2272 pro
577 2226 683 2269 gratia
714 2228 748 2261 in
771 2226 929 2262 omnibus
954 2225 1022 2261 &c.
1143 2247 1145 2249 -

369 2275 452 2310 Alia
466 2275 507 2310 de
521 2274 583 2310 hac
596 2275 767 2312 Oratione
784 2299 799 2321 ,
811 2279 845 2311 δι
859 2274 1154 2313 Confefl'ariorum
1168 2275 1327 2313 facultate
1342 2274 1422 2313 vide
1434 2273 1496 2310 fol.
1514 2282 1572 2320 54.
1593 2271 1636 2314 (ς’
1649 2281 1710 2319 ςς.

274 2505 326 2553 F.
348 2501 572 2551 Carolum
590 2498 644 2548 de
661 2499 874 2567 Spinosa‚
905 2501 1158 2550 Provinciae
1185 2503 1314 2555 Flan-

309 2572 616 2639 drae-Belgicae
630 2568 876 2622 Professum
891 2607 906 2629 ,
929 2569 1134 2620 Ecclefiae
1156 2573 1314 2622 Trica-

307 2640 416 2694 lenfi
432 2644 475 2688 in
491 2638 763 2708 Episcopum
781 2641 966 2709 praeflcit
979 2679 994 2700 ,
1009 2661 1115 2691 cum
1130 2640 1316 2692 faculta-

311 2726 359 2761 te
389 2708 670 2831 Pontciliicalia
697 2713 744 2762 in
770 2712 969 2767 Dioecefi
997 2711 1312 2767 Mechlinienfi

312 2798 500 2831 CXCI'CCD
536 2797 577 2830 1·

342 2910 829 2970 INNOCENTIUS
873 2913 1235 2971 EPISCOPUS
1248 2952 1262 2964 .

523 3042 671 3083 Servus
705 3045 923 3087 Servorum
954 3046 1059 3087 Dei.

282 3157 440 3202 Dileno
470 3160 573 3202 Filio
588 3160 726 3202 Carolo
738 3161 782 3201 dc
795 3161 954 3218 spinosa
977 3161 1104 3205 Eleelo
1125 3164 1318 3206 Triealen.

342 3219 519 3269 Salutem
533 3246 548 3270 2
579 3219 627 3267 θ’
653 3218 910 3277 Apostolicam
935 3220 1237 3264 Bencdtfflonem
1250 3251 1262 3262 .

425 3321 648 3365 Postolatus
664 3321 878 3373 Officium,
907 3324 1060 3364 meritis
1085 3323 1182 3366 licet
1199 3325 1322 3381 impa-

443 3382 582 3434 ribus,
610 3382 725 3424 nobis
756 3382 806 3423 ab
830 3381 918 3424 alto
943 3381 1215 3435 commiffum,
1242 3398 1323 3440 quo

285 3439 553 3483 Ecclessarum
571 3440 775 3496 Regimini
791 3441 936 3482 Divina
952 3439 1202 3495 dispositione
1220 3457 1318 3497 prae-

288 3493 490 3548 fidemus,
522 3500 678 3543 utiliter
702 3499 844 3555 exequi
876 3498 1147 3556 coadjuvante
1178 3501 1320 3542 Domi-

289 3565 344 3593 no
367 3555 576 3609 cupientes
593 3588 609 3611 ‚
636 3559 796 3602 solliciti
819 3557 946 3600 corde
968 3557 1177 3600 reddimur
1199 3559 1238 3598 &
1261 3557 1322 3600 so-

290 3610 416 3676 lei-tes
432 3640 447 3661 ‚
476 3624 517 3653 ut
533 3643 546 3665 ,
569 3631 659 3659 cum
670 3618 724 3661 de
739 3616 1008 3659 Ecclesiarum
1033 3614 1202 3671 ipsarum
1217 3618 1322 3671 regi-

291 3670 464 3711 minibus
485 3674 616 3727 agitur
631 3676 932 3718 committendis
947 3704 960 3727 ,
985 3675 1085 3718 tales
1108 3674 1164 3717 eis
1190 3674 1229 3716 in
1252 3678 1322 3718 Pa-

296 3726 419 3768 stores
447 3730 647 3782 praeficere
668 3733 895 3776 studeamus
910 3764 924 3784 ,
950 3735 1017 3790 qui
1034 3733 1223 3789 populum
1250 3732 1321 3776 suae

293 3798 398 3829 curae
412 3787 612 3831 creditum
628 3791 751 3834 sciant
764 3820 778 3844 ,
793 3805 871 3836 non
883 3793 1009 3836 solum
1022 3791 1204 3836 doctrine
1216 3795 1321 3846 Vere

1696 2403 1923 2422 ψ

1375 2501 1415 2543 bi
1426 2530 1441 2553 ‚
1463 2502 1530 2545 sed
1547 2503 1668 2546 etiam
1686 2502 1875 2557 exemplo
1888 2500 1981 2543 boni
1996 2501 2132 2556 operis
2159 2498 2379 2542 informare
2390 2501 2410 2548 ,’

1374 2559 1669 2617 commissasque
1698 2562 1765 2605 fibi
1791 2559 1990 2603 Ecclefias
2017 2561 2055 2601 in
2078 2561 2179 2601 statu
2207 2555 2375 2612 pacifico
2394 2585 2410 2606 ,

1372 2624 1410 2664 δε
1434 2621 1653 2679 tranquillo
1680 2620 1839 2670 velint,
1867 2620 1906 2662 δε
1922 2617 2113 2668 valeant,
2136 2619 2300 2660 auc'tore
2322 2618 2414 2658 Do-

1372 2683 1510 2731 mino,
1535 2681 1748 2724 salubriter
1773 2691 1920 2733 regere
1950 2706 1965 2729 ‚
1990 2678 2030 2718 &
2054 2674 2234 2719 feliciter
2262 2674 2414 2729 guber-f

1370 2755 1468 2783 nare
1483 2771 1493 2782 .
1528 2739 1693 2782 Dudum
1714 2738 1909 2795 liquidem
1927 2734 2192 2792 provisionem
2209 2732 2413 2776 Ecclesia·

1370 2814 1459 2843 rum
1481 2801 1690 2848 omnium,
1719 2808 1805 2839 tum
1833 2794 2062 2837 vacantium
2089 2807 2104 2844 3
2129 2795 2168 2835 &
2198 2798 2413 2832 vacatura-

1374 2874 1463 2903 rum
1490 2855 1767 2905 ordinationi,
1793 2854 1833 2894 &
1855 2849 2096 2906 dispositioni
2122 2850 2260 2894 nostrae
2280 2847 2412 2890 reser-

1373 2919 1556 2963 vavimus
1584 2945 1598 2967 ‚
1625 2914 1894 2957 decernentes
1923 2924 1974 2952 ex
2005 2920 2104 2951 tunc
2134 2909 2295 2950 irritum
2314 2935 2330 2959 ‚
2372 2907 2414 2962 dc

1373 2980 1494 3020 inane
1509 3005 1522 3028 ‚
1550 2975 1575 3017 fi
1591 2975 1700 3017 secus
1717 2972 1834 3027 super
1851 2970 1911 3012 his
1929 2983 2001 3024 per
2010 2967 2265 3024 quoscunque
2281 2995 2296 3017 ‚
2312 2979 2415 3021 qua-

1375 3038 1436 3081 vis
1450 3033 1692 3079 auctoritate
1709 3030 1883 3074 scienter
1897 3059 1912 3080 ‚
1935 3028 2003 3070 vel
2018 3029 2254 3082 ignoranter
2282 3023 2419 3066 conti-

1377 3095 1486 3152 gerit
1513 3091 1703 3138 attentari
1718 3123 1728 3133 .
1762 3085 2021 3132 Postmodum
2060 3086 2159 3126 vero
2199 3080 2416 3126 Ecclesia...

1377 3154 1582 3199 Tricalen.
1613 3164 1696 3208 quae
1733 3147 1770 3189 in
1811 3145 1990 3201 partibus
2027 3139 2250 3184 infidelium
2287 3138 2416 3181 confi-

1379 3215 1444 3258 stit
1458 3241 1473 3264 .,
1494 3214 1534 3254 δε
1559 3210 1622 3252 cui
1650 3210 1741 3251 bon.
1758 3218 1878 3247 mem.
1893 3200 2106 3246 Conradus
2133 3197 2414 3242 ferdinandus

1381 3269 1494 3316 Geist
1516 3269 1568 3312 de
1593 3267 1761 3320 Wildeg
1774 3262 1993 3319 Episcopus
2009 3258 2215 3302 Tricalen.
2230 3287 2246 3307 ,
2276 3254 2414 3298 dmm,

1382 3332 1574 3378 viveret,
1599 3322 1862 3384 praesidebat‚
1888 3335 1963 3378 per
1975 3319 2127 3361 obitum
2143 3316 2239 3359 dieti
2256 3318 2415 3358 Conra..

1382 3390 1424 3432 di
1448 3384 1691 3430 Perdinandi
1708 3380 1924 3438 Episcopi,
1955 3378 2021 3434 qui
2046 3385 2161 3420 extra
2187 3375 2418 3416 Romanam

1380 3447 1551 3492 Curiam
1567 3443 1749 3488 debitum
1771 3449 1922 3483 naturae
1935 3433 2155 3494 persolvit,
2172 3431 2341 3488 Pastoris
2361 3430 2418 3475 so-

1381 3508 1482 3551 latio
1494 3503 1685 3547 destituta
1699 3513 1714 3554 3
1727 3503 1813 3544 Nos
1831 3495 2038 3541 vacatione
2053 3490 2277 3546 hujufinodi
2291 3521 2306 3542 ,
2335 3490 2415 3535 fide

1380 3565 1512 3621 dignis
1543 3560 1738 3605 relatibus
1770 3549 2000 3603 intellecta,
2031 3551 2081 3594 ad
2112 3549 2415 3605 provisionem...

1381 3622 1557 3679 ejusdcm
1577 3618 1762 3663 Ecclefiae
1776 3612 1955 3656 celerem
1969 3638 1983 3661 ‚
2015 3611 2055 3652 &
2070 3609 2231 3653 felicem
2246 3637 2260 3659 ,
2282 3610 2320 3650 in
2336 3623 2414 3664 qua

1380 3682 1670 3735 nullus'praeter
1693 3678 1806 3722 NOS,
1831 3669 1906 3724 haic
1931 3670 2016 3711 vice
2043 3667 2415 3711 seintromittere,

1380 3738 1537 3796 potuit,
1572 3734 1652 3777 five
1667 3729 1821 3788 potest,
1853 3726 2159 3779 reservatione,
2193 3729 2233 3768 &
2257 3728 2410 3767 Decre-

1379 3809 1424 3844 ιο
1447 3791 1722 3851 obfistentibus
1746 3787 1977 3846 supradictis
1989 3816 2006 3839 ,
2039 3801 2089 3831 ne
2102 3786 2184 3846 jlla
2199 3786 2331 3881 lotngae·
2341 3794 2411 3822 va-

2185 3855 2231 3887 ca
2252 3853 2351 3884 roms
