2658 4244
344 212 448 277 74
932 173 1094 267 Sub
1156 176 1470 268 ‘Urbano
1539 177 1756 270 VIII.

270 303 308 328 re
315 290 452 342 possunt
467 286 586 346 causat
589 287 732 338 suorum
734 289 954 340 subditorum
979 295 1024 330 ad
1042 295 1203 333 §antium
1227 297 1383 347 Officium
1387 297 1575 346 spetiantes
1588 321 1602 341 ‚
1626 311 1692 334 non
1717 295 1864 347 obstante
1879 291 2126 345 Constitutione
2133 293 2196 345 fel.
2210 306 2277 336 ree.
2299 298 2405 339 Pauli

269 339 371 388 Papae
386 337 428 377 V.
445 342 632 394 incipiente
647 344 823 381 Romanus
840 344 1004 380 Pontifex
1019 369 1030 380 .
1055 344 1214 382 Decretis
1230 345 1360 395 hist-eje
1375 347 1599 395 conformabit
1626 348 1665 382 in
1680 345 1906 383 occurrentiis
1921 369 1934 387 ,
1958 342 2050 379 modo
2075 346 2296 386 conveniente
2316 361 2326 384 t
2347 361 2406 385 no·

271 396 409 436 tumque
412 389 457 437 fit
471 386 588 423 Eidem
598 394 733 439 pariter
744 417 757 438 ‚
773 389 831 443 effe
840 401 902 441 pro
905 391 1070 443 similibus
1085 394 1208 444 casibus
1222 393 1445 439 declaratum,
1460 394 1549 443 quod
1561 420 1573 439 ,
1591 399 1716 446 etiamst
1727 394 1909 431 autioritas
1923 392 1988 428 haze
2003 392 2202 429 nominatim
2204 394 2249 442 fit
2265 395 2409 448 conceffa

266 435 560 491 ‘Provincia-ibus
573 460 586 481 ,
602 441 823 490 intelligatur
840 445 943 478 etiam
956 438 1099 491 conceffa
1113 444 1158 478 iis
1169 466 1182 485 ‚
1210 445 1270 490 qui
1284 443 1351 479 Ioco
1367 443 1644 482 provincialium
1657 469 1669 489 ,
1683 455 1800 482 curam
1811 441 2081 480 Provinciarum
2094 439 2220 477 habent
2231 466 2244 487 ,
2259 443 2409 492 welfum:

266 484 298 524 P
301 484 545 522 rovincialrum
558 486 760 538 Superiores
772 516 783 526 .
806 488 919 528 Romae
938 488 999 528 VJ.
1011 490 1161 542 Augusti
1175 491 1257 531 tm.
1272 493 1351 530 DC.
1366 489 1488 529 XXV.

364 533 524 591 §.umque
539 546 666 582 paucos
683 541 759 587 post
773 551 879 577 annos
892 549 1078 582 emergeret
1092 541 1186 576 casus
1204 541 1371 587 prafflcus
1385 565 1397 584 ‚
1418 542 1453 577 &
1468 542 1670 588 Superiores
1686 541 1872 578 Provincia:
1888 541 1940 576 N.
1966 539 2112 575 Causam
2129 539 2260 576 ClerIci
2275 542 2328 576 N.
2353 541 2406 579 sui

267 582 418 626 Subdiu,
434 583 468 618 in
481 585 631 632 materia,
645 589 688 625 de
704 601 771 636 qua
786 590 913 633 agitur,
928 588 985 623 via
999 587 1078 622 fatti
1091 589 1338 633 cognoscerent
1351 615 1365 633 ,
1379 591 1482 626 Stitus
1500 590 1657 627 Pontifex
1675 594 1734 626 suo
1750 590 1851 626 Brevi
1866 590 1902 625 dt
1911 590 2006 635 super
2021 589 2116 623 edito
2128 611 2141 631 ,
2154 589 2187 623 8<
2205 587 2238 623 in
2254 589 2410 626 Archivo

267 631 416 676 generali
427 634 592 669 Armart'o
608 660 621 679 ‚
637 638 675 674 S.
694 638 922 687 Inquisttionis
936 635 1092 684 Officium
1103 637 1277 685 copialiter
1288 637 1477 682 asservato,
1499 638 1644 676 inserens
1657 641 1724 675 hoec
1738 640 1840 675 verba
1855 651 1864 673 :
1880 637 1926 674 Et
1939 635 2038 684 causa
2052 636 2098 672 hu
2107 636 2241 684 'usmodi
2255 638 2407 684 cognitio

269 680 362 729 apud
375 680 575 729 Superiores
591 684 739 722 Ordinis
751 685 916 734 praedatu,
931 685 975 719 ad
988 695 1068 731 quos
1081 685 1122 720 de
1131 685 1211 734 jure
1216 685 1357 733 spesina
1368 687 1644 732 examinabatur,
1660 690 1844 725 Decretum
1861 686 1956 722 suum
1973 684 2085 721 solidil
2099 686 2164 721 ime
2175 685 2351 721 confirmat
2365 685 2406 723 it.

367 729 555 766 Putabatur
570 734 709 779 quidem
723 738 742 770 a
757 734 954 776 nonnullis,
967 734 1062 780 quod
1080 734 1318 778 Privilegium,
1331 733 1431 770 nobis
1441 735 1482 770 ab
1496 747 1641 783 utroque
1655 738 1797 773 Summo
1815 734 1979 773 Pontifice
1992 732 2181 769 concessum
2195 758 2208 777 ,
2230 733 2338 782 pofl‘ct
2352 734 2405 771 es-

264 777 297 814 se
310 778 526 814 infirmatum
548 782 698 819 Decrcto
709 783 818 820 felicis
832 794 899 818 rec.
913 781 1101 817 Alexandri
1119 782 1200 818 Vll.
1217 781 1323 829 incip.
1341 780 1422 818 licet
1435 782 1522 819 alitis
1535 785 1630 821 edito
1645 784 1680 821 X
1687 784 1750 820 Vl.
1764 784 1844 832 julii
1875 783 1927 819 M.
1942 782 2023 818 DC.
2040 783 2117 818 LX.
2133 806 2146 824 ‚
2164 782 2408 819 Constitutio-

263 840 347 864 nem
363 826 459 864 Pauli
477 826 523 864 V.
536 827 711 868 Romanus
726 831 888 880 Pontifex
901 829 1144 874 confirmante,
1157 830 1191 865 8<
1203 829 1445 875 consequenter
1459 833 1580 869 nostris
1595 832 1853 877 Superioribus,
1865 834 1903 869 S.
1915 830 2033 867 Officii
2045 831 2148 866 causis
2165 830 2198 867 se
2217 831 2409 868 immiscere

263 877 439 914 inhibente
452 900 462 912 .
478 876 610 915 Verum
627 903 639 923 ,
661 892 738 917 cum
753 880 786 915 in
803 879 925 916 talibus
940 889 1009 914 non
1026 878 1136 913 solum
1153 878 1190 914 fit
1200 878 1403 915 attmdenda
1420 880 1477 915 lex
1492 902 1504 921 ‚
1522 880 1576 916 sed
1589 883 1623 917 8<
1635 881 1713 916 finis
1727 883 1746 914 a
1760 881 1973 925 Legislatore
1987 879 2136 916 intentus
2151 903 2163 924 ‚
2176 880 2208 915 8<
2222 879 2277 915 hic
2290 880 2325 915 in
2343 882 2410 916 Le-

263 926 425 971 gislatore
443 927 532 972 Papa
548 929 751 965 Alexandro
772 932 904 975 (prout
917 929 951 964 in
970 936 1047 960 toto
1065 927 1204 962 Decreti
1220 927 1358 963 decursu
1386 928 1504 972 patet)
1526 928 1613 964 alius
1626 939 1694 963 non
1719 927 1844 970 fuerit,
1865 930 1965 975 quam
1979 950 1991 970 ,
2020 939 2057 964 ut
2077 928 2229 975 quaedam
2256 929 2404 964 exoticae

263 974 558 1021 interpretationes
571 1001 586 1021 ,
612 988 670 1012 aut
685 977 864 1023 opiniones
879 978 966 1012 circa
981 972 1226 1018 obligationem
1244 972 1465 1010 denuntiandi
1480 986 1594 1012 coram
1611 977 1649 1013 S.
1662 975 1792 1012 Officio
1806 999 1819 1019 ,
1842 977 1862 1011 a
1888 975 1997 1010 Paulo
2012 975 2060 1012 V.
2087 976 2275 1024 injun&am
2304 987 2409 1012 exor-

264 1035 305 1060 tae
317 1048 331 1067 ,
356 1024 483 1069 quibus
497 1025 654 1060 nonnulli
668 1025 745 1060 aliis
758 1024 953 1060 denuntiare
968 1020 1145 1058 dissuasere
1162 1046 1175 1065 ‚
1203 1023 1290 1057 alios
1303 1021 1514 1068 impedivere
1531 1023 1597 1059 Sec.
1625 1023 1829 1060 tollerentur
1841 1048 1854 1067 ,
1881 1023 2066 1059 Decretum
2081 1025 2279 1060 Alexandri
2303 1023 2411 1060 facul·

263 1073 328 1108 tati
342 1071 458 1107 nostrae
468 1081 536 1106 non
548 1072 758 1119 praejudicat3
772 1073 838 1107 hoc
853 1072 940 1107 enim
953 1070 1247 1105 constitutionem
1266 1069 1436 1105 l'aulinam
1451 1069 1511 1105 hac
1524 1071 1558 1105 in
1572 1082 1665 1118 parte
1678 1070 1846 1107 duntaxat
1865 1069 2046 1106 confirmat
2061 1095 2073 1115 ‚
2089 1073 2124 1108 &
2141 1073 2291 1120 explicat
2305 1097 2318 1117 ,
2334 1082 2407 1108 non

264 1132 377 1156 autem
391 1120 533 1163 abrogat
548 1120 782 1166 privilegium,
794 1119 940 1163 gratiose
952 1116 1144 1154 concessum
1156 1141 1168 1160 ,
1184 1116 1376 1163 praesertim,
1387 1128 1464 1153 cum
1478 1118 1554 1154 talis
1568 1119 1780 1155 confirmatio
1791 1131 1859 1155 non
1868 1119 2070 1155 extendatur
2087 1121 2130 1156 ad
2144 1134 2199 1165 ea,
2212 1134 2288 1170 quae
2304 1131 2410 1157 extra

263 1168 398 1204 Bullam
423 1166 498 1202 sunt
512 1191 524 1208 .,
548 1169 582 1203 Sc
594 1167 758 1215 disparata
773 1191 785 1210 ,
808 1166 1027 1214 quantumvis
1043 1165 1159 1212 aliquo
1173 1166 1277 1201 modo
1291 1177 1447 1202 connexa
1465 1190 1477 1209 ,
1504 1167 1553 1203 uti
1569 1167 1648 1204 sunt
1671 1167 1742 1203 duo
1769 1168 1915 1204 Decreta
1932 1168 2080 1210 allegata
2091 1192 2104 1212 ,
2134 1169 2192 1204 nili
2216 1168 2376 1217 expresse
2388 1193 2403 1212 ‚

263 1217 297 1252 8t
311 1214 462 1262 specifice
478 1217 684 1253 extendatur
698 1240 711 1260 ‚
731 1215 927 1260 derogando
943 1214 1128 1262 privilegio
1143 1214 1227 1250 dato
1238 1213 1403 1262 explicite
1415 1226 1429 1255 ;
1453 1215 1562 1264 Qod
1585 1229 1662 1254 cum
1676 1216 1719 1252 ab
1735 1215 1939 1252 Alexandro
1954 1213 2085 1251 fastum
2096 1228 2165 1252 non
2188 1216 2230 1252 fit
2237 1241 2252 1262 ,
2264 1217 2401 1253 etiam...

265 1263 368 1301 libere
384 1264 509 1310 semper
530 1263 671 1309 Religio
685 1265 751 1302 hoc
765 1263 921 1302 exercuit
933 1289 943 1299 .

363 1312 438 1349 lmb
450 1313 587 1349 noviter
612 1313 679 1349 fuit
695 1312 931 1349 confirmatum
947 1322 1100 1360 tempore
1125 1311 1162 1349 S.
1180 1311 1286 1348 Mem.
1303 1311 1498 1350 Clementis
1524 1313 1561 1350 X
1567 1315 1592 1350 l.
1607 1326 1678 1362 quo
1710 1313 1943 1352 Provincialis
1967 1314 2018 1349 N.
2034 1337 2046 1357 ,
2071 1313 2114 1349 ab
2128 1313 2298 1362 Episcopo
2330 1312 2384 1349 N.
2394 1336 2410 1358 ,

263 1362 358 1410 quod
381 1361 547 1398 subditum
561 1361 596 1397 in
622 1361 759 1398 materia
781 1360 824 1397 ad
850 1362 886 1398 S.
901 1360 1066 1397 Officium
1089 1359 1259 1408 spestante
1279 1358 1462 1409 puniviffet
1476 1385 1489 1408 ‚
1509 1363 1562 1400 hic
1586 1364 1708 1401 Rome
1723 1363 1941 1402 denuntiatus
1954 1385 1969 1407 ‚
1992 1362 2093 1400 causa
2119 1363 2254 1399 mature
2281 1361 2412 1398 exami-

264 1412 342 1448 nata
355 1434 367 1456 ,
392 1410 553 1448 innocens
573 1408 636 1448 fuit
649 1409 840 1448 declaratus
852 1434 867 1454 ,
893 1411 1048 1447 Decreto
1061 1408 1236 1456 lequenti:

664 1551 782 1594 Feria
812 1548 952 1592 Tertia
980 1548 1061 1591 Die
1093 1548 1266 1589 Decima
1292 1546 1403 1592 sexta
1433 1549 1673 1592 Decembris
1700 1551 1765 1592 M.
1782 1551 1915 1593 DCC.
1932 1551 2006 1592 VI.

366 1653 407 1694 In
419 1657 690 1704 Congregatione
698 1653 864 1692 Generali
874 1654 914 1690 S.
925 1652 1100 1696 Romame,
1111 1652 1154 1694 «θ’
1163 1652 1380 1701 vniversalis
1394 1653 1636 1702 inquisitionis,
1651 1655 1771 1692 habita
1784 1655 1824 1690 in
1834 1655 1971 1693 Palatio
1985 1656 2021 1692 A
2045 1654 2169 1705 ostolico
2185 1666 2297 1692 coram
2311 1654 2407 1694 San-

267 1703 396 1754 Siiffimo
411 1704 555 1741 Domino
572 1702 695 1754 Nostro
707 1704 852 1740 Domino
870 1701 1042 1739 Clemente
1054 1701 1193 1738 Divina
1209 1701 1441 1739 Providentia
1457 1701 1555 1750 Papa
1578 1702 1643 1739 XI.
1655 1726 1669 1746 ,
1688 1715 1728 1739 ac
1753 1702 1847 1739 Euris
1860 1726 1874 1747 ,
1897 1705 1939 1745 &¹
1955 1702 2056 1739 Rmis
2069 1704 2226 1741 Dominis
2245 1705 2286 1740 S.
2298 1703 2347 1739 R.
2362 1705 2406 1741 Ε.

265 1752 517 1811 Cardinalibus
531 1754 570 1810 in
584 1762 658 1811 tota
675 1750 865 1810 Republica
883 1744 1079 1800 Christiana
1092 1758 1215 1786 contra
1229 1749 1422 1787 haereticam
1429 1751 1644 1798 pravitatem
1652 1749 1874 1799 generalibus
1890 1751 2146 1801 Inquisitoribus
2158 1775 2174 1796 ,
2188 1750 2209 1787 ἂ
2230 1751 2271 1790 S.
2286 1750 2410 1799 Βοάζῳ,

261 1800 456 1890 qulizlggg
463 1800 664 1899 ssiiwcrlciiii‘gi
678 1801 873 1886 deeiiatb‘itiiafli
883 1874 896 1895 ,
921 1847 1149 1899 Sanfiiffimus
1165 1846 1334 1889 Dominus
1349 1845 1476 1901 IVoster
1488 1847 1585 1899 Papa
1592 1848 1773 1899 praedit‘ius
1785 1873 1799 1897 ,
1824 1847 1955 1888 auditis
1970 1847 2070 1888 Votis
2089 1849 2249 1887 Et'norum
2263 1848 2408 1895 manda·¹

264 1902 321 1939 vit
333 1923 348 1945 ,
373 1899 557 1937 Oratorem
570 1911 638 1936 non
651 1895 710 1951 effe
723 1896 958 1948 molestandum
970 1923 982 1935 .

995 1959 1164 2012 {Jofhphus
1179 1958 1350 1999 ‘Bartolus
1365 1960 1406 2021 S.
1419 1961 1519 2000 Rom.
1533 1985 1547 2008 ‚
1571 1964 1614 2005 ὡ
1628 1963 1846 2016 vniversalis
1861 1963 2093 2015 Inquifitionis
2106 1960 2285 2002 Notart‘us
2297 1987 2309 1998 .

360 2062 520 2101 Multum
550 2062 689 2111 quidem
716 2071 838 2100 contra
861 2074 939 2099 eum
969 2061 1156 2106 urgebatur
1176 2086 1188 2105 ,
1216 2061 1312 2108 quod
1333 2060 1496 2099 inhaeserit
1521 2063 1672 2099 Decreto
1694 2062 1857 2107 Urbani,
1882 2061 2100 2110 privilegium
2129 2061 2225 2098 suurn
2258 2060 2410 2098 limitem

265 2109 311 2149 tis
335 2111 377 2148 ad
397 2113 473 2148 loca
499 2111 692 2147 duntaxat:
719 2113 779 2148 ubi
803 2111 938 2160 hareses
961 2107 1096 2158 impunc?
1116 2108 1317 2160 graffantur
1341 2135 1356 2156 ,
1372 2112 1419 2154 ὼ·
1438 2111 1480 2149 S.
1507 2109 1542 2147 O
1591 2112 1663 2148 ium
1685 2112 1916 2163 Inquisitionis
1935 2134 1950 2155 ‚
1987 2121 2048 2146 nec
2081 2119 2143 2159 per
2167 2110 2410 2159 Inquisitores,

262 2172 324 2198 nec
344 2168 406 2209 per
433 2158 580 2196 locorum
594 2159 804 2196 Ordinarios
816 2170 993 2198 exercetur
1006 2183 1016 2194 .
1047 2160 1088 2194 Et
1100 2158 1392 2206 praetendebatur,
1414 2160 1510 2210 quod
1554 2172 1600 2198 aec
1628 2161 1743 2199 Verba
1762 2160 1959 2210 copulative
1976 2183 1990 2204 ‚
2012 2159 2048 2195 &
2074 2171 2144 2196 non
2171 2157 2381 2206 disjunffive
2393 2182 2410 2202 ,

262 2209 428 2246 deberent
453 2209 562 2253 sumi,
584 2209 652 2252 ita,
683 2219 720 2244 ut
748 2209 858 2254 sensus
874 2210 973 2254 effet,
997 2207 1193 2244 facultatem
1215 2209 1300 2244 hanc
1314 2210 1350 2246 in
1376 2210 1460 2246 locis
1475 2210 1642 2245 duntaxat
1669 2211 1811 2256 vigere,
1838 2209 1894 2245 ubi
1920 2209 1957 2246 S.
1978 2206 2213 2256 lnquifitionis
2240 2207 2408 2246 Officium

263 2269 336 2295 non
346 2268 563 2294 exerceretur
580 2281 594 2300 ,
617 2259 650 2293 &
655 2257 755 2306 simul
767 2282 782 2302 ,
808 2256 865 2294 ubi
879 2258 1015 2294 haereses
1027 2256 1165 2302 impune
1176 2257 1402 2302 grassarentur
1417 2284 1427 2295 .
1453 2258 1506 2293 Ex
1518 2270 1589 2305 quo
1602 2258 1806 2296 inferebatur
1821 2284 1833 2304 ‚
1879 2258 1949 2293 uod
1963 2281 1976 2301 ,
1998 2267 2077 2292 cum
2096 2257 2130 2292 in
2144 2255 2314 2303 aliquibus
2329 2266 2408 2304 par-

263 2306 357 2343 tibus
382 2306 652 2342 Ulttamontanis
678 2329 691 2351 ,
715 2307 770 2343 vel
798 2307 833 2342 in
860 2306 1041 2344 Provincia
1065 2305 1146 2349 N.,
1172 2305 1296 2341 etiamli
1320 2307 1366 2342 ibi
1394 2319 1465 2342 non
1482 2305 1563 2342 esset
1576 2306 1739 2344 Officium
1761 2305 2014 2356 lnquiitionis,
2038 2305 2177 2342 haereses
2204 2315 2317 2339 tamen
2345 2306 2409 2339 Im-

263 2353 356 2403 pune
368 2365 436 2389 non
449 2353 670 2398 grassarentur
685 2378 699 2398 ,
712 2367 788 2391 cum
804 2354 995 2403 {impliciter
1009 2354 1055 2391 ibi
1069 2365 1138 2390 non
1151 2353 1255 2391 essent
1267 2378 1280 2398 ,
1297 2358 1335 2392 P.
1355 2354 1574 2397 movim-lali,
1590 2358 1776 2393 Decretum
1789 2355 1923 2393 Urbani
1939 2355 1990 2391 Vl
2000 2355 2043 2391 ll.
2060 2366 2130 2391 non
2145 2352 2253 2401 polset
2263 2352 2376 2389 favere
2394 2376 2407 2388 .

263 2404 316 2440 At
329 2426 342 2446 ,
366 2414 442 2439 cum
459 2401 568 2438 fuiffet
592 2404 804 2450 repositum3
827 2404 943 2442 Primo
957 2405 1053 2451 quod
1066 2403 1298 2449 interpretatio
1323 2404 1458 2440 Decreti
1478 2403 1665 2440 restriftiva
1679 2428 1692 2448 ‚
1715 2403 1836 2442 inillis
1856 2404 2012 2452 partibus
2036 2413 2208 2449 nunquam
2223 2399 2335 2436 fuisset
2350 2412 2408 2436 au-

263 2451 337 2487 dita
348 2473 363 2495 ,
382 2451 417 2486 8<
440 2451 535 2497 quod
560 2450 662 2487 literae
679 2453 786 2489 nostri
812 2453 918 2489 Patris
935 2451 1137 2498 Hieronymi
1156 2451 1351 2498 {impliciter
1365 2461 1530 2499 ponerent
1548 2453 1566 2499 (
1576 2454 1637 2489 ubi
1649 2465 1717 2489 non
1731 2455 1828 2502 viget
1841 2452 2072 2501 Inquificionis
2095 2450 2281 2500 Officium)
2306 2449 2404 2485 nulla

262 2499 351 2536 fabia
366 2500 536 2536 mentione
551 2499 592 2534 de
608 2501 828 2547 copulatione
842 2500 1004 2536 haereseos
1016 2524 1030 2544 ,
1043 2500 1183 2547 impune
1194 2498 1366 2543 grais-ntis
1380 2513 1392 2540 ;
1408 2500 1565 2538 Secundo
1578 2524 1591 2544 ,
1616 2502 1711 2548 quod
1721 2527 1734 2546 ,
1759 2501 1886 2538 etiamsi
1902 2502 1936 2536 in
1950 2500 2123 2547 aliquibus
2136 2497 2331 2535 Germanlae
2349 2499 2403 2532 lo-

262 2549 313 2586 cis
327 2571 341 2592 ‚
367 2548 501 2585 haereses
525 2548 664 2596 impune
687 2560 755 2584 non
779 2547 1032 2594 grassarentur,
1053 2560 1132 2585 cum
1161 2547 1354 2595 {impliciter
1381 2549 1428 2585 ibi
1458 2559 1526 2583 non
1549 2547 1613 2584 lint
1627 2572 1640 2592 ‚
1666 2550 1829 2587 Haeretici
1851 2558 1965 2586 tamen
1981 2548 2094 2595 pallim
2108 2571 2121 2590 ‚
2148 2548 2183 2583 Sc
2206 2545 2402 2582 constanter

262 2596 453 2633 Catholicis
466 2596 569 2633 effent
588 2597 751 2645 permIXti
764 2622 777 2642 ,
804 2610 843 2634 ac
861 2596 962 2634 libere
974 2623 988 2643 ,
1011 2597 1194 2644 &impune
1209 2609 1284 2632 cum
1298 2597 1384 2633 hisce
1397 2597 1622 2634 conviverent
1638 2598 1706 2635 Sec.
1730 2597 1983 2635 Eminentiffimi
2001 2595 2220 2644 inquisitores
2242 2593 2315 2630 asta
2342 2594 2406 2630 Pa-

266 2645 328 2681 tris
343 2645 570 2682 Provincialis
584 2669 596 2690 ,
609 2646 643 2682 3<
660 2646 706 2682 ita
724 2648 870 2684 Decreta
887 2647 986 2683 Pauli
1002 2647 1048 2683 V.
1057 2655 1084 2691 ','
1097 2647 1131 2681 ἃ
1147 2646 1275 2683 Urbani
1293 2644 1394 2682 Vlll.
1408 2644 1560 2682 adduao
1575 2648 1726 2682 Decreto
1739 2646 1991 2684 confirmarunt
2005 2670 2016 2681 .
2298 2651 2299 2654 ’

365 2695 416 2731 Ut
429 2706 543 2731 autem
561 2718 574 2738 ‚
595 2693 654 2730 ubi
667 2695 769 2731 Ordo
777 2694 1031 2740 taminfigniter
1042 2698 1062 2731 ὰ
1074 2696 1114 2733 S.
1130 2695 1218 2732 Sede
1241 2694 1479 2741 privilegiatur
1491 2719 1504 2739 ‚
1531 2694 1691 2732 obediens
1703 2696 1747 2732 ad
1769 2695 1871 2743 hujus
1886 2694 2012 2730 monita
2031 2693 2192 2729 habeatur
2217 2690 2370 2729 attentio
2383 2714 2400 2736 ‚

264 2741 455 2791 superiores
467 2754 508 2779 ex
526 2742 632 2780 literis
659 2743 698 2780 l’.
714 2745 921 2793 Hieronymi
952 2743 1187 2781 Procuratoris
1196 2744 1390 2780 Generalis
1416 2742 1597 2781 mem-inille
1617 2753 1776 2791 oportet,
1801 2744 1921 2792 quod,
1947 2742 2004 2778 ubi
2019 2742 2060 2777 ab
2080 2740 2122 2776 iis
2144 2741 2274 2777 causam
2302 2742 2406 2776 talem

263 2792 435 2836 cognitam
451 2791 516 2828 esse
527 2791 675 2837 contigit
688 2817 700 2836 ,
726 2794 766 2829 P.
782 2793 1001 2830 Procuratori
1015 2793 1135 2839 Curiae
1145 2816 1159 2837 ,
1181 2802 1247 2840 pro
1258 2803 1413 2837 ternpore
1424 2792 1603 2836 existenti,
1618 2794 1836 2828 acceleratam
1851 2791 1929 2827 dare
1942 2789 2095 2825 notitiam
2110 2802 2182 2825 non
2195 2789 2372 2833 negligant
2390 2813 2401 2825 .

264 2839 428 2887 Cumque
442 2840 477 2875 in
494 2843 641 2877 Decreto
657 2841 790 2880 Urbani
809 2841 911 2878 Vlll.
925 2841 1112 2888 aul-toritas
1122 2842 1191 2878 haec
1202 2841 1392 2890 indicativa
1414 2839 1611 2877 nominatim
1625 2840 1723 2876 detur
1740 2839 1910 2876 duntaxat
1933 2839 2004 2874 PP.
2023 2837 2301 2875 Provincialibus
2311 2837 2406 2884 ‚fino-

238 2914 240 2917 -
263 2889 404 2925 tandum
424 2888 472 2923 est
486 2912 500 2932 ‚
526 2889 622 2935 quod
639 2890 705 2927 hoc
719 2891 843 2928 debeat
855 2890 1006 2936 intengi
1017 2891 1119 2943 juxta
1134 2891 1318 2928 circulares
1344 2890 1390 2925 R.
1407 2890 1444 2926 P.
1460 2887 1623 2925 Francisci
1638 2888 1873 2925 Procuratoris
1895 2886 2080 2924 Generalis
2102 2887 2137 2922 in
2153 2885 2247 2922 sensu
2262 2887 2378 2933 amplo
2390 2909 2406 2930 ,

265 2937 304 2973 id
323 2938 372 2973 est
384 2961 399 2982 ,
421 2936 462 2972 de
479 2938 755 2976 Provincialibus
766 2965 780 2984 ,
795 2941 851 2975 vel
864 2941 906 2976 de
922 2939 964 2976 iis
976 2963 990 2982 ‚
1010 2939 1069 2988 qui
1083 2941 1206 2975 horum
1221 2941 1302 2976 loco
1321 2949 1436 2975 curam
1453 2937 1713 2975 Provinciarum
1729 2937 1850 2974 habent
1859 2961 1874 2983 ‚
1897 2938 1956 2974 vel
1979 2935 2040 2984 qui
2054 2933 2330 2972 Provincialiurn
2353 2934 2407 2970 su-

264 2986 421 3035 periores
435 2985 535 3030 sunt,
558 2986 608 3022 uti
620 2987 849 3025 Commiffarii
861 3013 876 3034 ,
902 2990 959 3026 vel
975 2985 1176 3025 visitatores
1189 2988 1401 3025 Generales.

367 3084 583 3122 Documenta
597 3107 610 3127 ‚
635 3095 710 3130 quae
723 3085 757 3120 in
770 3086 830 3121 hac
843 3087 941 3122 Nota
955 3087 1167 3125 adducuntur
1177 3110 1191 3132 ,
1214 3089 1272 3125 vel
1287 3086 1514 3132 originaliter
1524 3109 1539 3133 ‚
1563 3086 1621 3125 vel
1636 3084 1722 3125 aliis
1736 3083 1929 3123 authentice
1951 3081 2176 3122 inveniuntur
2189 3079 2225 3116 in
2242 3078 2404 3118 Archivo

265 3131 414 3182 Ordinis
427 3157 443 3179 ,
455 3132 624 3170 Armario
637 3132 734 3183 Offic.
748 3134 788 3171 S.
802 3134 1033 3185 Inquifitionis
1043 3161 1054 3174 .
1759 3159 1761 3162 ⁴

995 3256 1227 3269 —-

269 3370 350 3424 Ad
363 3343 592 3423 instantias
615 3376 665 3425 P.
681 3370 882 3423 Ministri
902 3374 1139 3423 Generails
1155 3384 1313 3424 conce-³
1427 3378 1482 3434 U
1499 3380 1543 3428 R
1557 3378 1595 3427 B
1615 3378 1662 3426 A
1674 3375 1723 3424 N
1744 3374 1797 3430 U
1813 3376 1845 3426 S
1881 3374 1917 3423 P
1933 3375 1980 3422 A
1996 3373 2032 3420 P
2050 3374 2096 3422 A
2135 3374 2183 3422 V
2202 3375 2225 3421 l
2243 3374 2267 3421 1
2287 3373 2313 3421 I
2327 3406 2339 3418 .

302 3442 372 3491 dit
390 3477 406 3501 ‚
422 3458 471 3492 ut
490 3442 721 3495 Officium
737 3448 786 3495 S.
804 3442 1007 3495 Conradi
1025 3478 1040 3501 ,
1057 3445 1203 3494 Tertii
1218 3447 1312 3495 Or·
1548 3441 1553 3444 ’

280 3509 423 3561 'dinis
455 3518 500 3562 S.
532 3519 580 3564 P.
616 3520 893 3573 FRAthsct,
918 3513 974 3564 ab
993 3515 1231 3573 omnibus,
1261 3514 1311 3567 &
1545 3534 1615 3577 Ad
1630 3537 1862 3589 perpetuam
1890 3530 1950 3573 rei
1980 3531 2228 3575 memoriam.

301 3579 494 3651 fingulis
514 3585 704 3636 Ordinis
724 3586 964 3637 Minorum
999 3589 1048 3637 S.
1065 3589 1311 3637 annctsct
2167 3610 2172 3614 ⁸

303 3651 547 3734 Religiosis
566 3690 582 3713 ‚
611 3654 688 3735 sub
718 3659 811 3707 ritu
832 3657 1128 3728 Semiduplici
1155 3661 1202 3709 in
1217 3663 1310 3723 ejus
1501 3680 1637 3725 Omini
1665 3678 1798 3724 Nostri
1817 3679 1910 3738 Jesu
1939 3681 2091 3723 Christi
2119 3710 2133 3733 3
2167 3680 2235 3737 qui
2265 3679 2401 3723 fiet-vos

305 3722 376 3772 dte
396 3721 526 3773 Festo
542 3729 718 3780 temtari
736 3726 874 3796 poffit
886 3764 899 3779 .
1515 3739 1604 3802 suos
1621 3750 1780 3800 aetern3ae
1794 3739 1933 3798 gloriae
1944 3742 2106 3798 praemio
2122 3740 2243 3785 donat
2259 3740 2296 3781 in
2311 3742 2402 3790 Cae.

2264 3798 2313 3841 lis
2327 3825 2341 3849 ,
