2658 4244
898 210 1081 304 'Sub
1140 213 1452 302 ‘Urbano
1523 217 1736 304 VIII.
2218 239 2310 318 89

239 323 369 370 digitos
387 332 582 372 monstravit
594 360 608 381 ,
631 330 778 373 dicens:
805 333 888 371 Ecce
901 332 1117 379 decemservi
1127 357 1140 376 ‚
1167 341 1308 377 quorum
1322 332 1513 380 obsequium
1526 332 1610 368 mihi
1624 342 1799 379 nunquam
1811 331 1917 381 deest,
1946 335 1982 370 ln·
1998 336 2081 372 mihi
2103 335 2149 372 ad
2160 342 2270 376 omnia
2278 335 2372 386 suffi-

240 375 482 420 fiunt-Voluit
496 406 509 424 ,
524 396 560 421 ut
572 386 606 422 &
626 385 700 431 post
711 394 854 419 mortem
868 381 968 428 hujus
982 379 1178 415 humilitatis
1191 379 1359 415 clarerent
1374 391 1592 416 monumenta
1605 403 1617 422 ,
1631 381 1710 417 dum
1723 379 1868 420 cadaver
1885 384 1992 425 l'uum,
2006 385 2068 420 {ine
2087 398 2210 435 pompa
2224 385 2370 435 sepeliri,

238 421 421 480 &fignplici
437 430 540 477 lapidi
562 433 630 479 (uti
645 434 752 469 adhuc
765 432 800 467 in
812 430 923 470 nostra
937 428 1082 466 Ecclefia
1091 429 1213 466 Romae
1226 427 1387 475 videtur)
1413 426 1558 475 sequens
1573 427 1790 475 Epitaphium
1805 439 1813 462 ε
1839 428 1915 465 Hic
1923 431 2014 478 jacet
2024 433 2141 481 pulvis
2153 461 2168 481 ,
2192 438 2279 473 cinis
2292 461 2304 480 ,
2327 435 2371 479 &f

238 469 352 526 mlvi,
377 478 482 515 incidi
511 481 703 519 ordinavit.

339 528 479 577 Qanto
493 530 626 567 humilis
639 530 672 563 in
687 529 764 566 vitae
781 529 930 570 ratione,
949 525 1048 562 tanto
1062 526 1133 562 fnit-
1147 524 1257 561 fidelis
1271 525 1304 559 in
1321 523 1624 565 Ecclefiasticorum
1638 535 1865 572 proventuum
1880 526 2121 574 dispensatione
2137 545 2145 567 τ
2165 534 2226 570 hos
2238 545 2306 570 non
2319 545 2370 570 re-

241 569 342 619 tinuit
354 601 366 620 ,
381 576 439 611 nili
451 599 464 619 ,
478 590 515 615 ut
534 579 566 614 in
580 578 655 613 usus
670 577 746 624 pios
759 587 819 614 eos
830 585 1044 612 converteret
1061 601 1071 609 .
1085 575 1165 610 inde
1180 574 1223 607 ab
1236 571 1439 620 Episcopatu
1452 573 1683 617 senogalliensi
1699 574 1847 609 Romam
1865 586 2042 612 revocatus
2055 601 2066 619 ‚
2090 580 2238 618 redditus
2251 583 2343 618 illius
2355 605 2372 625 ,

239 621 297 655 vel
315 634 443 673 partem
465 628 603 664 illorum
618 649 631 668 ‚
654 626 778 661 etiarnsi
803 624 979 660 Pontificia
991 622 1166 658 acceliisset
1181 622 1388 668 dispensatio
1399 645 1412 665 ‚
1434 632 1613 667 acceptare
1636 622 1771 663 noluit,
1797 633 1927 668 aequum
1952 636 2020 660 non
2046 624 2110 662 ess'e
2138 628 2277 666 afferens
2292 655 2305 674 ‚
2323 639 2370 665 ut

239 667 360 712 Pastor
378 698 392 718 ‚
415 675 472 721 qui
498 686 582 711 oves
599 674 672 710 suas
695 673 863 720 personali
882 673 962 711 cura
986 683 1058 708 non
1084 671 1256 717 pasceret,
1280 671 1413 706 illarum
1436 670 1519 708 laete
1535 670 1707 707 cibaretur
1721 695 1730 709 .
1758 670 1970 725 Κράᾱῐωυῐη
1982 674 2129 710 aliorum
2143 677 2185 712 ad
2199 678 2273 724 pios
2288 678 2368 714 usus

241 724 480 759 conversorum
497 720 634 768 vestigia
645 731 763 768 patent
774 724 809 756 ln
824 721 934 756 Muris
947 721 1032 756 intra
1046 745 1060 763 ‚
1079 721 1112 755 8<
1126 730 1225 759 extra
1239 720 1372 756 Urbem
1384 743 1393 752 .
1410 720 1505 754 Intra
1518 719 1648 755 Urbem
1664 719 1698 753 in
1713 717 1859 764 spatioso
1872 722 1983 756 nostro
1999 724 2219 760 Immaculatae
2234 727 2368 762 Conce-

238 769 368 815 ptionis
380 770 569 807 Conventu
595 783 604 809 ε
624 769 659 808 in
678 769 828 813 collegio
845 770 956 805 Beatae
973 769 1087 804 Mariae
1100 767 1255 811 Virginis
1279 768 1314 803 in
1334 767 1515 803 Montibus
1533 778 1595 814 pro
1610 766 1798 814 Neophitis
1811 786 1823 805 2
1843 768 1876 803 8<
1891 770 2007 804 Domo
2025 774 2177 809 connexa
2193 786 2253 820 pro
2264 775 2368 810 Cate-

239 814 430 855 chumen‘is:
453 817 489 853 in
518 816 736 858 Monasterio
762 817 892 855 Sanfitae
918 816 1106 853 Catharinae
1130 817 1172 852 de
1187 817 1277 852 Rosa
1290 841 1303 860 ‚
1327 816 1382 851 seu
1393 816 1435 851 de
1453 815 1609 851 Funariis
1624 827 1632 848 :
1656 816 1690 850 in
1706 815 1832 851 aedibus
1847 817 2029 854 Mulierum
2047 821 2307 858 poenitentium:
2330 822 2367 856 in

237 866 385 904 Ecclefia
396 890 408 912 ‚
426 867 461 902 &
475 866 646 914 Collegio
659 865 844 913 conjuneto
859 866 1042 910 SS.Sergii
1060 889 1073 910 ,
1087 867 1121 901 8<
1134 864 1255 901 Bacchi
1285 876 1347 911 pro
1375 864 1552 900 Monachis
1565 864 1602 900 S.
1618 863 1726 900 Basilii
1743 864 1913 901 Ruthenis
1931 878 1940 900 z
1954 866 1987 901 in
2013 868 2179 904 Caenobio
2200 871 2241 905 ab
2262 870 2367 905 incar-

237 915 374 952 natione
387 925 584 963 nuncupato
598 917 662 954 Sec.
678 916 784 951 Extra
800 916 945 959 Urbem,
960 915 994 950 in
1010 914 1144 950 Palatio
1162 912 1606 960 EpiscopaliSenogallienli
1620 912 1829 949 restaurato:
1851 914 1885 948 in
1909 915 2024 951 nostro
2037 917 2220 953 Conventa
2234 916 2369 952 Laureti

237 965 402 1001 aedificato
426 964 489 1000 &c.
515 966 704 1014 Nunquam
724 964 978 1000 intermoritura
996 964 1132 1010 insuper
1161 962 1257 999 laude
1270 962 1450 999 celebrabit
1466 962 1602 1003 fidelem
1624 961 1707 1003 hanc
1718 961 1997 1007 dispensationem
2012 965 2113 1002 Sacra
2127 965 2366 1009 Congregatio

248 1014 291 1050 de
304 1013 525 1062 propaganda
541 1015 645 1059 Pide,
669 1026 771 1062 quam
781 1013 943 1049 haeredem
956 1011 1176 1051 universalem
1187 1010 1334 1049 instituit
1348 1012 1403 1055 ‚&
1416 1011 1470 1046 cui
1481 1021 1546 1047 tarn
1570 1011 1606 1045 in
1618 1010 1697 1046 vitae
1713 1010 1812 1066 cursu
1826 1033 1840 1054 ‚
1858 1013 1959 1058 quarn
1974 1012 2048 1059 post
2065 1022 2208 1050 mortem
2224 1015 2369 1052 ducenta

234 1061 460 1109 quadraginta
475 1061 584 1099 millia
596 1074 778 1101 aureorum
795 1063 852 1099 vel
864 1061 958 1098 dedit
972 1085 985 1105 ,
1021 1061 1077 1096 vel
1093 1060 1227 1104 legavit
1239 1082 1251 1101 ,
1269 1060 1464 1096 testamento
1480 1059 1661 1096 Pontificia
1675 1059 1880 1097 authoritate
1897 1060 2037 1107 desuper
2050 1062 2163 1100 εῐεξὶο
2178 1089 2186 1098 .

246 1116 249 1117 ’
333 1112 443 1147 Amor
456 1135 469 1155 ‚
492 1122 562 1157 quo
580 1112 728 1148 Matrem
742 1111 831 1147 suam
846 1109 1067 1154 Religionem
1078 1109 1204 1149 coluit,
1232 1107 1267 1142 in
1281 1107 1375 1144 Filio
1390 1107 1468 1144 vere
1482 1108 1545 1143 fult
1559 1118 1719 1155 paternus
1731 1120 1743 1147 3
1757 1107 1835 1144 inde
1848 1133 1861 1152 ‚
1887 1120 1925 1143 ut
1939 1109 2084 1145 Ordinis
2096 1111 2270 1148 Proteaor
2284 1123 2366 1156 prae.

236 1157 435 1203 euge-retur,
448 1159 555 1196 amica
569 1160 630 1196 lite
643 1170 760 1196 contra
776 1158 1075 1195 Eminentiflimum
1091 1157 1277 1192 Dominum
1297 1157 1507 1192 Franciscum
1521 1156 1739 1191 Cardinalem
1750 1156 1924 1192 Barberini
1936 1158 2098 1205 quaelivit.
2111 1161 2209 1196 Duos
2217 1160 2362 1198 Ordinis

235 1211 366 1245 Fratres
378 1207 506 1255 semper
521 1208 632 1245 secum
646 1209 754 1245 tenuit
768 1232 780 1252 ‚
802 1219 948 1254 quorum
962 1219 1047 1243 unus
1061 1205 1285 1252 cappellani,
1310 1207 1394 1241 alter
1421 1204 1496 1253 ejus
1509 1203 1707 1242 confessarii
1733 1204 1881 1241 officium
1903 1207 2020 1242 obibat
2034 1231 2043 1242 .
2074 1210 2142 1245 Pro
2165 1210 2360 1255 ampliando

236 1255 379 1292 Ordinis
395 1256 517 1293 decore
532 1280 545 1300 ,
574 1257 685 1293 varias
712 1259 803 1302 leges
817 1257 982 1299 sancivit,
1003 1256 1038 1295 8<
1055 1253 1260 1300 multiplices
1279 1254 1389 1294 literas
1403 1253 1621 1299 Apostolicas
1646 1253 1867 1297 procuravit.
1895 1254 2053 1300 Reliquit
2067 1256 2207 1302 posteris
2221 1257 2359 1294 Consti-

232 1296 391 1351 'tutiones
405 1305 593 1352 Synodales
607 1317 668 1352 pro
683 1305 810 1352 Dieceii
824 1303 1079 1349 senogalliensi,
1091 1313 1179 1337 anno
1198 1311 1296 1348 1737.
1310 1301 1485 1337 ordinante
1501 1301 1739 1345 lllustriffimo,
1752 1302 1785 1337 8<
1802 1301 2090 1338 Reverendisiimo
2106 1306 2258 1341 Domino
2271 1307 2357 1343 Riz.

236 1352 342 1388 zardo
360 1353 489 1388 {solano
502 1353 647 1400 ejusdem
671 1352 822 1390 Ecclesia
835 1352 1006 1399 Episcopo
1020 1349 1223 1405 &Comiter³
1247 1351 1282 1384 in
1292 1351 1378 1385 alma
1390 1350 1486 1385 Urbe
1504 1347 1724 1404 fe-impreffas
1736 1349 2044 1406 :f-ionstitutiones
2071 1357 2100 1387 δε
2129 1355 2277 1389 Decreta
2293 1367 2355 1401 pro
2371 1352 2415 1398 (²)
2446 1352 2512 1382 Lt'h·
2530 1354 2566 1382 de

233 1401 300 1436 suae
317 1400 510 1437 Dioeceseos
520 1402 756 1439 Monialibus:
785 1401 986 1436 Trafikatum
1001 1400 1043 1435 de
1056 1397 1196 1445 antiquo
1225 1398 1333 1432 modo·
1344 1397 1489 1441 eligendi
1504 1407 1537 1430 in
1549 1397 1658 1431 nostra
1685 1397 1887 1440 Religione:
1915 1399 2163 1436 Ordinationes
2186 1413 2249 1447 pro
2261 1402 2355 1438 bono
2374 1402 2432 1420 ‘'W‘'
2447 1394 2564 1430 Evang.

233 1448 335 1495 hujus
347 1447 508 1491 regimine
520 1449 586 1484 ἃς.
605 1448 842 1484 Meminerunt
857 1449 899 1482 de
909 1460 951 1484 eo
967 1447 1143 1493 Philippus
1158 1446 1265 1480 Maria
1281 1446 1432 1479 Boninus
1447 1444 1505 1491 (a)
1517 1444 1625 1481 noster
1639 1444 1863 1485 Marcellinus
1878 1445 1920 1480 de
1932 1446 2004 1485 Pise
2020 1447 2076 1494 (b)
2091 1448 2280 1487 Ciaconius
2300 1451 2353 1498 (c)

232 1496 293 1534 ubi
302 1496 339 1531 &
354 1496 586 1532 testamentum
599 1497 642 1533 ab
657 1496 731 1543 ipso
744 1496 918 1533 conditum
931 1494 1091 1539 adducit,
1106 1494 1275 1538 Ughellus
1287 1493 1352 1528 Ere.
1369 1492 1439 1541 (d).

229 1738 284 1787 P.
319 1731 534 1782 Ministro
555 1734 769 1783 Generali
784 1769 800 1791 ,
829 1731 1091 1782 facultatem
1117 1735 1265 1782 Guar-

238 1801 426 1866 Jdianos
457 1805 501 1851 in
538 1803 642 1856 actu
677 1802 992 1854 celebrationis
1027 1805 1265 1869 Capitulo-

270 1892 374 1924 rum
392 1874 747 1925 Provincialiurn
763 1872 987 1944 eligendi,
1008 1872 1168 1923 tribuit
1184 1910 1197 1921 .

313 2014 724 2070 URBANUS
770 2016 979 2065 PAPA
1029 2017 1182 2065 VIII.

431 2141 500 2185 Ad
511 2139 704 2199 futuram
730 2141 790 2182 rei
815 2145 1037 2185 memoriam
1050 2171 1062 2183 .

350 2257 549 2314 Upientes
578 2258 768 2315 prospero
787 2286 801 2309 ,
832 2257 1024 2314 felicique
1045 2262 1267 2304 Domorum

369 2317 634 2374 Regularium
662 2322 845 2360 Fratrum
870 2318 1031 2360 Ordinis
1059 2320 1268 2363 Minorum

234 2375 368 2419 Sanc‘ti
395 2374 596 2418 Francisci
619 2376 922 2432 Capucinorum
948 2389 1266 2432 nuncupatorum

233 2433 448 2487 regimini,
475 2435 515 2474 δε
528 2434 723 2489 gubernio
738 2462 752 2485 ‚
776 2437 965 2489 quantu-tn
982 2450 1071 2479 cum
1091 2438 1267 2478 Domino

233 2490 434 2548 'possumus
455 2519 470 2541 a
491 2493 720 2546 opportune
744 2493 951 2536 consulere
972 2521 985 2542 a
1017 2495 1142 2536 dietos
1171 2497 1266 2535 Fra-

235 2560 320 2591 tres
344 2548 584 2603 specialibus
609 2549 839 2601 favoribus,
868 2553 905 2591 &
925 2553 1064 2606 gratiis
1088 2551 1271 2606 prosequi

233 2607 422 2650 volentes
441 2634 455 2657 ,
485 2607 525 2650 ὃς
545 2606 565 2647 ὲ
587 2606 798 2662 quibu-svis
815 2609 1242 2651 excommunicationis
1257 2637 1270 2659 ‚

231 2665 496 2720 suspensionis
516 2693 530 2715 ‚
555 2666 593 2706 &
618 2665 851 2717 interdicti,
880 2666 1044 2722 aliisque
1074 2668 1268 2710 Ecclesia-

232 2724 338 2766 sticis
369 2723 577 2765 sententiis
594 2752 610 2774 ‚
635 2723 807 2765 censuris
834 2753 847 2775 ‚
891 2726 927 2765 δε
954 2727 1083 2780 poenis
1110 2727 1129 2767 a
1155 2727 1268 2777 iure,

231 2781 302 2826 vel
325 2781 372 2823 ab
388 2782 551 2823 homine
571 2810 585 2832 ‚
606 2782 744 2837 quavis
772 2784 975 2824 occasione
991 2812 1004 2833 ,
1034 2784 1098 2826 vel
1125 2784 1270 2828 causa-,2

232 2837 344 2891 latis,
359 2838 384 2880 fi
400 2840 540 2895 quibus
557 2840 862 2896 quomodolibet
886 2842 1069 2883 innodati
1082 2843 1268 2894 existunt,

232 2897 489 2945 ad'effec'tum
518 2899 766 2954 praesentium
802 2899 996 2942 duntaxat
1023 2901 1268 2955 consequen·-

233 2957 330 2999 dum
352 2983 366 3006 2
392 2957 532 2998 harum
559 2955 661 2998 serie
691 2956 971 3004 absolventes,
1000 2960 1040 2999 &
1064 2959 1266 3003 absolutos

229 3015 321 3057 sore
350 3013 562 3056 censentes
585 3044 597 3066 ‚
622 3014 972 3071 supplicationibus
1001 3017 1166 3060 illorum
1196 3033 1266 3060 no-

230 3074 338 3116 mine
354 3099 369 3122 2
384 3074 511 3115 Nobis
536 3073 652 3129 super
666 3075 742 3116 hoc
767 3075 971 3118 humiliter
987 3077 1180 3130 porrectis
1206 3078 1266 3118 in-

230 3131 368 3176 clinati
384 3159 398 3180 ,
422 3131 583 3173 Dileeto
597 3132 680 3174 filio
695 3133 873 3175 Antonio
890 3133 912 3176 a·
928 3136 1083 3177 Mutina
1103 3134 1265 3176 moder-

230 3205 285 3235 no
305 3188 502 3231 dierorum
516 3193 698 3234 Fratrum
717 3191 899 3233 Ministro
915 3193 1112 3236 Generali
1126 3208 1137 3235 :
1153 3193 1263 3249 quod

227 3251 270 3292 in
292 3250 376 3290 adiu
401 3249 685 3292 celebrationis
719 3251 1005 3305 Capitulorum
1027 3253 1260 3295 Provincia-

229 3308 327 3351 lium
350 3307 442 3348 dieti
458 3308 623 3350 Ordinis
646 3322 720 3363 pro
743 3320 926 3364 tempore
949 3310 1259 3354 faciendorum„

231 3366 427 3420 aliquibus
442 3379 493 3408 ex
508 3365 659 3409 eisdem
677 3367 870 3409 Domibus
884 3367 1126 3410 Guardianis
1141 3369 1264 3411 desti·-

231 3425 328 3467 tutis
348 3452 362 3474 ,
402 3427 488 3477 ipsis
518 3425 762 3468 Guardianis
784 3454 798 3476 ,
828 3425 982 3468 idoneis
1015 3437 1151 3469 tamen
1177 3454 1190 3476 ,
1222 3427 1263 3467 δι’.

231 3493 354 3539 prout
369 3481 510 3525 melius
523 3485 563 3525 in
579 3486 756 3527 Domino
774 3483 968 3540 expedire
985 3484 1265 3535 arbitrabitur,

232 3539 452 3597 providere
473 3541 600 3584 libere
615 3571 629 3593 ,
653 3545 692 3584 &
717 3543 829 3585 licite
847 3543 980 3585 valeat
994 3572 1007 3593 ‚
1037 3541 1262 3598 Apostolica

233 3597 483 3643 authoritate
504 3629 519 3651 ‚
544 3610 687 3644 tenore
715 3603 963 3658 praesentium
994 3601 1261 3643 facultatem-2
1330 3623 1334 3626 ·

234 3656 490 3701 concedimus
506 3685 518 3708 ‚
532 3659 832 3714 &impartimur
845 3691 855 3701 .
873 3659 1112 3703 Mandantes
1126 3660 1166 3699 in
1184 3659 1263 3699 vir-

234 3727 326 3759 t-ute
343 3719 383 3758 S.
401 3715 651 3758 Obedientiae
667 3720 849 3773 omnibus
865 3748 877 3770 ,
903 3721 940 3759 8(
958 3717 1117 3772 lingulis
1133 3717 1260 3758 dieta-

235 3789 323 3822 rum
342 3777 566 3820 Domorum
591 3777 792 3821 fratribus
808 3807 822 3831 ‚
846 3779 886 3820 &
907 3777 1115 3835 personis,
1139 3784 1258 3830 caetef

1323 1729 1452 1785 risque
1468 1758 1481 1780 ‚
1508 1730 1556 1772 ad
1579 1744 1676 1784 quos
1708 1730 1857 1786 specstat
1873 1760 1885 1782 ‚
1914 1741 1959 1775 ut
1983 1735 2233 1779 Guardianos
2253 1736 2352 1792 ipsa-

1322 1803 1410 1830 rum
1426 1791 1664 1840 Domorum,
1682 1790 1821 1843 vigore
1835 1790 2078 1846 praesentium
2094 1809 2168 1849 pro
2192 1805 2352 1851 tempo-

1327 1861 1373 1889 re
1398 1847 1612 1902 deputatos
1630 1850 1826 1901 recipiant
1845 1878 1859 1900 ‚
1885 1851 1925 1890 &
1950 1852 2192 1904 admittant,
2217 1853 2353 1910 eisque

1327 1916 1492 1961 pareant
1511 1934 1524 1955 a
1551 1907 1588 1946 &
1603 1906 1822 1957 obediant,
1848 1908 2092 1965 illorumque
2106 1914 2258 1953 monita
2275 1939 2289 1961 2
2314 1916 2354 1956 δε

1325 1964 1511 2005 mandata
1545 1962 1752 2019 suscipiant
1784 1966 1992 2009 humiliter
2015 1996 2028 2015 ,
2067 1971 2106 2010 &
2133 1970 2356 2014 efficaciter

2367 1441 2397 1469 p.
2412 1432 2500 1469 1.fol.
2515 1437 2564 1463 79..

2368 1471 2415 1507 (b)
2442 1474 2522 1502 Tom.
2537 1483 2564 1509 3.

2369 1516 2477 1542 Annat.
2502 1513 2564 1551 [οι.

2366 1555 2436 1588 496·

2371 1596 2416 1628 (c)
2443 1593 2475 1621 T
2471 1604 2523 1622 om·
2535 1595 2568 1629 40*

2374 1634 2417 1668 (dj
2445 1636 2480 1662 In
2498 1637 2565 1662 Ital.

2373 1674 2457 1702 Sacra
2483 1675 2565 1701 Tom-

2372 1722 2399 1742 2·
2421 1715 2456 1743 de
2477 1711 2566 1751 Epist·

2373 1754 2500 1792 Senogalq

1325 2024 1544 2076 adimplere
1571 2033 1787 2077 procurent
1812 2052 1822 2063 .
1852 2028 1945 2067 Non
1975 2027 2217 2070 obstantibus
2246 2031 2359 2073 Con·
2396 2062 2401 2067 ⁷

1326 2081 1591 2123 stitutionibus
1615 2109 1628 2132 ,
1660 2083 1700 2122 &
1727 2082 2058 2127 ordinationibus
2080 2084 2325 2142 Apostolicis
2342 2116 2358 2139 ,

1326 2153 1479 2183 necnon
1499 2141 1962 2190 Domorum,&0rdinis
1982 2143 2220 2198 hujusmodi,
2233 2149 2359 2189 etiam

1326 2199 1559 2257 juramento
1572 2227 1586 2250 ‚
1600 2197 1904 2241 confirmatione
1923 2203 2150 2256 Apostolica
2169 2233 2182 2255 ‚
2197 2206 2262 2248 vel
2279 2204 2358 2247 alia

1329 2256 1471 2314 quavis
1497 2255 1686 2298 firmitate
1714 2257 1913 2300 roboratis
1939 2261 2120 2313 statutis,
2144 2262 2360 2305 &consue-

1331 2315 1538 2357 tudinibus
1554 2345 1567 2366 ‚
1591 2315 1813 2371 privilegiis
1829 2332 1988 2373 quoque
2004 2346 2018 2369 2
2035 2320 2200 2364 indultis
2219 2352 2232 2373 ‚
2256 2324 2295 2362 &
2309 2322 2358 2363 lia

1328 2375 1426 2416 teris
1442 2374 1682 2428 Apostolicis
1711 2376 1751 2415 in
1779 2380 2022 2418 contrarium
2049 2378 2358 2433 praemissorum

1327 2432 1633 2488 quomodolibet
1649 2434 1837 2473 conceffis
1852 2461 1865 2483 ,
1888 2434 2135 2479 confirmatis
2149 2466 2162 2487 ,
2185 2440 2223 2479 ‹Sc
2237 2439 2356 2479 inno-

1326 2491 1454 2530 vatis.
1482 2488 1642 2546 Qibus
1666 2491 1849 2530 omnibus
1864 2518 1878 2540 ‚
1908 2494 1947 2532 &
1969 2491 2126 2547 singulis
2142 2522 2154 2543 ,
2181 2510 2355 2540 eorunL.

1332 2558 1495 2588 tenores
1514 2545 1763 2601 praesentibus
1784 2562 1857 2602 pro
1882 2550 1999 2604 plene
2016 2579 2029 2601 a
2052 2554 2088 2592 δε
2114 2551 2357 2597 sufficienter

1328 2603 1512 2660 expressis
1539 2604 1764 2656 habentes,
1791 2605 1868 2647 illis
1883 2607 1978 2650 alias
2000 2610 2039 2650 in
2064 2610 2131 2651 suo
2157 2614 2356 2656 robore„-

1330 2663 1619 2719 permansuris,
1634 2665 1708 2705 hac
1724 2665 1811 2706 vice
1825 2665 2018 2708 duntaxat
2034 2666 2260 2722 specialiter
2277 2699 2291 2720 ,
2316 2673 2357 2712 &2

1331 2724 1515 2777 expresse
1530 2724 1785 2777 derogamus,
1801 2725 2026 2781 ceterisque
2041 2728 2251 2769 contrariis
2266 2729 2356 2782 qu-i-

1331 2780 1582 2836 buscunque.
1615 2782 1768 2822 Datum
1794 2783 1936 2823 Romae
1961 2784 2064 2838 apud
2087 2790 2127 2828 S.
2146 2788 2357 2828 Mariam

1330 2839 1530 2894 Maiorem
1560 2837 1626 2880 sub
1660 2839 1822 2882 Annulo
1853 2840 2065 2884 Piscatoris
2096 2845 2164 2886 die
2203 2859 2354 2888 xxut.

1325 2898 1421 2956 Julii
1452 2914 1500 2940 M.
1518 2911 1764 2943 nmxxxm.
1791 2899 2051 2945 Pontificatus
2078 2903 2213 2946 Nostri
2236 2906 2356 2950 Anno

1328 2956 1528 3001 Decimo..

1859 3079 1922 3120 M.
1937 3081 1988 3121 A.
2003 3079 2240 3123 Maraldurss

1379 3233 1621 3290 Autograpb·.
1652 3234 1694 3275 in
1735 3236 1853 3278 Arch.
1886 3240 2027 3281 Secrer.
2072 3242 2186 3281 Brev.
2220 3237 2354 3294 Apost.

1435 3297 1529 3348 Reg.
1555 3292 1685 3348 mensis
1707 3295 1815 3347 '‘Julii
1848 3296 1961 3350 1623.
1975 3296 2054 3354 fhl.
2077 3309 2166 3349 ¹03·
2201 3295 2245 3335 de
2276 3309 2354 3350 qua

1437 3353 1593 3407 exempl.
1614 3354 1657 3393 in
1677 3352 1796 3397 Arda.
1804 3356 1982 3409 general..
1999 3355 2155 3398 Ordinis
2176 3356 2276 3396 Tam.
2292 3357 2351 3398 H.

1434 3424 1538 3452 num.
1553 3422 1626 3468 972

1549 3578 2110 3659 NOTA.

1415 3734 1501 3770 UAE
1525 3733 1568 3768 ab
1589 3732 1693 3766 hocce
1728 3739 1882 3778 tempore
1922 3727 2010 3765 circa
2028 3728 2127 3766 *hanc
2154 3727 2351 3766 facultatem

1320 3730 1533 3832 Qfieri
1558 3779 1806 3817 consueverunt
1823 3801 1839 3824 ,
1859 3778 1940 3815 vide
1959 3776 2048 3815 infra
2070 3778 2203 3826 fol.9z·
2350 3797 2354 3805 ›

1635 3830 1682 3871 M
2157 3830 2293 3878 Status
