2658 4244
917 241 1075 332 Sub
1135 240 1513 328 Clemente
1580 244 1664 332 X
1663 234 1713 328 I.

2164 288 2327 354 147

267 363 319 403 ‘tia
329 389 341 409 ,
362 364 462 413 firmo
478 374 669 403 remanente
686 364 826 402 Decreta
843 369 904 410 pro
917 359 1033 397 Laicis
1046 382 1058 402 ‚
1073 358 1136 406 seu
1152 359 1328 409 Converfis
1349 362 1442 396 circa
1459 358 1649 415 oratorum
1658 368 1777 416 preces
1790 366 1854 408 pro
1875 360 2091 410 observantia
2103 366 2398 419 constitutionum

264 415 379 465 quoad
393 414 541 454 Clericos
565 415 698 453 tantam
709 414 746 450 id
750 411 880 464 sta'tuat
892 435 907 458 ,
929 416 1032 457 atque
1049 407 1213 444 decernat
1224 431 1239 452 ,
1262 409 1352 458 quod
1368 409 1407 445 in
1420 408 1579 445 ‘Domino
1593 418 1701 456 mages
1714 409 1872 458 expedire
1898 411 2066 458 censuerit
2080 440 2090 450 .

1711 506 1762 544 A.
1789 505 1953 545 Albanus
1965 532 1976 542 .

458 563 597 612 Origin.
621 562 661 596 in
687 560 798 599 Arch.
817 555 975 610 generali
998 554 1150 593 Ordinis
1168 553 1261 592 Tam.
1276 557 1428 594 C.num.
1450 565 1528 603 154.

367 662 551 698 Decretum
563 668 674 696 autem
690 660 756 694 Die
771 658 804 694 6.
820 656 982 695 Decemb.
1001 655 1099 704 1691.
1113 678 1127 699 ,
1141 655 1162 690 ὲ
1175 654 1254 693 Sac.
1266 655 1446 701 Congreg.
1461 654 1504 691 de
1512 653 1602 691 statu
1619 655 1844 701 Regularium
1856 655 1899 692 ad
1911 656 2013 694 dubia
2026 657 2180 707 exposita
2190 671 2401 709 emanaturn2

266 706 302 744 8(
317 707 468 755 superius
480 710 616 746 citatum
630 706 694 742 fuit
709 707 835 743 tenoris
851 705 1016 754 sequends
1031 730 1042 740 .

361 756 560 794 Servandus
573 752 631 805 effe
645 754 907 803 Constitutiones
919 751 1114 801 Religionis
1126 778 1141 800 ,
1167 754 1211 798 ὠ·
1224 765 1352 793 annum
1364 753 1716 805 Decimumfiptimum
1728 755 1768 791 in
1781 752 1927 792 Clericis
1938 779 1952 800 ‚
1976 756 2019 798 (θ’
2031 756 2209 796 Decimum
2221 772 2346 800 nonum
2358 762 2399 799 in

271 804 446 854 Conversis
458 805 575 841 debere
586 802 796 853 inposterum
807 801 866 855 effi:
878 801 1073 852 completum
1085 828 1095 840 .

356 902 466 952 ond
480 913 556 938 cum
569 900 770 949 Superiores
782 901 916 939 nostros
930 901 1137 950 relinqueret
1154 903 1280 941 anxios
1294 925 1307 949 ,
1316 903 1427 942 faetus
1436 903 1484 942 est
1495 915 1560 953 pro
1572 903 1800 942 declaratione
1812 902 1965 942 recursus
1978 906 2021 943 ad
2035 903 2279 943 Sanffiffimum
2291 933 2303 943 .

293 1031 408 1046 m

266 1131 342 1179 Fr.
383 1130 609 1180 Carolum
647 1129 986 1182 Bruxellensem
1046 1135 1294 1184 Provinciae

295 1200 494 1249 Plandro
510 1229 521 1235 ·
545 1203 736 1269 Belgicae
761 1203 1015 1252 Alumnum
1031 1239 1046 1261 ,
1084 1204 1294 1256 Ecclefiae

300 1268 521 1337 Brugenfi
559 1269 835 1339 Episcopum
872 1272 1091 1322 destinat.

502 1369 1046 1434 NOTA.

391 1461 491 1498 ltram
504 1457 604 1505 hujus
619 1454 707 1492 Praes
708 1453 773 1490 ulis
797 1452 963 1500 praevenit
988 1453 1128 1490 Corona
1156 1454 1298 1499 glorian

262 1461 370 1548 M
396 1511 463 1544 haec
471 1506 559 1543 enim
577 1504 615 1539 Εἰ
629 1529 641 1546 ,
654 1514 760 1538 morte
774 1511 992 1547 praeocupato
1004 1500 1078 1536 data
1093 1501 1158 1535 fuit
1172 1502 1205 1535 in
1219 1514 1296 1547 prae-

261 1556 367 1591 mium
385 1556 511 1591 laboris
527 1564 613 1588 anno
633 1561 730 1596 ¹7¹0·
760 1556 939 1593 antequam
953 1545 1012 1583 illa
1032 1546 1142 1583 fuisset
1157 1548 1228 1583 insi?
1245 1549 1299 1585 ni-

262 1612 318 1638 tus
335 1629 346 1638 .
373 1601 562 1638 Laboravit
577 1599 610 1633 in
627 1596 814 1641 Religione
830 1620 842 1639 ,
865 1595 899 1630 in
913 1607 980 1642 qua
993 1595 1144 1632 hectoris
1155 1620 1168 1639 ‚
1184 1597 1301 1633 Guar-

260 1652 352 1687 diani
379 1652 445 1687 &cn
467 1648 589 1685 Officia
603 1645 694 1691 gestit
709 1658 721 1685 ς
737 1643 903 1680 laboravit
930 1643 964 1677 in
979 1644 1124 1679 Ecclesia
1138 1667 1150 1686 ,
1171 1644 1207 1678 in
1232 1657 1301 1691 qua

260 1711 386 1735 munus
401 1698 503 1740 Regii
516 1693 783 1730 concionatoris
794 1688 950 1726 exercuit
963 1701 973 1723 t
991 1690 1107 1725 labore
1118 1691 1183 1726 hoc
1195 1691 1302 1726 utrin-

260 1758 332 1792 que
346 1744 500 1789 glorioso
513 1767 526 1785 ‚
552 1741 679 1777 addidit
694 1749 826 1774 novum
850 1737 1064 1782 splendorem
1077 1737 1143 1773 suae
1159 1738 1301 1773 Nativi-

265 1795 323 1829 tati
337 1818 351 1838 ‚
375 1804 477 1839 quarn
488 1802 531 1826 ex
546 1787 684 1825 familia
713 1784 910 1832 Principum
924 1783 965 1821 de
992 1785 1129 1822 Hosnes
1154 1786 1273 1823 habuit
1288 1810 1302 1831 ,

265 1844 348 1887 sago
374 1851 522 1885 togaque
548 1835 763 1874 celeberrima
780 1859 790 1869 .

296 1919 701 1934 ——n—-——-—

265 1975 517 2024 Sententias
539 1977 645 2020 DD.
664 1970 978 2020 Cardinalium
994 2006 1008 2027 ‚
1030 1973 1306 2022 Patriarcha-

299 2061 400 2094 rum
419 2078 435 2099 ,
475 2039 931 2107 Archiepiscoporum
952 2077 967 2098 ,
995 2039 1042 2090 &
1063 2040 1304 2110 Episcopo.

1286 2115 1301 2134 Λ

297 2131 401 2163 rum
437 2111 566 2180 super
601 2112 959 2162 Canonizatione
993 2115 1046 2161 Β.
1081 2113 1242 2162 Felicis
1278 2135 1304 2163 a

300 2185 559 2234 Cantalicio
596 2183 791 2248 exquirit
810 2218 822 2230 .

554 2310 788 2355 venerabiles
821 2314 984 2356 Fratres
999 2342 1010 2355 .

366 2415 485 2469 Legit
507 2414 606 2456 olim
624 2412 820 2455 Dominus
841 2413 970 2455 David
988 2417 1161 2458 Servum
1177 2417 1306 2464 suum,

393 2474 544 2514 tametsi
565 2474 672 2515 inter
691 2469 793 2513 filios
807 2469 910 2528 Jeffe
931 2473 1112 2516 minimus
1139 2486 1233 2516 natu
1246 2473 1304 2513 es-

265 2531 354 2581 set,
379 2529 610 2585 sustulitque
642 2545 735 2572 eum
762 2531 816 2571 de
844 2532 1034 2586 gregibus
1058 2532 1194 2572 ovium
1220 2559 1234 2580 ‚
1260 2539 1304 2571 ut

266 2589 307 2630 in
328 2589 504 2629 Thronis
525 2590 684 2642 Regum
702 2587 928 2628 collocaret
950 2617 961 2627 .
988 2589 1126 2642 Elegit
1148 2587 1306 2630 noviffi-

266 2647 335 2689 me
354 2650 527 2687 Servum
555 2647 676 2686 etiam
692 2646 798 2686 suum
816 2645 994 2688 Felicem
1010 2647 1029 2686 :l
1048 2647 1279 2690 Cantalicio
1292 2675 1306 2697 ,

268 2703 484 2749 Affisienfis
502 2703 736 2747 Patriarchae
754 2704 957 2746 minimum
972 2704 1096 2745 filium
1112 2735 1125 2758 ,
1152 2708 1192 2747 &
1215 2706 1305 2750 de,

264 2763 350 2820 post
384 2760 567 2804 faetentes
594 2762 749 2815 accepit
773 2776 865 2803 eum
883 2790 896 2811 ,
920 2773 965 2804 ut
993 2764 1034 2806 in
1064 2765 1196 2807 medio
1219 2768 1307 2807 Ma-

266 2832 486 2878 gnatorum
502 2819 723 2864 consedere
743 2819 854 2861 illum
871 2819 1050 2873 faceret,
1069 2824 1304 2866 Ecclesiam-

267 2894 349 2936 que
375 2878 484 2921 suam
511 2907 525 2929 ,
567 2892 688 2932 quam
715 2879 944 2921 humilitate
971 2882 1057 2923 vult
1087 2881 1302 2932 crescere,

266 2937 467 2995 praeclaris
483 2937 590 2977 illius
609 2937 825 2977 virtutibus
841 2937 1057 2981 illustraret
1072 2967 1082 2978 .
1110 2942 1172 2982 Sic
1190 2942 1304 2983 Felix

269 2997 426 3039 electus
450 2995 469 3036 εἰ
498 2994 671 3036 Domino
685 3021 698 3044 ‚
721 2993 872 3049 elegit,
886 2995 1022 3049 &ipse
1037 2996 1209 3050 abjectus
1224 2998 1302 3041 effe

266 3056 308 3097 in
326 3056 460 3095 Domo
480 3053 555 3092 Dei
577 3050 662 3103 sui,
688 3053 811 3107 magis
828 3081 841 3103 ‚
854 3055 971 3108 quam
989 3056 1168 3098 habitare
1186 3060 1224 3100 in
1242 3069 1303 3100 ta-

263 3110 492 3156 bernaculis
513 3120 777 3165 peccatorum
794 3125 805 3151 ε
823 3111 1046 3169 pusilloque
1062 3116 1176 3170 gregi
1190 3146 1203 3167 ³
1219 3117 1306 3172 qui-

265 3173 338 3214 bus
353 3182 502 3212 aeterno
519 3168 627 3210 Patri
645 3168 891 3224 complacuit
906 3170 1003 3213 dare
1019 3175 1222 3228 Regnum,
1235 3176 1304 3215 ad·

263 3229 383 3272 scribi
402 3229 566 3283 cupiens
589 3255 602 3278 ,
630 3237 674 3268 ut
691 3241 878 3282 magnum
905 3231 1154 3274 construeret
1181 3233 1302 3275 aedifi-

264 3288 369 3344 cium
394 3287 625 3330 Sanctitatis
654 3315 667 3336 ‚
706 3285 788 3326 alta
812 3289 919 3342 prius
943 3290 1040 3339 jecit
1068 3289 1303 3335 fundamen-

266 3355 308 3388 ta
325 3345 562 3388 humilitatis
580 3373 590 3384 .
616 3344 862 3399 Sapientiam
893 3346 1008 3401 hujus
1027 3350 1163 3391 mundi
1179 3379 1192 3398 ,
1218 3365 1301 3404 quae

267 3404 435 3446 :stultitia
462 3403 517 3447 est
545 3404 647 3457 apud
679 3406 809 3445 Deum
835 3433 848 3455 ‚
895 3404 1046 3461 semper
1076 3407 1258 3464 despexit
1284 3441 1299 3461 ‚

268 3462 483 3518 stultusque
511 3461 639 3516 saepius
667 3462 806 3504 haberi
836 3463 980 3507 studuit
999 3478 1163 3519 propter
1177 3468 1301 3509 Chri..

269 3520 371 3562 stum
393 3549 407 3571 ,
433 3532 474 3562 ut
505 3522 600 3562 vere
627 3518 722 3562 effe't
746 3520 900 3576 sapiens
922 3553 936 3574 ,
962 3522 1030 3565 illa
1061 3525 1210 3568 silicet
1242 3528 1298 3569 sa-

267 3578 426 3636 pientia
444 3606 456 3628 ,
479 3592 596 3632 quam
619 3578 739 3622 decet
756 3583 942 3625 Charitas
957 3584 1131 3626 Christi:
1153 3586 1298 3627 Chari-

268 3648 331 3680 tas
350 3668 363 3689 ,
392 3651 477 3693 quae
503 3637 653 3690 patiens
675 3641 759 3691 est,
786 3641 954 3697 benigna
970 3643 1024 3686 est
1041 3673 1054 3694 ‚
1083 3658 1159 3685 non
1179 3658 1296 3687 aemu-

269 3696 406 3747 latur,
432 3709 512 3739 uon
544 3694 706 3738 inflatur
725 3726 738 3747 ‚
763 3714 840 3741 non
869 3702 1080 3745 irritatur:
1108 3705 1296 3749 Charitas

265 3771 352 3812 quae
370 3755 501 3796 omnia
518 3752 680 3797 suffert.
711 3758 801 3798 Hoc
831 3759 955 3802 divini
983 3764 1127 3804 amoris
1158 3764 1300 3816 igne-2

266 3816 509 3859 mirabiliter
526 3813 681 3857 aestuans
697 3817 959 3862 BeatusFelix
972 3819 1056 3877 jugi
1074 3822 1304 3865 meditatio-

2266 1032 2384 1048 -ῃ

1354 1133 1413 1176 nis
1442 1132 1573 1175 studio
1596 1159 1611 1183 a
1639 1134 1680 1175 &
1707 1135 1854 1179 affidua
1879 1135 2064 1178 oratione
2092 1149 2163 1191 per
2194 1133 2403 1176 arduum...

1354 1192 1586 1236 Christianae
1609 1191 1864 1247 perfectionis
1889 1196 2096 1237 tramitem
2113 1194 2163 1236 ad
2179 1192 2401 1247 Superiora

1354 1248 1589 1292 conscendit
1617 1265 1629 1291 :
1654 1254 1734 1304 quo
1765 1253 1821 1296 sui
1851 1253 2120 1309 abnegatione
2153 1247 2400 1301 submissior,

1355 1310 1407 1352 eo
1422 1307 1644 1351 divinarum
1661 1326 1800 1355 rerum
1816 1312 2160 1367 contemplatione
2177 1309 2402 1352 sublimior·

1357 1366 1602 1421 Asperrimis
1631 1370 1777 1411 Carnis
1805 1371 2128 1412 afflietationibus
2155 1399 2170 1420 ,
2202 1366 2360 1425 jejuniis
2387 1394 2404 1417 ‚

1357 1425 1616 1480 rigidiffimis‚
1635 1442 1681 1469 ac
1699 1428 1795 1471 vere
1810 1429 2015 1484 perpetuis
2038 1428 2183 1484 vigiliis
2198 1456 2211 1479 ,
2231 1422 2403 1467 mortifi-

1359 1482 1563 1523 cationem
1592 1487 1739 1526 Crucis
1764 1486 1913 1540 jugiter
1944 1488 1981 1527 in
2012 1486 2080 1527 suo
2107 1500 2281 1541 corpore
2310 1497 2406 1538 por-

1361 1539 1463 1581 tavit
1493 1538 1728 1597 ,illudque
1754 1543 1969 1585 severioris
1997 1545 2244 1597 poenitentia:
2275 1542 2407 1584 auste-

1361 1598 1484 1639 ritate
1509 1598 1564 1639 ita
1591 1600 1748 1651 prorsus
1774 1601 2001 1644 edomitum
2021 1631 2034 1652 ,
2059 1616 2105 1644 ac
2124 1602 2293 1658 Sp³ritui
2317 1599 2408 1641 sub-

1359 1654 1510 1712 jectum
1534 1656 1712 1699 reddidit
1731 1686 1745 1708 2
1769 1669 1815 1699 ut
1844 1661 1881 1700 in
1901 1674 2023 1702 carne
2039 1661 2247 1702 ambulans
2262 1689 2278 1709 ,
2296 1673 2406 1702 non..-

1360 1710 1580 1754 secundum
1605 1728 1767 1758 carnem
1785 1716 2020 1758 militaverit
2043 1745 2055 1767 ‚
2087 1731 2133 1759 ac
2149 1746 2163 1767 ,
2197 1718 2291 1758 licet
2321 1715 2408 1756 fre-

1361 1768 1548 1823 quentius
1568 1771 1733 1814 nimium
1761 1772 1896 1816 miseri
1922 1774 2037 1831 hujus
2054 1775 2195 1818 Saeculi
2214 1773 2407 1829 periculis

1364 1828 1524 1869 humilis
1557 1831 1756 1874 ministerii
1792 1830 1847 1873 sui
1890 1834 2046 1875 ratione
2077 1863 2091 1884 ,
2132 1834 2239 1889 quod
2283 1833 2406 1887 longo

1363 1886 1546 1928 mortalis
1560 1889 1630 1928 aevi
1649 1888 1776 1944 spatio
1793 1893 1977 1934 exercuit
2001 1920 2013 1942 ‚
2051 1892 2087 1932 in
2117 1892 2287 1946 singulos
2318 1891 2406 1933 sere

1364 1945 1450 1986 dies
1467 1945 1659 1988 obnoxius
1675 1946 1798 1990 fuerit
1814 1978 1828 1999 ,
1856 1950 1988 1992 adhuc
2005 1961 2138 1991 tamen
2160 1950 2314 1992 nullam
2330 1954 2408 1992 Sae-

1364 2002 1447 2044 culi
1465 2004 1662 2046 maculam
1677 2008 2086 2050 contraxerit.Verus
2103 2008 2253 2049 Christi
2269 2008 2407 2049 athle-

1363 2072 1404 2104 ta
1423 2090 1437 2112 ,
1469 2075 1588 2104 verus
1618 2064 1816 2106 Francisci
1845 2069 2060 2116 Set‘tator‚
2102 2067 2139 2107 δι
2176 2067 2298 2108 Filius
2332 2080 2406 2120 per

1363 2119 1611 2163 aretiffimam
1641 2134 1919 2179 paupertatem
1959 2125 2117 2167 cursum
2153 2125 2309 2175 illum,
2344 2126 2405 2166 in-

1364 2192 1484 2235 quem
1517 2180 1763 2222 vestimentis
1795 2182 1985 2238 abjectu,
2016 2196 2068 2222 ne
2093 2182 2405 2233 succumberet,

1364 2238 1513 2280 nudum
1543 2236 1582 2279 se
1608 2239 1863 2282 commiserat
1889 2269 1902 2292 ‚
1923 2241 2130 2296 gloriose,
2151 2255 2197 2283 ac
2225 2240 2404 2283 feliciter

1361 2295 1657 2340 consummavit
1678 2327 1689 2338 .
1738 2300 1984 2355 Evangelica
2019 2313 2156 2340 rerum
2187 2300 2405 2342 omnium-s

1360 2364 1616 2398 terrenarum
1629 2356 1885 2400 abdicatione
1915 2354 2014 2398 insta
2032 2358 2212 2400 homines
2232 2358 2405 2414 politus,

1368 2415 1578 2467 insignium
1606 2415 1893 2459 miraculorum
1923 2408 2112 2470 fulgore,
2137 2418 2280 2471 quibus
2307 2431 2404 2457 eum

1365 2470 1577 2512 decoravit
1604 2471 1849 2523 Altiffimus,
1877 2472 1990 2527 supra
2024 2474 2207 2515 homines
2223 2475 2406 2516 colloca-

1365 2537 1430 2568 tus
1457 2541 1468 2569 :
1501 2530 1597 2571 Haec
1610 2530 1742 2571 omnia
1767 2530 2016 2573 exactissimis
2046 2534 2306 2585 comprobata
2326 2534 2403 2574 do-

1365 2589 1562 2629 cumentis
1581 2615 1595 2637 ,
1624 2602 1709 2644 quae
1737 2589 1848 2630 vobis
1873 2587 2030 2631 abunde
2055 2589 2262 2632 innotuisse
2287 2606 2399 2634 non-³

1366 2645 1599 2698 ambigimus
1615 2675 1628 2698 ,
1652 2644 1818 2690 differte
1834 2646 1922 2689 satis
1937 2647 2157 2701 efflagitare
2185 2649 2401 2701 videntur,

1365 2714 1408 2743 ut
1433 2706 1631 2747 Dilectum
1651 2708 1741 2746 Deo
1757 2709 1819 2757 ,δι
1834 2706 2056 2747 hominibus
2076 2706 2221 2747 Virum
2237 2735 2250 2757 ,
2274 2723 2397 2764 quem

1366 2762 1500 2807 divina
1517 2764 1770 2807 fruentemin
1790 2763 1907 2807 coelis
1931 2764 2132 2807 Beatitate
2156 2764 2307 2807 dudum
2321 2781 2394 2808 co-

1364 2821 1481 2866 limus
1496 2853 1510 2875 ‚
1521 2825 1563 2865 in
1579 2822 1698 2865 terris
1712 2824 1851 2872 etiam,
1866 2823 2116 2864 authoritate
2131 2823 2256 2866 Nobis
2271 2826 2291 2866 a
2309 2827 2396 2868 Do-

1364 2883 1470 2926 mino
1495 2882 1649 2926 tradita
1665 2884 1922 2930 ‚Sanctorum
1938 2879 2041 2923 fastis
2066 2882 2298 2925 solemniter
2323 2883 2397 2927 ad-

1363 2940 1605 2984 scribamus:
1629 2939 1826 2992 postulant
1855 2938 2019 2995 idipsum
2039 2941 2125 2983 Viri
2154 2942 2361 2997 Principes
2378 2973 2394 2994 ‚

1363 3000 1533 3052 postulat
1553 2998 1775 3053 Religiosus
1790 3000 2088 3052 Capucinorum
2105 3000 2224 3042 Ordo
2236 3031 2251 3052 ‚
2276 3002 2396 3043 Fide-

1367 3056 1463 3102 lium
1491 3058 1591 3117 pene
1621 3058 1796 3101 omnium
1819 3058 2014 3114 postulant
2049 3070 2170 3101 vota.
2205 3062 2393 3104 Verum„

1367 3119 1472 3173 prius
1487 3148 1500 3170 ,
1515 3117 1634 3175 quarn
1649 3116 1723 3159 hoc
1736 3117 1999 3160 decernamus
2017 3147 2029 3169 ,
2050 3119 2391 3172 quemadmodum

1366 3177 1516 3220 sedium
1543 3186 1776 3222 aeternarum
1804 3174 2027 3220 assistricem
2056 3177 2289 3231 sapientiam
2317 3177 2393 3218 im-

1364 3236 1528 3292 plorare
1551 3248 1632 3277 non
1656 3235 1962 3277 intermittimus
1981 3264 1994 3285 ‚
2019 3236 2073 3276 ita
2100 3233 2244 3275 vestras
2263 3235 2388 3276 etiam

1364 3295 1578 3338 sententias
1601 3294 1673 3336 hac
1696 3294 1737 3334 in
1760 3307 1804 3337 re
1828 3294 1970 3335 audire
1985 3291 2236 3347 summopere
2263 3308 2389 3350 exop-

1362 3363 1513 3398 tamus.
2012 3381 2019 3399 ι

1461 3477 1654 3533 Omnium
1689 3483 1810 3530 votis
1835 3481 2093 3551 singillatim
2127 3481 2282 3531 auditis

1526 3552 1734 3602 Sanc‘litas
1769 3550 1852 3600 Sua
1887 3557 1952 3602 ita
1968 3554 2222 3621 fhbjunxit.

1647 3667 1881 3712 Venerabiles
1912 3671 2076 3711 Fratres
2088 3697 2100 3710 .

1420 3769 1460 3807 Ν
1485 3766 1620 3817 illum,
1636 3769 1704 3823 qui
1720 3769 1849 3810 noster
1862 3768 1940 3824 jam
1954 3780 2041 3812 erat
2055 3801 2069 3820 ,
2086 3768 2239 3812 sensum
2253 3771 2390 3814 suffra-

1447 3827 1508 3882 gia
1532 3826 1657 3869 vestra
1681 3827 1900 3882 pleniffime
1922 3830 2198 3871 conveniunt:
2227 3842 2269 3871 ut
2295 3835 2390 3874 San-

1645 3888 1680 3928 T
1711 3899 1733 3928 2
2111 3889 2162 3930 ‹sti
2181 3888 2343 3932 scilicet
