2658 4244
400 233 402 236 ,
1466 197 1676 234 ....””
1786 196 1802 235 'f
1872 198 1912 222 “³³

341 245 365 286 1
393 240 428 304 9
449 220 483 282 6
907 210 1068 300 Sub
1129 207 1511 306 Clemente
1571 196 1749 297 XII.
1860 276 1870 286 .
1926 261 1928 265 ι

269 333 550 359 remuneraretur
563 346 575 367 ‚
594 323 930 376 archiepiscopatum
954 327 1220 367 Urbinatensem
1239 328 1348 364 Anno
1367 339 1470 374 1739.
1497 327 1537 363 Ei
1552 326 1683 363 obtulit
1695 351 1706 362 .
1729 322 1814 373 Q
1832 331 1945 360 autem
1956 321 2039 371 jam,
2051 319 2135 357 alias
2148 319 2338 370 hujusmodi
2352 325 2415 365 Sa·
2453 350 2456 352 v

269 372 426 408 cci-dotia
451 373 686 418 recusaverat,
708 376 812 414 etiam
833 376 876 412 ab
899 378 1004 415 hocce
1032 377 1139 415 eximi
1167 387 1289 421 gratus
1313 378 1480 423 rogavit.
2295 388 2297 391 '

371 421 724 466 Nihilominu8,dum
736 424 881 463 bonores
900 426 1036 462 humilis
1054 427 1197 475 rejecit,
1214 426 1399 472 ampliores
1421 426 1548 464 lubens
1572 424 1715 473 suscepit
1741 425 1898 465 labores,
1918 431 2044 458 munus
2067 418 2321 457 Examfffltm'l‘
2337 422 2416 470 EPI'

269 469 452 515 scoporum
476 469 672 507 affumendo
687 496 700 515 ‚
720 473 756 511 8<
774 475 961 520 praehabito
973 474 1194 512 Consultoris
1220 475 1295 513 Sac.
1314 475 1392 512 Rit.
1410 475 1717 521 congregationis
1741 471 1856 509 officio
1871 495 1885 517 ,
1905 469 2199 506 Consultoratum
2228 468 2414 515 Romane,

269 517 304 555 8<
331 518 543 559 Universalis
566 519 794 571 lnquilitionis
814 521 1030 572 adjungendo
1046 550 1056 560 .

295 615 304 625 ·
364 567 458 624 Qte
470 568 583 604 omnia
600 569 770 620 hucusque
785 572 963 617 exercuit,
977 577 1008 609 δι
1023 573 1133 612 adhuc
1145 583 1298 618 exercet,
1315 573 1455 621 Populo
1471 575 1629 611 Romano
1643 597 1654 617 ,
1668 571 1782 608 Curiae
1794 570 1987 613 VatIcanae‚
2003 566 2216 605 Eminentiss.
2231 565 2317 601 DD.
2329 565 2418 603 Car-

269 616 441 652 dinalibus
452 640 466 659 ,
489 621 523 653 &
537 618 686 654 Summis
704 620 930 657 Pontificibus
947 623 1079 668 semper
1095 622 1216 660 cliarus
1228 647 1240 666 ‚
1254 624 1460 670 &acceptus
1475 648 1484 658 .
1507 623 1645 669 Populo
1661 623 1824 658 Romano
1837 644 1849 663 ,
1869 618 1969 667 cujus
1983 616 2143 654 affefkum
2158 639 2171 660 ,
2194 624 2326 652 morum
2340 613 2420 650 suo-

270 677 346 700 rum
362 666 480 710 lepore
493 690 506 710 ,
531 670 563 701 δε
578 667 727 704 candida:
740 667 997 707 virtutisillicio
1023 670 1065 706 ad
1094 671 1125 706 le
1142 674 1231 719 rapit
1249 683 1258 705 :
1284 671 1401 707 Ciiriae
1419 670 1595 707 Vaticanae
1609 696 1621 714 ,
1646 683 1721 718 quae
1743 671 1779 705 in
1795 667 1876 716 Ejus
1903 666 2052 704 oraculis
2077 670 2110 702 &
2126 663 2223 701 votis
2239 686 2253 707 ,
2273 663 2418 699 elevata

268 712 453 762 Sapientiae
479 726 619 750 acumen
641 719 871 755 commendat.
906 718 1120 756 Eminentiss.
1139 723 1224 757 DD.
1240 719 1508 764 cardinalibus,
1535 731 1681 767 quorum
1707 720 1788 755 dum
1814 715 1973 752 nonnulli
2002 715 2107 752 lllum
2131 713 2173 751 ad
2202 711 2418 749 confidentiae

265 760 404 798 consilia
422 771 572 806 vocant,
596 763 653 800 alii
674 765 897 803 familiarioris
918 767 1072 803 amicitiae
1094 768 1214 804 favore
1247 766 1526 814 prosequuntur:
1556 768 1704 804 Summis
1722 765 1971 808 Pontificibus,
1996 762 2206 801 Innocentio
2219 761 2321 798 XIll.
2353 761 2419 796 Be·

266 810 523 848 nedietoxlli.
549 813 583 848 8<
606 813 777 850 Clementi
793 815 997 860 X11.,inter
1021 827 1109 863 quos
1125 813 1326 852 Benedii‘stus
1350 817 1413 852 suae
1435 828 1514 860 erga
1539 817 1638 852 illum
1667 815 1894 852 aestimationis
1924 814 2015 851 sensa
2041 811 2192 856 iteratis,
2215 810 2250 849 &
2269 809 2418 865 insolitis

267 858 458 895 honorariis
481 861 722 909 comprobavit
746 887 758 906 ,
795 864 948 912 Eumque
982 864 1024 900 ad
1060 865 1277 911 Apostolicas
1302 863 1375 900 suas
1401 865 1598 901 Conciones
1633 865 1773 910 publico
1797 864 1898 908 praelo
1935 861 2158 898 subiiciendas
2186 884 2200 904 ‚
2239 859 2338 894 vario
2362 858 2419 893 sti-

267 909 364 943 mulo
377 931 391 950 ,
412 908 600 957 oblatoque
619 910 718 946 ctiam
744 911 966 958 expensarum
980 912 1132 959 peculio,
1147 914 1266 960 saepiiis
1280 912 1439 948 incitavit
1455 924 1464 946 ε
1480 913 1699 947 Innocentius
1712 935 1724 951 ,
1739 913 1773 946 8<
1785 913 1946 946 Clemens
1967 921 2078 947 autem
2094 934 2107 955 ,
2119 920 2240 957 praerer
2252 906 2415 943 diversa„

266 956 460 996 Pontiliciae
482 957 730 994 benevolenriae
745 960 923 1006 specimina
946 962 985 998 Ei
1001 985 1013 1005 ‚
1027 963 1107 997 dum
1132 962 1166 997 in
1192 974 1301 1006 agone
1326 960 1603 1001 contendebant,
1620 959 1675 993 sua
1690 960 1772 995 Fata
1793 958 2013 993 commisere.
2046 958 2198 1004 Utrique
2214 957 2318 992 etiam
2341 953 2416 1002 pari

266 1005 367 1040 exitu
384 1027 396 1046 ‚
422 1005 486 1040 hoc
506 1006 656 1041 officium
678 1008 866 1053 impendit,
887 1022 963 1047 cum
989 1021 1134 1054 uterque
1157 1010 1215 1047 sub
1241 1009 1393 1047 manibus
1414 1009 1488 1056 ejus
1509 1006 1765 1053 exspiraverit,
1791 1004 1915 1052 dispari
1941 1014 2053 1040 tamen
2077 1015 2158 1042 cura
2179 1005 2214 1039 8<
2230 1014 2382 1049 tempore
2401 1026 2416 1046 ‚

266 1065 345 1088 cum
362 1054 526 1090 Clemens
542 1054 625 1090 XII-
653 1055 736 1089 Eum
762 1058 780 1102 ζ
793 1069 910 1102 praetei·
924 1058 1052 1103 usum)
1075 1058 1184 1095 solum
1211 1058 1269 1094 libi
1289 1059 1482 1094 assistentem
1511 1055 1663 1093 voluerit
1686 1080 1698 1102 ,
1722 1055 1756 1091 Sc
1781 1065 1841 1103 pei·
1867 1053 1947 1090 oeto
1968 1052 2043 1089 dies
2069 1076 2082 1098 ,
2102 1051 2247 1101 *quibus
2278 1051 2343 1087 suae
2367 1061 2419 1086 re-

263 1100 445 1137 solutionis
468 1111 604 1148 tempus
629 1101 835 1148 expeftabat
850 1131 861 1150 ,
887 1109 906 1143 a
923 1108 954 1143 se
967 1106 1123 1150 elongari
1136 1119 1204 1142 non
1221 1107 1409 1151 permiserit
1425 1132 1435 1142 .
1825 1144 1827 1147 f
2332 1119 2335 1129 ¹

344 1149 519 1205 ‘Fratrum
542 1149 670 1185 sssslmos
695 1151 774 1186 dein
801 1155 898 1199 plene
928 1154 1098 1202 possedit,
1120 1168 1197 1191 cum
1220 1157 1254 1192 se
1278 1156 1437 1191 omnibus
1463 1155 1596 1201 semper
1620 1152 1816 1190 exhibuerit
1831 1151 2025 1189 Ministrum
2039 1152 2074 1188 in
2087 1152 2193 1188 multa
2216 1148 2417 1199 patiemim

262 1197 426 1254 charitate
445 1209 513 1233 non
530 1196 634 1242 fista,
659 1198 692 1234 8<
723 1199 886 1240 suavitate
914 1204 1049 1252 prorsus
1064 1204 1236 1241 miranda>
1263 1204 1447 1241 Benedixit
1475 1206 1577 1240 etiam
1605 1205 1702 1239 Deus
1727 1202 1820 1239 illius
1838 1201 2031 1246 gubernio,
2057 1200 2208 1249 fecitque
2235 1199 2326 1235 illud
2355 1209 2419 1233 ve-

262 1245 298 1282 re
325 1245 514 1290 gloriosum
533 1269 546 1289 ‚
570 1247 650 1303 dufn
678 1246 739 1285 sub
763 1262 806 1285 eo
824 1252 918 1290 Veri.
938 1253 1009 1290 Dei
1027 1254 1159 1290 Servus
1180 1254 1347 1302 Iosephus
1372 1255 1391 1290 A
1411 1252 1563 1290 Leonissa
1580 1254 1761 1289 Beatorum
1776 1251 1925 1299 Syllabo
1951 1249 2014 1286 fuit
2036 1250 2252 1297 adscriptus,
2280 1247 2315 1283 8<
2330 1245 2419 1293 ejus-

263 1294 342 1331 dem
364 1293 462 1331 causa
489 1295 781 1351 §anonizfitionis
807 1301 934 1345 {ignata
952 1327 964 1346 ‚
992 1302 1089 1337 causa
1105 1302 1394 1339 Canonizationis
1422 1303 1461 1338 B.
1488 1301 1667 1345 Seraphini
1696 1301 1738 1337 de
1764 1301 1895 1336 Asculo
1921 1312 2019 1336 novo
2047 1300 2205 1335 Decreto
2225 1305 2385 1343 promota
2402 1319 2417 1340 ,

263 1342 377 1400 (Jausa
404 1343 680 1380 Beatificationis
696 1346 787 1383 Ven.
804 1351 871 1386 Dei
886 1350 989 1389 Servi
1006 1353 1059 1387 Fr.
1080 1352 1238 1390 Bernardi
1267 1353 1286 1386 ἐι
1300 1352 1475 1388 Corleone
1502 1350 1699 1397 reassumpta
1715 1373 1727 1392 ‚
1751 1350 1784 1386 8<
1799 1349 1858 1385 illa
1887 1349 1929 1384 de
1950 1348 2038 1384 Ven.
2054 1347 2166 1384 Servo
2184 1345 2251 1380 Dei
2267 1345 2412 1399 Lauren-

263 1401 315 1428 tio
340 1393 358 1427 a
375 1391 565 1427 Brundusio
590 1393 625 1427 in
643 1393 744 1431 Sacra
764 1398 905 1435 Rittium
921 1401 1205 1443 Congregatione
1218 1400 1357 1436 induem
1377 1413 1385 1435 :
1413 1403 1506 1436 Dum
1525 1400 1559 1434 in
1578 1400 1718 1436 Sacello
1732 1398 1921 1434 collaterali
1939 1396 2086 1433 Balilicae
2101 1391 2324 1431 Lateranensis
2349 1402 2416 1428 in..

263 1441 380 1476 tabula
406 1441 542 1477 Altaris
568 1442 685 1478 Sanffl
712 1444 844 1482 Barbati
864 1448 1021 1493 Episcopi
1052 1447 1216 1492 imagines
1245 1450 1314 1485 BB.
1330 1448 1462 1485 fidelis
1476 1450 1494 1482 ὲ
1509 1446 1726 1491 Sigmaringa
1741 1470 1752 1489 ‚
1778 1448 1813 1482 &
1829 1445 1965 1495 josephi
1994 1459 2012 1481 a
2027 1443 2178 1480 Leoniffa
2193 1466 2205 1485 ³
2234 1451 2418 1489 quorum-

263 1488 535 1526 Beatificationis
550 1490 726 1527 Solemnia
757 1493 792 1528 in
805 1495 896 1530 diEta
910 1494 1047 1531 Balilica
1063 1494 1158 1531 fuere
1184 1496 1318 1543 peraffta
1335 1522 1345 1539 ‚
1370 1496 1440 1531 ndo
1467 1495 1616 1530 restorio
1642 1494 1738 1537 pingi
1763 1493 1922 1537 curavit,
1946 1495 2002 1538 Ius
2029 1491 2176 1531 decisum
2191 1489 2342 1527 Ordinis
2366 1497 2419 1538 ty-

266 1537 321 1585 pis
339 1538 475 1580 vulgari
492 1561 504 1580 ,
530 1537 564 1572 8<
582 1538 767 1575 Bullarium
785 1544 960 1588 compilari
983 1543 1187 1587 ordinavit,
1211 1545 1415 1580 Archivium
1441 1545 1596 1587 generale
1619 1543 1639 1578 ὲ,
1662 1543 1804 1588 pulvere
1830 1540 1895 1576 otii
1920 1539 2085 1588 purgari,
2114 1540 2148 1575 8<
2175 1539 2211 1576 in
2236 1536 2414 1574 meliorem

264 1585 420 1620 ordinem
437 1584 544 1628 redigi
560 1584 651 1630 jiillit
666 1611 677 1627 ‚
705 1590 818 1633 plures
847 1591 976 1627 Lireras
993 1590 1212 1631 Apostolicas
1237 1601 1305 1625 tam
1331 1602 1395 1635 pro
1412 1589 1557 1627 Ordinis
1583 1590 1705 1623 decore
1721 1613 1734 1631 ,
1758 1592 1861 1634 quam
1874 1590 2111 1626 emolumento
2131 1585 2330 1635 procuravit
2344 1607 2359 1628 ,
2382 1586 2419 1619 ἔτ

265 1644 306 1668 ca
333 1634 455 1668 Roma:
479 1632 655 1667 residendo
670 1636 769 1678 egit,
795 1649 870 1682 quae
901 1638 1006 1678 alias,
1021 1637 1084 1671 illo
1101 1638 1300 1674 Provincias
1324 1640 1581 1678 circumeunte,
1609 1634 1695 1669 effici
1720 1636 1811 1670 haud
1837 1636 2046 1680 potuifl'ent.

365 1680 557 1726 Specialem
574 1679 616 1715 de
645 1682 698 1716 Eo
725 1685 836 1721 laudis
859 1685 1057 1720 memoriam
1082 1683 1203 1721 fovere
1230 1687 1335 1722 debet
1364 1683 1547 1720 Provincia
1567 1683 1754 1725 Romana,
1779 1681 1834 1717 cui
1859 1682 2005 1728 (pi-teter
2032 1680 2169 1716 diversa
2192 1680 2259 1714 alia
2285 1679 2415 1716 benefia

268 1729 356 1775 03³)
380 1738 426 1763 ex
443 1727 625 1764 Ρῡΰῐῖἦῦῖο
652 1729 702 1764 sul
733 1732 928 1779 Apostolici
960 1732 1136 1769 Ministerii
1161 1734 1347 1782 stipendio
1373 1733 1408 1768 In
1434 1731 1622 1766 Conventu
1651 1729 1880 1772 Praenestino,
1904 1728 2151 1765 Bibliothecam
2181 1726 2353 1773 exquisita
2381 1727 2419 1763 li·

265 1779 407 1815 brorum
434 1776 535 1822 copia
559 1776 732 1814 formatam
749 1803 761 1822 ‚
789 1781 995 1828 Apostolica
1020 1781 1183 1820 ficultate
1210 1783 1379 1831 reliquit,
1403 1794 1440 1817 ac
1468 1780 1576 1829 ipsum
1604 1789 1829 1815 memoratum
1856 1778 2081 1814 Conventum
2114 1775 2265 1825 plurium
2295 1775 2417 1812 Cella-

265 1838 342 1864 rum
365 1825 554 1872 appendice
579 1826 787 1872 ampliavit.

367 1875 492 1912 Servet
521 1875 617 1910 Deus
647 1876 690 1911 ad
723 1877 875 1925 plurium
899 1892 1062 1918 annornm
1090 1880 1208 1918 iliades
1233 1882 1323 1918 hunc
1349 1879 1475 1915 Virum
1492 1904 1505 1923 ,
1532 1889 1631 1923 quem
1657 1875 1834 1922 Religioni
1857 1876 1950 1913 dedit
1962 1878 1998 1912 in
2011 1885 2271 1917 ornamentum,
2294 1873 2328 1909 &
2351 1873 2421 1910 Bo·

267 1935 350 1962 num
368 1946 381 1966 ‚
409 1926 440 1956 ἃ
465 1922 523 1969 qui
545 1923 589 1959 ad
613 1927 814 1975 exemplum
841 1928 1038 1968 Sacerdotis
1052 1930 1204 1970 Simonis
1231 1932 1270 1969 in
1293 1930 1371 1968 vita
1386 1929 1455 1978 sua
1469 1925 1627 1980 suffulcit
1642 1925 1774 1963 domum
1799 1949 1815 1973 ,
1847 1925 1891 1967 ὠ·
1911 1926 1950 1960 in
1975 1926 2094 1964 diebus
2109 1924 2190 1976 suis
2215 1922 2417 1971 corroborag

269 1970 470 2019 Religionis
497 1969 669 2020 Templum
682 1998 694 2011 .

270 2198 484 2251 Eundem
516 2204 591 2249 Fr.
610 2205 981 2257 Bonaventuram
1015 2210 1039 2258 ὲ
1068 2213 1271 2260 Ferraria
1298 2247 1315 2268 ,

305 2268 571 2320 Ministrum
592 2276 864 2324 Generalem
890 2277 950 2326 ob
969 2279 1089 2328 idem
1117 2281 1315 2348 Aposto-

305 2338 454 2389 stolici
474 2342 645 2408 Pulpiti
666 2343 976 2396 Ministerium
1007 2349 1028 2395 ii
1056 2353 1312 2401 communi-

307 2410 391 2459 bus
408 2410 679 2462 Conventi'is
706 2415 916 2466 oneribus
938 2421 1125 2478 eximit,
1158 2420 1237 2478 (Sc,
1264 2436 1316 2471 ut

307 2482 658 2532 Anteceslorum
683 2482 825 2535 solitis
843 2491 1208 2557 exemptionibus
1238 2509 1317 2561 po-

306 2553 451 2601 tiatur
466 2585 481 2610 ,
510 2554 565 2601 Ei
583 2554 796 2626 indulget
814 2593 826 2606 .

359 2695 768 2747 CLEMENS
824 2702 1032 2753 PAPA
1092 2705 1218 2754 XII.

271 2833 312 2875 A
325 2839 443 2886 tergo
457 2860 468 2872 .
530 2836 684 2878 Dileblo
699 2839 805 2881 filio
818 2844 1108 2885 Bonaventurae
1121 2844 1150 2885 ἅ
1165 2847 1313 2888 Ferra-

361 2893 429 2933 ria
451 2892 636 2947 Ministro
652 2900 837 2941 Geni-reli
861 2901 1020 2943 Ordinis
1043 2905 1124 2946 FF.
1143 2906 1227 2946 Mi-

435 2960 572 2991 norum
591 2955 629 2992 S.
649 2958 853 3012 Francis&
868 2962 1151 3015 Capacinorum

623 3025 935 3070 nuncupatorum
950 3049 962 3061 .

394 3134 551 3181 Dilefflc
569 3141 650 3182 Fili
664 3142 836 3183 Salutem
850 3172 863 3194 ,
879 3145 927 3193 ὅ
944 3147 1198 3205 qustolt‘cam

623 3200 924 3243 Bencdmionem
937 3233 948 3244 .

398 3317 483 3358 UM
510 3311 604 3355 ficut
621 3317 749 3361 Nobis
767 3331 894 3373 nuper
909 3323 1054 3375 exponi
1070 3320 1195 3366 fecisti
1213 3350 1227 3373 ,
1249 3323 1315 3367 Tu

344 3399 348 3404 .
413 3382 558 3427 praeter
579 3378 788 3419 onerosum
811 3377 1284 3423 Generalatiisofficium
1299 3412 1313 3434 ,

280 3430 505 3483 Apostolici
537 3434 847 3478 Concionatoris
886 3450 1054 3480 munere
1090 3437 1312 3481 decoratus

282 3488 472 3554 reperiris
489 3515 503 3538 s
522 3488 712 3547 idemque
734 3509 812 3536 non
842 3493 920 3537 line
936 3495 1076 3538 diurna
1102 3497 1222 3539 animi
1247 3511 1317 3538 ex-

282 3555 529 3586 ercitatione
543 3551 712 3605 explere
744 3553 877 3595 valeas
890 3583 905 3604 ,
929 3554 1141 3610 cupiasque
1155 3566 1318 3611 propte-

285 3615 352 3643 rea
364 3605 600 3667 opportune
628 3610 698 3651 tibi
722 3611 760 3652 in
780 3611 976 3665 praemissis
997 3613 1016 3653 ἐι
1034 3614 1166 3656 Nobis
1178 3615 1317 3670 provi-

238 3699 240 3702 ,
284 3658 405 3711 deri,
422 3663 459 3702 ὅ(
475 3690 488 3711 ,
507 3674 548 3703 ut
569 3664 664 3708 insrzi
686 3695 700 3717 2
722 3669 926 3722 indulgeri
948 3701 960 3712 .

344 3719 431 3758 Nos
463 3721 520 3759 Te
536 3719 715 3788 specialis
737 3725 850 3768 favor
892 3729 1026 3780 gratiae
1044 3729 1226 3785 prosequi
1246 3744 1316 3772 vo-

286 3773 416 3818 lentes
435 3805 449 3828 ,
473 3777 511 3818 &
529 3790 549 3818 a
565 3779 765 3838 quibusvis
783 3788 1208 3832 excommunicationis
1222 3817 1237 3841 2
1257 3789 1317 3832 su-

1219 2106 2382 2127 W—

1377 2206 1590 2265 spenfionis
1608 2234 1622 2256 ,
1636 2208 1676 2248 δε
1689 2205 1890 2249 interdicti
1906 2237 1921 2258 ‚
1938 2203 2104 2260 aliisijue
2125 2200 2415 2244 Ecclesiasticis

1377 2267 1627 2315 Sententiis,
1652 2266 1856 2315 censuris,
1880 2267 1919 2307 &
1947 2263 2083 2319 poenis
2110 2264 2129 2301 :i
2147 2259 2234 2315 jure
2266 2250 2351 2301 vel·
2364 2258 2416 2300 ab

1375 2325 1537 2368 homine
1565 2325 1705 2381 quavis
1731 2325 1940 2367 occasione
1956 2351 1970 2373 ‚
2002 2321 2067 2364 vel
2097 2321 2211 2360 causa
2230 2318 2321 2360 latis
2342 2346 2357 2367 ‚
2387 2315 2416 2357 fi

1375 2385 1522 2438 quibus
1539 2383 1846 2439 quomodolibet
1865 2380 2083 2424 innodatus
2097 2377 2229 2421 existis
2245 2405 2259 2427 ,
2285 2376 2334 2419 ad
2352 2372 2416 2416 ef-

1377 2442 1524 2485 fesium
1549 2443 1797 2497 praesentium
1817 2439 1971 2483 tantum
1987 2435 2315 2492 consequendum
2344 2435 2418 2475 ha-

1377 2516 1466 2545 rum
1483 2500 1587 2542 serie
1606 2501 1860 2543 absolventes
1877 2529 1892 2551 2
1908 2500 1947 2539 &
1960 2496 2189 2539 absolutum
2205 2493 2291 2536 fore
2319 2505 2420 2533 cen-

1375 2559 1887 2614 sentes,stippllcationibus
1903 2568 1974 2599 tuo
1990 2552 2283 2598 nomineNobis
2300 2552 2420 2606 super

1375 2622 1452 2663 hoc
1472 2619 1682 2661 humiliter
1698 2619 1892 2674 porrectis
1916 2614 2097 2657 inclinati
2119 2642 2132 2664 ‚
2150 2612 2272 2661 Tibi,
2288 2619 2332 2651 ut
2350 2621 2422 2650 ex-

1375 2677 1569 2736 poscente
1585 2678 1813 2720 necestitate
1829 2707 1843 2728 ‚
1871 2674 2090 2732 praesertim
2107 2671 2239 2727 quoad
2258 2679 2420 2732 tempus

1375 2736 1605 2794 praecedens
1627 2736 1839 2779 consuetas
1855 2733 2087 2777 Conciones
2105 2759 2117 2780 ,
2145 2729 2277 2783 eoque
2295 2737 2420 2780 magis

1373 2794 1506 2853 quoad
1525 2793 1622 2835 illud
1635 2824 1650 2844 ‚
1663 2809 1754 2835 cum
1770 2791 1964 2847 ejusmodi
1980 2789 2213 2832 Conciones
2230 2795 2421 2839 tempore

1375 2851 1592 2899 Adventus
1608 2882 1623 2903 ,
1641 2854 1681 2893 &
1695 2851 2018 2911 Qadragesimae
2037 2849 2073 2888 in
2094 2843 2249 2890 Palatio
2267 2843 2421 2886 Nostro

1374 2911 1611 2969 Apostolico
1633 2911 1782 2953 habere
1798 2910 1922 2951 debes
1939 2937 1952 2959 ‚
1975 2905 2113 2949 iisdem
2144 2903 2421 2968 exemptioni-

1375 2974 1448 3016 bus
1475 2971 1496 3013 εὶ
1527 2969 1804 3013 communibus
1821 2964 2060 3010 Conventfis
2086 2963 2275 3007 oneribus
2293 2988 2306 3010 ,
2329 2973 2420 3015 qui-

1372 3034 1447 3075 bus
1462 3028 1685 3086 Apostolici
1703 3028 2028 3071 concionatores
2055 3023 2113 3064 tui
2132 3020 2301 3062 Ordinis
2314 3015 2383 3059 'ufi
2400 3043 2416 3066 ‚

1375 3089 1523 3148 potiti,
1548 3091 1587 3130 &
1604 3088 1724 3143 gavisi
1747 3085 1912 3129 fuerunt
1926 3112 1940 3134 ‚
1957 3082 2023 3125 seu
2040 3081 2097 3122 uti
2113 3108 2127 3130 .,
2144 3077 2249 3128 frui,
2263 3078 2302 3117 δι
2317 3088 2417 3141 gau-.-

1375 3150 1478 3194 dere
1497 3155 1740 3204 potuerunt,
1752 3147 1789 3186 &
1805 3143 2040 3185 debuerunt
2053 3169 2067 3191 ‚
2083 3139 2171 3193 pari
2187 3134 2309 3177 modo
2326 3163 2338 3185 ‚
2354 3143 2416 3175 uti

1375 3204 1481 3258 frui,
1507 3208 1545 3248 δε
1560 3203 1736 3260 gaudere
1764 3201 1894 3246 libere
1909 3230 1922 3252 ‚
1948 3197 2115 3242 &licite
2129 3195 2241 3252 poffis
2256 3225 2271 3245 ,
2289 3195 2325 3235 &
2345 3206 2416 3233 va-

1376 3268 1461 3310 leas
1478 3293 1491 3316 ,
1516 3266 1770 3307 Αυᾶοτίτειῑε
1792 3260 2023 3316 Apostolica
2038 3287 2052 3310 2
2071 3266 2213 3300 tenore
2245 3249 2416 3309 praesen÷

1376 3326 1480 3368 tium
1495 3323 1756 3366 concedimus
1771 3351 1785 3374 ,
1815 3318 2123 3373 &indulgemus
2138 3345 2152 3356 .
2235 3369 2242 3379 .
2316 3369 2323 3377 ·
2385 3369 2394 3377 ⁶

1434 3387 1527 3426 Non
1543 3381 1791 3426 obstantibus
1807 3376 2001 3434 praemiffis
2015 3388 2085 3426 ‚ac
2101 3369 2417 3436 constitutioni-

1376 3445 1446 3487 bus
1467 3471 1480 3494 ,
1505 3443 1545 3482 &
1574 3438 1911 3483 Ordinationibus
1927 3429 2168 3495 Apostolicis
2186 3443 2385 3495 {necnon
2401 3456 2416 3479 ,

1378 3510 1577 3557 quatenus
1591 3514 1690 3554 opus
1705 3500 1751 3539 fit
1766 3526 1780 3548 ,
1795 3492 1943 3551 praefati
1958 3489 2144 3538 Ordinis,
2160 3498 2285 3529 etiam
2300 3501 2414 3544 jura-

1379 3570 1522 3602 mento
1537 3587 1551 3609 a
1571 3554 1892 3601 Confirmatione
1906 3547 2137 3603 Apostolica
2153 3576 2168 3597 ‚
2187 3546 2251 3588 vel
2271 3546 2412 3602 quavis

1379 3617 1573 3659 firmitate
1592 3615 1667 3657 alia
1694 3609 1896 3655 roboratis
1910 3608 2082 3650 statutis
2099 3635 2113 3657 ‚
2142 3607 2181 3645 &
2195 3608 2412 3648 consuetu-

1380 3676 1543 3717 dinibus
1559 3700 1572 3723 ,
1589 3669 1809 3727 privilegiis
1824 3680 2009 3723 quoque,
2023 3663 2244 3707 &indultis
2258 3693 2271 3713 ,
2285 3666 2324 3705 ἃ.
2342 3664 2412 3706 Li-

1381 3734 1478 3777 teris
1497 3728 1733 3781 Apostolicis
1764 3728 1800 3768 in
1822 3725 2075 3768 contrarium
2100 3721 2410 3778 praemissorum..

1377 3785 1685 3847 quomodolibet
1701 3784 1892 3829 concessis
1910 3813 1923 3835 ,
1947 3782 2187 3826 confirmatis
2203 3811 2217 3833 ,
2241 3783 2278 3821 &
2294 3781 2410 3844 inno-

2221 3850 2322 3879 vatis
2339 3864 2349 3877 .
