<?xml version="1.0" encoding="UTF-8"?>
<!DOCTYPE html PUBLIC "-//W3C//DTD XHTML 1.0 Transitional//EN"
    "http://www.w3.org/TR/xhtml1/DTD/xhtml1-transitional.dtd">
<html xmlns="http://www.w3.org/1999/xhtml" xml:lang="en" lang="en">
 <head>
  <title>
</title>
<meta http-equiv="Content-Type" content="text/html;charset=utf-8" />
  <meta name='ocr-system' content='tesseract 3.04.00' />
  <meta name='ocr-capabilities' content='ocr_page ocr_carea ocr_par ocr_line ocrx_word'/>
</head>
<body>
  <div class='ocr_page' id='page_1' title='image "./bullariumordinis01cath_0117.png"; bbox 0 0 2658 4244; ppageno 0'>
   <div class='ocr_carea' id='block_1_1' title="bbox 855 209 1537 302">
    <p class='ocr_par' dir='ltr' id='par_1_1' title="bbox 855 209 1537 302">
     <span class='ocr_line' id='line_1_1' title="bbox 855 209 1537 302; baseline 0.006 -3"><span class='ocrx_word' id='word_1_1' title='bbox 855 222 860 226; x_wconf 78' lang='grc'>’</span> <span class='ocrx_word' id='word_1_2' title='bbox 906 209 1067 300; x_wconf 72' lang='lat' dir='ltr'><strong>Sub</strong></span> <span class='ocrx_word' id='word_1_3' title='bbox 1135 210 1379 298; x_wconf 77' lang='lat' dir='ltr'><strong>Paulo</strong></span> <span class='ocrx_word' id='word_1_4' title='bbox 1437 212 1537 302; x_wconf 90' lang='lat' dir='ltr'><strong>V.</strong></span> 
     </span>
    </p>
   </div>
   <div class='ocr_carea' id='block_1_2' title="bbox 240 331 1300 3267">
    <p class='ocr_par' dir='ltr' id='par_1_2' title="bbox 424 331 1133 458">
     <span class='ocr_line' id='line_1_2' title="bbox 424 331 1133 388; baseline -0.011 -2"><span class='ocrx_word' id='word_1_5' title='bbox 424 331 763 388; x_wconf 84' lang='lat' dir='ltr'>PAULUS</span> <span class='ocrx_word' id='word_1_6' title='bbox 812 331 1018 380; x_wconf 85' lang='lat' dir='ltr'><strong>PAPA</strong></span> <span class='ocrx_word' id='word_1_7' title='bbox 1072 331 1133 378; x_wconf 84' lang='lat' dir='ltr'><strong>V.</strong></span> 
     </span>
     <span class='ocr_line' id='line_1_3' title="bbox 460 402 1108 458; baseline -0.009 -14"><span class='ocrx_word' id='word_1_8' title='bbox 460 404 529 444; x_wconf 87' lang='lat' dir='ltr'><strong>Ad</strong></span> <span class='ocrx_word' id='word_1_9' title='bbox 541 410 765 458; x_wconf 80' lang='lat' dir='ltr'><strong>perpetoam</strong></span> <span class='ocrx_word' id='word_1_10' title='bbox 784 402 844 441; x_wconf 79' lang='lat' dir='ltr'><strong>rei</strong></span> <span class='ocrx_word' id='word_1_11' title='bbox 861 402 1084 440; x_wconf 80' lang='lat' dir='ltr'><em>memoriam</em></span> <span class='ocrx_word' id='word_1_12' title='bbox 1095 426 1108 436; x_wconf 88' lang='lat'><strong>.</strong></span> 
     </span>
    </p>

    <p class='ocr_par' dir='ltr' id='par_1_3' title="bbox 240 454 1300 3206">
     <span class='ocr_line' id='line_1_4' title="bbox 350 454 1299 520; baseline -0.005 -18"><span class='ocrx_word' id='word_1_13' title='bbox 350 460 448 503; x_wconf 88' lang='lat' dir='ltr'><strong>Acri</strong></span> <span class='ocrx_word' id='word_1_14' title='bbox 476 457 725 517; x_wconf 72' lang='lat' dir='ltr'><strong>Apostolatfis</strong></span> <span class='ocrx_word' id='word_1_15' title='bbox 743 457 979 508; x_wconf 81' lang='lat' dir='ltr'><strong>ministerio,</strong></span> <span class='ocrx_word' id='word_1_16' title='bbox 994 471 1069 513; x_wconf 89' lang='lat' dir='ltr'><strong>per</strong></span> <span class='ocrx_word' id='word_1_17' title='bbox 1092 454 1299 520; x_wconf 72' lang='lat' dir='ltr'><strong>abundan-</strong></span> 
     </span>
     <span class='ocr_line' id='line_1_5' title="bbox 264 461 1300 577; baseline -0.009 -15"><span class='ocrx_word' id='word_1_18' title='bbox 264 461 334 577; x_wconf 82' lang='lat' dir='ltr'><strong>S</strong></span> <span class='ocrx_word' id='word_1_19' title='bbox 356 520 450 562; x_wconf 88' lang='lat' dir='ltr'><strong>tiam</strong></span> <span class='ocrx_word' id='word_1_20' title='bbox 469 521 621 562; x_wconf 84' lang='lat' dir='ltr'><strong>Divinae</strong></span> <span class='ocrx_word' id='word_1_21' title='bbox 634 519 770 571; x_wconf 77' lang='lat' dir='ltr'><strong>gratiae</strong></span> <span class='ocrx_word' id='word_1_22' title='bbox 784 548 799 569; x_wconf 88' lang='lat'>‚</span> <span class='ocrx_word' id='word_1_23' title='bbox 813 518 929 559; x_wconf 90' lang='lat' dir='ltr'><strong>nullo</strong></span> <span class='ocrx_word' id='word_1_24' title='bbox 943 517 1044 558; x_wconf 89' lang='lat' dir='ltr'><strong>licet</strong></span> <span class='ocrx_word' id='word_1_25' title='bbox 1060 523 1210 556; x_wconf 80' lang='lat' dir='ltr'><strong>merito</strong></span> <span class='ocrx_word' id='word_1_26' title='bbox 1222 527 1300 554; x_wconf 92' lang='lat' dir='ltr'><strong>no-</strong></span> 
     </span>
     <span class='ocr_line' id='line_1_6' title="bbox 262 577 1298 635; baseline -0.006 -15"><span class='ocrx_word' id='word_1_27' title='bbox 262 581 346 620; x_wconf 75' lang='lat' dir='ltr'><strong>stro</strong></span> <span class='ocrx_word' id='word_1_28' title='bbox 356 578 707 635; x_wconf 51' lang='lat' dir='ltr'><strong>prepositssmentis</strong></span> <span class='ocrx_word' id='word_1_29' title='bbox 718 577 850 632; x_wconf 66' lang='lat' dir='ltr'><strong>nostre</strong></span> <span class='ocrx_word' id='word_1_30' title='bbox 863 578 989 619; x_wconf 84' lang='lat' dir='ltr'>aciem</span> <span class='ocrx_word' id='word_1_31' title='bbox 1006 583 1298 617; x_wconf 85' lang='lat' dir='ltr'><strong>convertentes</strong></span> 
     </span>
     <span class='ocr_line' id='line_1_7' title="bbox 255 631 1298 690; baseline -0.006 -11"><span class='ocrx_word' id='word_1_32' title='bbox 255 635 316 679; x_wconf 75' lang='lat' dir='ltr'><strong>&#39;ad</strong></span> <span class='ocrx_word' id='word_1_33' title='bbox 332 638 476 680; x_wconf 83' lang='lat' dir='ltr'><strong>uberes</strong></span> <span class='ocrx_word' id='word_1_34' title='bbox 491 632 664 684; x_wconf 68' lang='grc' dir='ltr'><strong><em>ῐωᾶυε,</em></strong></span> <span class='ocrx_word' id='word_1_35' title='bbox 677 649 777 690; x_wconf 88' lang='lat' dir='ltr'><strong>quos</strong></span> <span class='ocrx_word' id='word_1_36' title='bbox 793 637 835 676; x_wconf 92' lang='lat' dir='ltr'><strong>in</strong></span> <span class='ocrx_word' id='word_1_37' title='bbox 851 632 1033 678; x_wconf 82' lang='lat' dir='ltr'><strong>Ecclefia</strong></span> <span class='ocrx_word' id='word_1_38' title='bbox 1058 634 1135 674; x_wconf 92' lang='lat' dir='ltr'><strong>Dei</strong></span> <span class='ocrx_word' id='word_1_39' title='bbox 1153 631 1298 673; x_wconf 87' lang='lat' dir='ltr'><strong>fratres</strong></span> 
     </span>
     <span class='ocr_line' id='line_1_8' title="bbox 262 692 1300 746; baseline -0.009 -7"><span class='ocrx_word' id='word_1_40' title='bbox 262 696 446 739; x_wconf 85' lang='lat' dir='ltr'><strong>Minores</strong></span> <span class='ocrx_word' id='word_1_41' title='bbox 469 692 635 734; x_wconf 83' lang='lat' dir='ltr'><strong>Ordinis</strong></span> <span class='ocrx_word' id='word_1_42' title='bbox 656 694 695 735; x_wconf 88' lang='lat' dir='ltr'><strong>S.</strong></span> <span class='ocrx_word' id='word_1_43' title='bbox 713 693 912 736; x_wconf 84' lang='lat' dir='ltr'><strong>Francisci</strong></span> <span class='ocrx_word' id='word_1_44' title='bbox 945 692 1143 746; x_wconf 89' lang='lat' dir='ltr'><strong>Capucini</strong></span> <span class='ocrx_word' id='word_1_45' title='bbox 1171 703 1300 731; x_wconf 88' lang='lat' dir='ltr'><strong>nucu-</strong></span> 
     </span>
     <span class='ocr_line' id='line_1_9' title="bbox 260 748 1298 810; baseline -0.007 -14"><span class='ocrx_word' id='word_1_46' title='bbox 260 755 343 810; x_wconf 85' lang='lat' dir='ltr'><strong>pati</strong></span> <span class='ocrx_word' id='word_1_47' title='bbox 358 781 371 803; x_wconf 90' lang='lat'>,</span> <span class='ocrx_word' id='word_1_48' title='bbox 386 752 454 793; x_wconf 84' lang='lat' dir='ltr'><strong>sub</strong></span> <span class='ocrx_word' id='word_1_49' title='bbox 469 750 670 792; x_wconf 71' lang='lat' dir='ltr'><strong>strictioris</strong></span> <span class='ocrx_word' id='word_1_50' title='bbox 688 752 855 806; x_wconf 87' lang='lat' dir='ltr'><strong>Regulae</strong></span> <span class='ocrx_word' id='word_1_51' title='bbox 869 751 1077 807; x_wconf 77' lang='lat' dir='ltr'><strong>disciplina</strong></span> <span class='ocrx_word' id='word_1_52' title='bbox 1096 748 1298 791; x_wconf 82' lang='lat' dir='ltr'><strong>Altissimo</strong></span> 
     </span>
     <span class='ocr_line' id='line_1_10' title="bbox 260 806 1298 866; baseline -0.006 -12"><span class='ocrx_word' id='word_1_53' title='bbox 260 808 500 854; x_wconf 77' lang='lat' dir='ltr'><strong>famulantes</strong></span> <span class='ocrx_word' id='word_1_54' title='bbox 511 836 525 860; x_wconf 88' lang='lat'><strong>,</strong></span> <span class='ocrx_word' id='word_1_55' title='bbox 539 806 697 866; x_wconf 83' lang='lat' dir='ltr'><strong>jejuniis</strong></span> <span class='ocrx_word' id='word_1_56' title='bbox 709 837 723 859; x_wconf 85' lang='lat'>,</span> <span class='ocrx_word' id='word_1_57' title='bbox 738 810 1001 852; x_wconf 89' lang='lat' dir='ltr'><strong>Orationibus</strong></span> <span class='ocrx_word' id='word_1_58' title='bbox 1014 841 1030 861; x_wconf 85' lang='grc'>,</span> <span class='ocrx_word' id='word_1_59' title='bbox 1049 810 1178 851; x_wconf 89' lang='lat' dir='ltr'><strong>Sacris</strong></span> <span class='ocrx_word' id='word_1_60' title='bbox 1195 823 1298 864; x_wconf 88' lang='lat' dir='ltr'><strong>prae-</strong></span> 
     </span>
     <span class='ocr_line' id='line_1_11' title="bbox 256 865 1296 924; baseline -0.002 -15"><span class='ocrx_word' id='word_1_61' title='bbox 256 866 553 917; x_wconf 60' lang='lat' dir='ltr'><strong>diffitionibus,</strong></span> <span class='ocrx_word' id='word_1_62' title='bbox 580 865 742 922; x_wconf 77' lang='lat' dir='ltr'><strong>aliisque</strong></span> <span class='ocrx_word' id='word_1_63' title='bbox 766 869 964 924; x_wconf 80' lang='lat' dir='ltr'><strong>religiosis</strong></span> <span class='ocrx_word' id='word_1_64' title='bbox 989 869 1180 924; x_wconf 85' lang='lat' dir='ltr'><strong>operibus</strong></span> <span class='ocrx_word' id='word_1_65' title='bbox 1197 865 1296 908; x_wconf 88' lang='lat' dir='ltr'><strong>affe-</strong></span> 
     </span>
     <span class='ocr_line' id='line_1_12' title="bbox 257 924 1298 982; baseline -0.001 -16"><span class='ocrx_word' id='word_1_66' title='bbox 257 932 382 974; x_wconf 85' lang='lat' dir='ltr'><strong>runt,</strong></span> <span class='ocrx_word' id='word_1_67' title='bbox 405 924 455 968; x_wconf 86' lang='lat' dir='ltr'><strong>ad</strong></span> <span class='ocrx_word' id='word_1_68' title='bbox 470 939 517 966; x_wconf 91' lang='lat' dir='ltr'><strong>ea</strong></span> <span class='ocrx_word' id='word_1_69' title='bbox 531 953 545 975; x_wconf 82' lang='lat'>‚</span> <span class='ocrx_word' id='word_1_70' title='bbox 570 938 644 979; x_wconf 90' lang='lat' dir='ltr'><strong>per</strong></span> <span class='ocrx_word' id='word_1_71' title='bbox 656 939 741 981; x_wconf 90' lang='lat' dir='ltr'><strong>quae</strong></span> <span class='ocrx_word' id='word_1_72' title='bbox 756 929 872 971; x_wconf 89' lang='lat' dir='ltr'><strong>Ordo</strong></span> <span class='ocrx_word' id='word_1_73' title='bbox 887 927 1113 982; x_wconf 83' lang='lat' dir='ltr'><strong>hujusmodi</strong></span> <span class='ocrx_word' id='word_1_74' title='bbox 1131 926 1298 967; x_wconf 88' lang='lat' dir='ltr'><strong>sublatis</strong></span> 
     </span>
     <span class='ocr_line' id='line_1_13' title="bbox 256 983 1298 1040; baseline 0.002 -16"><span class='ocrx_word' id='word_1_75' title='bbox 256 983 502 1040; x_wconf 87' lang='lat' dir='ltr'><strong>quibuslibet</strong></span> <span class='ocrx_word' id='word_1_76' title='bbox 524 983 834 1038; x_wconf 84' lang='lat' dir='ltr'><strong>impedimentis</strong></span> <span class='ocrx_word' id='word_1_77' title='bbox 855 987 897 1028; x_wconf 91' lang='lat' dir='ltr'><strong>in</strong></span> <span class='ocrx_word' id='word_1_78' title='bbox 918 987 1099 1028; x_wconf 90' lang='lat' dir='ltr'><strong>Domino</strong></span> <span class='ocrx_word' id='word_1_79' title='bbox 1123 983 1298 1040; x_wconf 84' lang='lat' dir='ltr'><strong>majores</strong></span> 
     </span>
     <span class='ocr_line' id='line_1_14' title="bbox 255 1039 1298 1098; baseline 0 -15"><span class='ocrx_word' id='word_1_80' title='bbox 255 1039 478 1098; x_wconf 81' lang='lat' dir='ltr'><strong>progressus</strong></span> <span class='ocrx_word' id='word_1_81' title='bbox 493 1039 631 1084; x_wconf 83' lang='lat' dir='ltr'><strong>facere</strong></span> <span class='ocrx_word' id='word_1_82' title='bbox 650 1044 779 1097; x_wconf 90' lang='lat' dir='ltr'><strong>potest</strong></span> <span class='ocrx_word' id='word_1_83' title='bbox 793 1074 808 1094; x_wconf 83' lang='lat'><strong>,</strong></span> <span class='ocrx_word' id='word_1_84' title='bbox 829 1045 1007 1089; x_wconf 83' lang='lat' dir='ltr'><strong>libenter</strong></span> <span class='ocrx_word' id='word_1_85' title='bbox 1020 1043 1269 1087; x_wconf 85' lang='lat' dir='ltr'><strong>intendimus</strong></span> <span class='ocrx_word' id='word_1_86' title='bbox 1283 1073 1298 1098; x_wconf 66' lang='lat'><em>2</em></span> 
     </span>
     <span class='ocr_line' id='line_1_15' title="bbox 255 1098 1298 1158; baseline 0.001 -15"><span class='ocrx_word' id='word_1_87' title='bbox 255 1114 303 1144; x_wconf 86' lang='lat' dir='ltr'><strong>ac</strong></span> <span class='ocrx_word' id='word_1_88' title='bbox 316 1098 490 1155; x_wconf 83' lang='lat' dir='ltr'><strong>desuper</strong></span> <span class='ocrx_word' id='word_1_89' title='bbox 506 1100 627 1142; x_wconf 83' lang='lat' dir='ltr'><strong>officii</strong></span> <span class='ocrx_word' id='word_1_90' title='bbox 644 1102 768 1144; x_wconf 87' lang='lat' dir='ltr'><strong>nostri</strong></span> <span class='ocrx_word' id='word_1_91' title='bbox 785 1115 920 1158; x_wconf 87' lang='lat' dir='ltr'><strong>partes</strong></span> <span class='ocrx_word' id='word_1_92' title='bbox 936 1102 1218 1146; x_wconf 76' lang='lat' dir='ltr'><strong>favorabiliter</strong></span> <span class='ocrx_word' id='word_1_93' title='bbox 1234 1103 1298 1144; x_wconf 85' lang='lat' dir='ltr'><strong>in-</strong></span> 
     </span>
     <span class='ocr_line' id='line_1_16' title="bbox 255 1159 1298 1218; baseline 0 -15"><span class='ocrx_word' id='word_1_94' title='bbox 255 1159 506 1213; x_wconf 88' lang='lat' dir='ltr'><strong>terponimus</strong></span> <span class='ocrx_word' id='word_1_95' title='bbox 523 1189 538 1209; x_wconf 87' lang='lat'>,</span> <span class='ocrx_word' id='word_1_96' title='bbox 561 1170 684 1214; x_wconf 87' lang='lat' dir='ltr'><strong>prout</strong></span> <span class='ocrx_word' id='word_1_97' title='bbox 699 1161 966 1218; x_wconf 87' lang='lat' dir='ltr'><strong>conspicimus</strong></span> <span class='ocrx_word' id='word_1_98' title='bbox 979 1164 1020 1204; x_wconf 92' lang='lat' dir='ltr'><strong>in</strong></span> <span class='ocrx_word' id='word_1_99' title='bbox 1042 1161 1218 1203; x_wconf 85' lang='lat' dir='ltr'><strong>Domino</strong></span> <span class='ocrx_word' id='word_1_100' title='bbox 1241 1161 1298 1203; x_wconf 88' lang='lat' dir='ltr'><strong>sa-</strong></span> 
     </span>
     <span class='ocr_line' id='line_1_17' title="bbox 256 1216 1294 1276; baseline 0.001 -17"><span class='ocrx_word' id='word_1_101' title='bbox 256 1216 430 1274; x_wconf 85' lang='lat' dir='ltr'><strong>lubriter</strong></span> <span class='ocrx_word' id='word_1_102' title='bbox 443 1217 637 1271; x_wconf 75' lang='lat' dir='ltr'><strong>expedire</strong></span> <span class='ocrx_word' id='word_1_103' title='bbox 652 1246 663 1258; x_wconf 89' lang='lat'><em>.</em></span> <span class='ocrx_word' id='word_1_104' title='bbox 690 1221 768 1262; x_wconf 86' lang='lat' dir='ltr'><strong>Att</strong></span> <span class='ocrx_word' id='word_1_105' title='bbox 778 1221 985 1268; x_wconf 90' lang='lat' dir='ltr'><strong>endentes</strong></span> <span class='ocrx_word' id='word_1_106' title='bbox 1006 1222 1143 1276; x_wconf 87' lang='lat' dir='ltr'><strong>itaque</strong></span> <span class='ocrx_word' id='word_1_107' title='bbox 1157 1232 1294 1261; x_wconf 79' lang='lat' dir='ltr'><strong>curant</strong></span> 
     </span>
     <span class='ocr_line' id='line_1_18' title="bbox 254 1275 1294 1326; baseline 0 -7"><span class='ocrx_word' id='word_1_108' title='bbox 254 1275 498 1319; x_wconf 85' lang='lat' dir='ltr'><strong>Monialium</strong></span> <span class='ocrx_word' id='word_1_109' title='bbox 518 1302 533 1326; x_wconf 87' lang='lat'><strong>,</strong></span> <span class='ocrx_word' id='word_1_110' title='bbox 561 1279 803 1321; x_wconf 81' lang='lat' dir='ltr'><strong>eorumdem</strong></span> <span class='ocrx_word' id='word_1_111' title='bbox 819 1282 1000 1322; x_wconf 80' lang='lat' dir='ltr'><strong>Fratrum</strong></span> <span class='ocrx_word' id='word_1_112' title='bbox 1016 1279 1198 1320; x_wconf 87' lang='lat' dir='ltr'><strong>instituto</strong></span> <span class='ocrx_word' id='word_1_113' title='bbox 1209 1291 1294 1319; x_wconf 89' lang='lat' dir='ltr'><strong>non</strong></span> 
     </span>
     <span class='ocr_line' id='line_1_19' title="bbox 253 1333 1294 1389; baseline 0.003 -14"><span class='ocrx_word' id='word_1_114' title='bbox 253 1333 471 1378; x_wconf 87' lang='lat' dir='ltr'><strong>admodum</strong></span> <span class='ocrx_word' id='word_1_115' title='bbox 483 1335 790 1380; x_wconf 80' lang='lat' dir='ltr'><strong>consentaneam</strong></span> <span class='ocrx_word' id='word_1_116' title='bbox 802 1335 968 1389; x_wconf 79' lang='lat' dir='ltr'><strong>effe‚sed</strong></span> <span class='ocrx_word' id='word_1_117' title='bbox 983 1337 1064 1380; x_wconf 90' lang='lat' dir='ltr'><strong>illis</strong></span> <span class='ocrx_word' id='word_1_118' title='bbox 1078 1337 1294 1378; x_wconf 69' lang='lat' dir='ltr'><strong>distractio·</strong></span> 
     </span>
     <span class='ocr_line' id='line_1_20' title="bbox 252 1393 1293 1450; baseline -0.001 -15"><span class='ocrx_word' id='word_1_119' title='bbox 252 1406 349 1436; x_wconf 89' lang='lat' dir='ltr'><strong>nem</strong></span> <span class='ocrx_word' id='word_1_120' title='bbox 362 1420 376 1443; x_wconf 88' lang='lat'>,</span> <span class='ocrx_word' id='word_1_121' title='bbox 389 1393 701 1435; x_wconf 81' lang='lat' dir='ltr'><strong>&amp;incommoda</strong></span> <span class='ocrx_word' id='word_1_122' title='bbox 720 1394 864 1438; x_wconf 85' lang='lat' dir='ltr'><strong>afferre</strong></span> <span class='ocrx_word' id='word_1_123' title='bbox 879 1395 996 1439; x_wconf 78' lang='lat' dir='ltr'><strong>facile</strong></span> <span class='ocrx_word' id='word_1_124' title='bbox 1014 1393 1146 1450; x_wconf 79' lang='lat' dir='ltr'><strong>poffe3</strong></span> <span class='ocrx_word' id='word_1_125' title='bbox 1165 1394 1293 1436; x_wconf 86' lang='lat' dir='ltr'><strong>Idcir-</strong></span> 
     </span>
     <span class='ocr_line' id='line_1_21' title="bbox 251 1452 1290 1506; baseline 0.001 -13"><span class='ocrx_word' id='word_1_126' title='bbox 251 1464 303 1493; x_wconf 89' lang='lat' dir='ltr'><strong>co</strong></span> <span class='ocrx_word' id='word_1_127' title='bbox 317 1454 431 1493; x_wconf 85' lang='lat' dir='ltr'><strong>Motu</strong></span> <span class='ocrx_word' id='word_1_128' title='bbox 452 1452 616 1506; x_wconf 88' lang='lat' dir='ltr'><strong>proprio</strong></span> <span class='ocrx_word' id='word_1_129' title='bbox 630 1482 645 1502; x_wconf 88' lang='lat'><em>‚</em></span> <span class='ocrx_word' id='word_1_130' title='bbox 671 1454 711 1493; x_wconf 89' lang='lat'>&amp;</span> <span class='ocrx_word' id='word_1_131' title='bbox 731 1468 781 1496; x_wconf 87' lang='lat' dir='ltr'><strong>ex</strong></span> <span class='ocrx_word' id='word_1_132' title='bbox 804 1467 920 1497; x_wconf 89' lang='lat' dir='ltr'><strong>certa</strong></span> <span class='ocrx_word' id='word_1_133' title='bbox 940 1452 1109 1496; x_wconf 86' lang='lat' dir='ltr'><strong>scientia</strong></span> <span class='ocrx_word' id='word_1_134' title='bbox 1128 1454 1260 1497; x_wconf 90' lang='lat' dir='ltr'><strong>nostra</strong></span> <span class='ocrx_word' id='word_1_135' title='bbox 1275 1482 1290 1503; x_wconf 91' lang='grc'>,</span> 
     </span>
     <span class='ocr_line' id='line_1_22' title="bbox 249 1507 1290 1566; baseline 0.003 -16"><span class='ocrx_word' id='word_1_136' title='bbox 249 1507 377 1565; x_wconf 85' lang='lat' dir='ltr'><strong>aede</strong></span> <span class='ocrx_word' id='word_1_137' title='bbox 403 1508 642 1563; x_wconf 81' lang='lat' dir='ltr'><strong>Apostolicae</strong></span> <span class='ocrx_word' id='word_1_138' title='bbox 666 1513 875 1565; x_wconf 89' lang='lat' dir='ltr'><strong>potestatis</strong></span> <span class='ocrx_word' id='word_1_139' title='bbox 896 1511 1150 1566; x_wconf 85' lang='lat' dir='ltr'><strong>plenitudine</strong></span> <span class='ocrx_word' id='word_1_140' title='bbox 1174 1540 1187 1563; x_wconf 88' lang='lat'>‚</span> <span class='ocrx_word' id='word_1_141' title='bbox 1218 1513 1290 1554; x_wconf 91' lang='lat' dir='ltr'><strong>hac</strong></span> 
     </span>
     <span class='ocr_line' id='line_1_23' title="bbox 248 1565 1294 1627; baseline 0.001 -18"><span class='ocrx_word' id='word_1_142' title='bbox 248 1565 378 1609; x_wconf 87' lang='lat' dir='ltr'><strong>nostra</strong></span> <span class='ocrx_word' id='word_1_143' title='bbox 395 1567 592 1622; x_wconf 76' lang='lat' dir='ltr'><strong>perpetuo</strong></span> <span class='ocrx_word' id='word_1_144' title='bbox 608 1568 781 1612; x_wconf 86' lang='lat' dir='ltr'><strong>valitura</strong></span> <span class='ocrx_word' id='word_1_145' title='bbox 793 1569 1294 1627; x_wconf 60' lang='lat' dir='ltr'><strong>Constitutione2ejusdem</strong></span> 
     </span>
     <span class='ocr_line' id='line_1_24' title="bbox 249 1623 1297 1685; baseline 0.002 -18"><span class='ocrx_word' id='word_1_146' title='bbox 249 1623 415 1667; x_wconf 89' lang='lat' dir='ltr'><strong>Ordinis</strong></span> <span class='ocrx_word' id='word_1_147' title='bbox 429 1625 657 1681; x_wconf 86' lang='lat' dir='ltr'><strong>Religiosos</strong></span> <span class='ocrx_word' id='word_1_148' title='bbox 671 1655 685 1678; x_wconf 77' lang='lat'><strong>,</strong></span> <span class='ocrx_word' id='word_1_149' title='bbox 700 1644 1027 1685; x_wconf 87' lang='lat' dir='ltr'><strong>quarumcunque</strong></span> <span class='ocrx_word' id='word_1_150' title='bbox 1043 1630 1297 1683; x_wconf 73' lang='lat' dir='ltr'><strong>Monialium,</strong></span> 
     </span>
     <span class='ocr_line' id='line_1_25' title="bbox 248 1682 1297 1740; baseline 0.005 -15"><span class='ocrx_word' id='word_1_151' title='bbox 248 1682 496 1739; x_wconf 87' lang='lat' dir='ltr'><strong>illarumque</strong></span> <span class='ocrx_word' id='word_1_152' title='bbox 511 1685 848 1730; x_wconf 85' lang='lat' dir='ltr'><strong>Monasteriorum</strong></span> <span class='ocrx_word' id='word_1_153' title='bbox 862 1717 876 1740; x_wconf 70' lang='lat' dir='ltr'><strong>a</strong></span> <span class='ocrx_word' id='word_1_154' title='bbox 901 1692 1100 1729; x_wconf 86' lang='lat' dir='ltr'><strong>Bonorum</strong></span> <span class='ocrx_word' id='word_1_155' title='bbox 1123 1717 1136 1739; x_wconf 81' lang='lat'>‚</span> <span class='ocrx_word' id='word_1_156' title='bbox 1174 1691 1213 1729; x_wconf 71' lang='grc' dir='ltr'><strong>δε</strong></span> <span class='ocrx_word' id='word_1_157' title='bbox 1234 1702 1297 1730; x_wconf 86' lang='lat' dir='ltr'><strong>re-</strong></span> 
     </span>
     <span class='ocr_line' id='line_1_26' title="bbox 247 1743 1297 1797; baseline 0.006 -14"><span class='ocrx_word' id='word_1_158' title='bbox 247 1753 337 1787; x_wconf 76' lang='lat' dir='ltr'><strong>rum</strong></span> <span class='ocrx_word' id='word_1_159' title='bbox 357 1755 520 1791; x_wconf 76' lang='lat' dir='ltr'><strong>curam,</strong></span> <span class='ocrx_word' id='word_1_160' title='bbox 545 1743 755 1797; x_wconf 76' lang='lat' dir='ltr'><strong>regimen,</strong></span> <span class='ocrx_word' id='word_1_161' title='bbox 784 1745 850 1788; x_wconf 92' lang='lat' dir='ltr'><strong>seu</strong></span> <span class='ocrx_word' id='word_1_162' title='bbox 876 1746 1297 1793; x_wconf 56' lang='lat' dir='ltr'><strong>administrationem</strong></span> 
     </span>
     <span class='ocr_line' id='line_1_27' title="bbox 249 1797 1294 1859; baseline 0.002 -16"><span class='ocrx_word' id='word_1_163' title='bbox 249 1800 303 1843; x_wconf 92' lang='lat' dir='ltr'><strong>de</strong></span> <span class='ocrx_word' id='word_1_164' title='bbox 317 1811 462 1845; x_wconf 79' lang='lat' dir='ltr'><strong>caetero</strong></span> <span class='ocrx_word' id='word_1_165' title='bbox 485 1797 680 1857; x_wconf 88' lang='lat' dir='ltr'><strong>suscipere</strong></span> <span class='ocrx_word' id='word_1_166' title='bbox 695 1832 709 1855; x_wconf 83' lang='lat'>‚</span> <span class='ocrx_word' id='word_1_167' title='bbox 730 1815 798 1847; x_wconf 90' lang='lat' dir='ltr'><strong>aut</strong></span> <span class='ocrx_word' id='word_1_168' title='bbox 810 1815 1031 1859; x_wconf 82' lang='lat' dir='ltr'><strong>acceptare</strong></span> <span class='ocrx_word' id='word_1_169' title='bbox 1046 1833 1060 1856; x_wconf 82' lang='lat'>,</span> <span class='ocrx_word' id='word_1_170' title='bbox 1083 1806 1122 1845; x_wconf 90' lang='lat'>&amp;</span> <span class='ocrx_word' id='word_1_171' title='bbox 1144 1805 1192 1847; x_wconf 91' lang='lat' dir='ltr'><strong>ad</strong></span> <span class='ocrx_word' id='word_1_172' title='bbox 1218 1804 1257 1845; x_wconf 92' lang='lat' dir='ltr'><strong>id</strong></span> <span class='ocrx_word' id='word_1_173' title='bbox 1273 1806 1294 1846; x_wconf 73' lang='lat' dir='ltr'><strong>a</strong></span> 
     </span>
     <span class='ocr_line' id='line_1_28' title="bbox 249 1861 1296 1919; baseline 0.004 -18"><span class='ocrx_word' id='word_1_174' title='bbox 249 1872 472 1915; x_wconf 80' lang='lat' dir='ltr'><strong>quoquam,</strong></span> <span class='ocrx_word' id='word_1_175' title='bbox 483 1861 622 1914; x_wconf 91' lang='lat' dir='ltr'><strong>quavis</strong></span> <span class='ocrx_word' id='word_1_176' title='bbox 641 1862 889 1906; x_wconf 86' lang='lat' dir='ltr'><strong>authoritate</strong></span> <span class='ocrx_word' id='word_1_177' title='bbox 905 1862 1102 1917; x_wconf 86' lang='lat' dir='ltr'><strong>fungente</strong></span> <span class='ocrx_word' id='word_1_178' title='bbox 1115 1863 1296 1919; x_wconf 81' lang='lat' dir='ltr'><strong>cogi,vel</strong></span> 
     </span>
     <span class='ocr_line' id='line_1_29' title="bbox 250 1917 1295 1975; baseline 0.001 -14"><span class='ocrx_word' id='word_1_179' title='bbox 250 1917 442 1972; x_wconf 86' lang='lat' dir='ltr'><strong>compelli</strong></span> <span class='ocrx_word' id='word_1_180' title='bbox 458 1919 620 1963; x_wconf 71' lang='lat' dir='ltr'><strong>minime</strong></span> <span class='ocrx_word' id='word_1_181' title='bbox 633 1918 739 1975; x_wconf 71' lang='lat' dir='ltr'><strong>posse</strong></span> <span class='ocrx_word' id='word_1_182' title='bbox 755 1948 769 1970; x_wconf 79' lang='lat'>‚</span> <span class='ocrx_word' id='word_1_183' title='bbox 792 1922 857 1964; x_wconf 90' lang='lat' dir='ltr'><strong>vel</strong></span> <span class='ocrx_word' id='word_1_184' title='bbox 872 1921 1023 1965; x_wconf 88' lang='lat' dir='ltr'><strong>debere</strong></span> <span class='ocrx_word' id='word_1_185' title='bbox 1037 1949 1049 1970; x_wconf 66' lang='lat'><em>2</em></span> <span class='ocrx_word' id='word_1_186' title='bbox 1065 1922 1266 1963; x_wconf 76' lang='lat' dir='ltr'><strong>statuimus</strong></span> <span class='ocrx_word' id='word_1_187' title='bbox 1280 1949 1295 1975; x_wconf 78' lang='lat'>‚</span> 
     </span>
     <span class='ocr_line' id='line_1_30' title="bbox 248 1974 1294 2037; baseline 0.003 -19"><span class='ocrx_word' id='word_1_188' title='bbox 248 1977 289 2018; x_wconf 74' lang='grc' dir='ltr'><strong>δι</strong></span> <span class='ocrx_word' id='word_1_189' title='bbox 307 1974 540 2023; x_wconf 82' lang='lat' dir='ltr'><strong>ordinamus</strong></span> <span class='ocrx_word' id='word_1_190' title='bbox 554 2004 568 2027; x_wconf 83' lang='grc'>,</span> <span class='ocrx_word' id='word_1_191' title='bbox 581 1990 801 2034; x_wconf 89' lang='lat' dir='ltr'><strong>eorumque</strong></span> <span class='ocrx_word' id='word_1_192' title='bbox 816 1980 1115 2035; x_wconf 66' lang='lat' dir='ltr'><strong>Superior-ihm,</strong></span> <span class='ocrx_word' id='word_1_193' title='bbox 1129 1980 1294 2037; x_wconf 89' lang='lat' dir='ltr'><strong>quibus-</strong></span> 
     </span>
     <span class='ocr_line' id='line_1_31' title="bbox 249 2036 1290 2096; baseline 0 -18"><span class='ocrx_word' id='word_1_194' title='bbox 249 2036 756 2090; x_wconf 65' lang='lat' dir='ltr'><strong>cunque‚&amp;l³rote6tori,</strong></span> <span class='ocrx_word' id='word_1_195' title='bbox 781 2052 831 2080; x_wconf 93' lang='lat' dir='ltr'><strong>ne</strong></span> <span class='ocrx_word' id='word_1_196' title='bbox 855 2040 893 2080; x_wconf 90' lang='lat' dir='ltr'><strong>in</strong></span> <span class='ocrx_word' id='word_1_197' title='bbox 926 2039 1125 2094; x_wconf 83' lang='lat' dir='ltr'><strong>posterum</strong></span> <span class='ocrx_word' id='word_1_198' title='bbox 1155 2039 1290 2096; x_wconf 82' lang='lat' dir='ltr'><strong>hujus-</strong></span> 
     </span>
     <span class='ocr_line' id='line_1_32' title="bbox 247 2091 1291 2150; baseline 0.002 -13"><span class='ocrx_word' id='word_1_199' title='bbox 247 2091 360 2137; x_wconf 85' lang='lat' dir='ltr'><strong>modi</strong></span> <span class='ocrx_word' id='word_1_200' title='bbox 374 2106 511 2135; x_wconf 84' lang='lat' dir='ltr'><strong>curam</strong></span> <span class='ocrx_word' id='word_1_201' title='bbox 528 2121 543 2144; x_wconf 67' lang='lat'>2</span> <span class='ocrx_word' id='word_1_202' title='bbox 563 2096 744 2150; x_wconf 87' lang='lat' dir='ltr'><strong>regimen</strong></span> <span class='ocrx_word' id='word_1_203' title='bbox 760 2123 775 2146; x_wconf 80' lang='lat'>‚</span> <span class='ocrx_word' id='word_1_204' title='bbox 789 2097 853 2140; x_wconf 87' lang='lat' dir='ltr'><strong>seu</strong></span> <span class='ocrx_word' id='word_1_205' title='bbox 870 2096 1261 2141; x_wconf 84' lang='lat' dir='ltr'><strong>administrationem</strong></span> <span class='ocrx_word' id='word_1_206' title='bbox 1277 2125 1291 2148; x_wconf 78' lang='lat'>‚</span> 
     </span>
     <span class='ocr_line' id='line_1_33' title="bbox 247 2150 1288 2211; baseline 0.004 -17"><span class='ocrx_word' id='word_1_207' title='bbox 247 2164 385 2207; x_wconf 87' lang='lat' dir='ltr'><strong>neque</strong></span> <span class='ocrx_word' id='word_1_208' title='bbox 403 2153 444 2194; x_wconf 89' lang='lat' dir='ltr'><strong>in</strong></span> <span class='ocrx_word' id='word_1_209' title='bbox 459 2150 730 2208; x_wconf 85' lang='lat' dir='ltr'><strong>spiritualibus</strong></span> <span class='ocrx_word' id='word_1_210' title='bbox 745 2181 759 2204; x_wconf 81' lang='lat'>‚</span> <span class='ocrx_word' id='word_1_211' title='bbox 787 2170 920 2211; x_wconf 90' lang='lat' dir='ltr'><strong>neque</strong></span> <span class='ocrx_word' id='word_1_212' title='bbox 941 2157 981 2198; x_wconf 93' lang='lat' dir='ltr'><strong>in</strong></span> <span class='ocrx_word' id='word_1_213' title='bbox 997 2157 1288 2211; x_wconf 86' lang='lat' dir='ltr'><strong>temporalibus</strong></span> 
     </span>
     <span class='ocr_line' id='line_1_34' title="bbox 247 2210 1288 2270; baseline 0.004 -18"><span class='ocrx_word' id='word_1_214' title='bbox 247 2210 454 2266; x_wconf 90' lang='lat' dir='ltr'><strong>suscipiant</strong></span> <span class='ocrx_word' id='word_1_215' title='bbox 468 2239 483 2263; x_wconf 80' lang='lat'>‚</span> <span class='ocrx_word' id='word_1_216' title='bbox 498 2221 565 2253; x_wconf 91' lang='lat' dir='ltr'><strong>aut</strong></span> <span class='ocrx_word' id='word_1_217' title='bbox 580 2211 720 2269; x_wconf 87' lang='lat' dir='ltr'><strong>suscipi</strong></span> <span class='ocrx_word' id='word_1_218' title='bbox 737 2214 926 2256; x_wconf 83' lang='lat' dir='ltr'><strong>mandent</strong></span> <span class='ocrx_word' id='word_1_219' title='bbox 941 2244 954 2267; x_wconf 76' lang='lat'>‚</span> <span class='ocrx_word' id='word_1_220' title='bbox 970 2217 1008 2256; x_wconf 87' lang='lat'>&amp;</span> <span class='ocrx_word' id='word_1_221' title='bbox 1022 2215 1258 2270; x_wconf 88' lang='lat' dir='ltr'><strong>permittant</strong></span> <span class='ocrx_word' id='word_1_222' title='bbox 1274 2244 1288 2264; x_wconf 90' lang='lat'>,</span> 
     </span>
     <span class='ocr_line' id='line_1_35' title="bbox 249 2268 1290 2329; baseline 0.003 -18"><span class='ocrx_word' id='word_1_223' title='bbox 249 2268 471 2325; x_wconf 57' lang='lat' dir='ltr'><strong>respective</strong></span> <span class='ocrx_word' id='word_1_224' title='bbox 491 2270 801 2324; x_wconf 80' lang='lat' dir='ltr'><strong>interdicimus,</strong></span> <span class='ocrx_word' id='word_1_225' title='bbox 822 2274 860 2314; x_wconf 72' lang='grc' dir='ltr'><strong>δε</strong></span> <span class='ocrx_word' id='word_1_226' title='bbox 888 2275 1170 2329; x_wconf 87' lang='lat' dir='ltr'><strong>prohibemus.</strong></span> <span class='ocrx_word' id='word_1_227' title='bbox 1203 2277 1290 2316; x_wconf 85' lang='lat' dir='ltr'><strong>De-.-</strong></span> 
     </span>
     <span class='ocr_line' id='line_1_36' title="bbox 248 2329 1292 2388; baseline 0.005 -19"><span class='ocrx_word' id='word_1_228' title='bbox 248 2339 466 2372; x_wconf 87' lang='lat' dir='ltr'><strong>cernentes</strong></span> <span class='ocrx_word' id='word_1_229' title='bbox 481 2329 738 2377; x_wconf 84' lang='lat' dir='ltr'><strong>nihilominus</strong></span> <span class='ocrx_word' id='word_1_230' title='bbox 751 2331 908 2373; x_wconf 90' lang='lat' dir='ltr'><strong>irritum</strong></span> <span class='ocrx_word' id='word_1_231' title='bbox 924 2361 939 2384; x_wconf 83' lang='lat'>‚</span> <span class='ocrx_word' id='word_1_232' title='bbox 959 2334 996 2375; x_wconf 85' lang='lat'>&amp;</span> <span class='ocrx_word' id='word_1_233' title='bbox 1020 2332 1136 2375; x_wconf 90' lang='lat' dir='ltr'><strong>inane</strong></span> <span class='ocrx_word' id='word_1_234' title='bbox 1149 2362 1161 2385; x_wconf 85' lang='lat'><strong>,</strong></span> <span class='ocrx_word' id='word_1_235' title='bbox 1175 2333 1292 2388; x_wconf 87' lang='lat' dir='ltr'><strong>quid-</strong></span> 
     </span>
     <span class='ocr_line' id='line_1_37' title="bbox 249 2385 1293 2447; baseline 0.006 -20"><span class='ocrx_word' id='word_1_236' title='bbox 249 2385 346 2442; x_wconf 89' lang='lat' dir='ltr'><strong>quid</strong></span> <span class='ocrx_word' id='word_1_237' title='bbox 361 2386 467 2431; x_wconf 90' lang='lat' dir='ltr'><strong>secus</strong></span> <span class='ocrx_word' id='word_1_238' title='bbox 483 2386 598 2444; x_wconf 90' lang='lat' dir='ltr'><strong>super</strong></span> <span class='ocrx_word' id='word_1_239' title='bbox 611 2390 673 2431; x_wconf 89' lang='lat' dir='ltr'><strong>his</strong></span> <span class='ocrx_word' id='word_1_240' title='bbox 686 2390 705 2432; x_wconf 74' lang='lat' dir='ltr'><strong>a</strong></span> <span class='ocrx_word' id='word_1_241' title='bbox 719 2404 916 2447; x_wconf 85' lang='lat' dir='ltr'><strong>quoquam</strong></span> <span class='ocrx_word' id='word_1_242' title='bbox 932 2418 946 2441; x_wconf 74' lang='lat' dir='ltr'><strong>a</strong></span> <span class='ocrx_word' id='word_1_243' title='bbox 960 2391 1097 2447; x_wconf 88' lang='lat' dir='ltr'><strong>quavis</strong></span> <span class='ocrx_word' id='word_1_244' title='bbox 1113 2391 1293 2433; x_wconf 87' lang='lat' dir='ltr'><strong>authori·</strong></span> 
     </span>
     <span class='ocr_line' id='line_1_38' title="bbox 251 2444 1290 2505; baseline 0.005 -19"><span class='ocrx_word' id='word_1_245' title='bbox 251 2444 617 2497; x_wconf 80' lang='lat' dir='ltr'><strong>tate.,scienter,vel</strong></span> <span class='ocrx_word' id='word_1_246' title='bbox 634 2449 864 2503; x_wconf 86' lang='lat' dir='ltr'><strong>ignoranter</strong></span> <span class='ocrx_word' id='word_1_247' title='bbox 876 2451 1098 2505; x_wconf 84' lang='lat' dir='ltr'><strong>contigerit</strong></span> <span class='ocrx_word' id='word_1_248' title='bbox 1114 2461 1290 2493; x_wconf 86' lang='lat' dir='ltr'><strong>attenta-</strong></span> 
     </span>
     <span class='ocr_line' id='line_1_39' title="bbox 249 2502 1290 2557; baseline 0.005 -14"><span class='ocrx_word' id='word_1_249' title='bbox 249 2502 298 2544; x_wconf 85' lang='lat' dir='ltr'><strong>ri.</strong></span> <span class='ocrx_word' id='word_1_250' title='bbox 311 2505 402 2544; x_wconf 86' lang='lat' dir='ltr'><strong>Non</strong></span> <span class='ocrx_word' id='word_1_251' title='bbox 419 2505 665 2547; x_wconf 82' lang='lat' dir='ltr'><strong>obstantibus</strong></span> <span class='ocrx_word' id='word_1_252' title='bbox 682 2506 1100 2557; x_wconf 80' lang='lat' dir='ltr'><strong>Constitutionibus,&amp;</strong></span> <span class='ocrx_word' id='word_1_253' title='bbox 1115 2507 1290 2549; x_wconf 42' lang='lat' dir='ltr'><strong>Ordinaae</strong></span> 
     </span>
     <span class='ocr_line' id='line_1_40' title="bbox 249 2560 1292 2620; baseline 0.004 -19"><span class='ocrx_word' id='word_1_254' title='bbox 249 2560 424 2601; x_wconf 86' lang='lat' dir='ltr'><strong>tionibus</strong></span> <span class='ocrx_word' id='word_1_255' title='bbox 440 2560 683 2616; x_wconf 84' lang='lat' dir='ltr'><strong>Apostolicis</strong></span> <span class='ocrx_word' id='word_1_256' title='bbox 699 2591 715 2613; x_wconf 80' lang='lat'>‚</span> <span class='ocrx_word' id='word_1_257' title='bbox 730 2563 959 2619; x_wconf 87' lang='lat' dir='ltr'><strong>caeterisque</strong></span> <span class='ocrx_word' id='word_1_258' title='bbox 975 2566 1190 2608; x_wconf 87' lang='lat' dir='ltr'><strong>contrariis</strong></span> <span class='ocrx_word' id='word_1_259' title='bbox 1205 2565 1292 2620; x_wconf 89' lang='lat' dir='ltr'><strong>qui-</strong></span> 
     </span>
     <span class='ocr_line' id='line_1_41' title="bbox 249 2615 1292 2679; baseline 0.006 -20"><span class='ocrx_word' id='word_1_260' title='bbox 249 2615 479 2673; x_wconf 86' lang='lat' dir='ltr'><strong>buscunque</strong></span> <span class='ocrx_word' id='word_1_261' title='bbox 499 2649 510 2660; x_wconf 87' lang='lat'>.</span> <span class='ocrx_word' id='word_1_262' title='bbox 548 2619 742 2662; x_wconf 87' lang='lat' dir='ltr'><strong>Volumus</strong></span> <span class='ocrx_word' id='word_1_263' title='bbox 777 2633 912 2664; x_wconf 86' lang='lat' dir='ltr'><strong>autem</strong></span> <span class='ocrx_word' id='word_1_264' title='bbox 930 2650 944 2672; x_wconf 79' lang='lat'>‚</span> <span class='ocrx_word' id='word_1_265' title='bbox 969 2622 1076 2679; x_wconf 90' lang='lat' dir='ltr'><strong>quod</strong></span> <span class='ocrx_word' id='word_1_266' title='bbox 1120 2623 1292 2678; x_wconf 65' lang='lat' dir='ltr'><strong>praesen-</strong></span> 
     </span>
     <span class='ocr_line' id='line_1_42' title="bbox 250 2676 1295 2736; baseline 0.009 -20"><span class='ocrx_word' id='word_1_267' title='bbox 250 2676 641 2732; x_wconf 62' lang='lat' dir='ltr'><strong>riumrransumptis,</strong></span> <span class='ocrx_word' id='word_1_268' title='bbox 654 2680 774 2722; x_wconf 87' lang='lat' dir='ltr'><strong>etiam</strong></span> <span class='ocrx_word' id='word_1_269' title='bbox 787 2680 979 2736; x_wconf 86' lang='lat' dir='ltr'><strong>impreffis</strong></span> <span class='ocrx_word' id='word_1_270' title='bbox 994 2709 1007 2731; x_wconf 83' lang='lat'>‚</span> <span class='ocrx_word' id='word_1_271' title='bbox 1039 2696 1154 2724; x_wconf 91' lang='lat' dir='ltr'><strong>manu</strong></span> <span class='ocrx_word' id='word_1_272' title='bbox 1169 2682 1295 2725; x_wconf 83' lang='lat' dir='ltr'><strong>alicu-</strong></span> 
     </span>
     <span class='ocr_line' id='line_1_43' title="bbox 240 2733 1288 2795; baseline 0.007 -20"><span class='ocrx_word' id='word_1_273' title='bbox 240 2733 308 2792; x_wconf 79' lang='lat' dir='ltr'><strong>·jus</strong></span> <span class='ocrx_word' id='word_1_274' title='bbox 324 2736 484 2776; x_wconf 88' lang='lat' dir='ltr'><strong>Notarii</strong></span> <span class='ocrx_word' id='word_1_275' title='bbox 503 2737 652 2790; x_wconf 90' lang='lat' dir='ltr'><strong>publici</strong></span> <span class='ocrx_word' id='word_1_276' title='bbox 680 2737 906 2793; x_wconf 87' lang='lat' dir='ltr'><strong>subscriptis</strong></span> <span class='ocrx_word' id='word_1_277' title='bbox 920 2768 935 2789; x_wconf 84' lang='lat'><em>‚</em></span> <span class='ocrx_word' id='word_1_278' title='bbox 966 2741 1003 2780; x_wconf 88' lang='lat'>&amp;</span> <span class='ocrx_word' id='word_1_279' title='bbox 1021 2740 1148 2795; x_wconf 84' lang='lat' dir='ltr'><strong>sigillo</strong></span> <span class='ocrx_word' id='word_1_280' title='bbox 1164 2741 1288 2782; x_wconf 90' lang='lat' dir='ltr'><strong>alicu-</strong></span> 
     </span>
     <span class='ocr_line' id='line_1_44' title="bbox 243 2791 1288 2850; baseline 0.009 -18"><span class='ocrx_word' id='word_1_281' title='bbox 243 2792 304 2849; x_wconf 90' lang='lat' dir='ltr'><strong>jus</strong></span> <span class='ocrx_word' id='word_1_282' title='bbox 319 2791 492 2848; x_wconf 87' lang='lat' dir='ltr'><strong>personae</strong></span> <span class='ocrx_word' id='word_1_283' title='bbox 507 2795 547 2835; x_wconf 90' lang='lat' dir='ltr'><strong>in</strong></span> <span class='ocrx_word' id='word_1_284' title='bbox 569 2794 769 2850; x_wconf 87' lang='lat' dir='ltr'><strong>dignitate</strong></span> <span class='ocrx_word' id='word_1_285' title='bbox 784 2797 1049 2841; x_wconf 82' lang='lat' dir='ltr'><strong>ecclefiastica</strong></span> <span class='ocrx_word' id='word_1_286' title='bbox 1068 2800 1288 2841; x_wconf 82' lang='lat' dir='ltr'><strong>constitutae</strong></span> 
     </span>
     <span class='ocr_line' id='line_1_45' title="bbox 245 2850 1288 2911; baseline 0.007 -19"><span class='ocrx_word' id='word_1_287' title='bbox 245 2850 569 2903; x_wconf 82' lang='lat' dir='ltr'><strong>munitis,eadem</strong></span> <span class='ocrx_word' id='word_1_288' title='bbox 589 2856 743 2908; x_wconf 87' lang='lat' dir='ltr'><strong>prorsus</strong></span> <span class='ocrx_word' id='word_1_289' title='bbox 754 2853 853 2897; x_wconf 86' lang='lat' dir='ltr'><strong>fides</strong></span> <span class='ocrx_word' id='word_1_290' title='bbox 868 2856 1016 2911; x_wconf 90' lang='lat' dir='ltr'><strong>ubique</strong></span> <span class='ocrx_word' id='word_1_291' title='bbox 1030 2857 1288 2911; x_wconf 79' lang='lat' dir='ltr'><strong>adhibeatur,</strong></span> 
     </span>
     <span class='ocr_line' id='line_1_46' title="bbox 245 2909 1287 2969; baseline 0.008 -19"><span class='ocrx_word' id='word_1_292' title='bbox 245 2923 323 2966; x_wconf 70' lang='lat' dir='ltr'><strong>que</strong></span> <span class='ocrx_word' id='word_1_293' title='bbox 338 2909 589 2965; x_wconf 68' lang='lat' dir='ltr'><strong>presentibus</strong></span> <span class='ocrx_word' id='word_1_294' title='bbox 606 2912 915 2963; x_wconf 69' lang='lat' dir='ltr'><strong>adhiberetur-,fi</strong></span> <span class='ocrx_word' id='word_1_295' title='bbox 929 2913 1063 2957; x_wconf 87' lang='lat' dir='ltr'><strong>forent</strong></span> <span class='ocrx_word' id='word_1_296' title='bbox 1079 2916 1287 2969; x_wconf 85' lang='lat' dir='ltr'><strong>exhibitae,</strong></span> 
     </span>
     <span class='ocr_line' id='line_1_47' title="bbox 244 2967 1281 3027; baseline 0.008 -18"><span class='ocrx_word' id='word_1_297' title='bbox 244 2969 313 3010; x_wconf 92' lang='lat' dir='ltr'><strong>vel</strong></span> <span class='ocrx_word' id='word_1_298' title='bbox 329 2967 486 3010; x_wconf 84' lang='lat' dir='ltr'><strong>ostensae</strong></span> <span class='ocrx_word' id='word_1_299' title='bbox 504 2998 516 3009; x_wconf 87' lang='lat'><strong>.</strong></span> <span class='ocrx_word' id='word_1_300' title='bbox 541 2972 690 3012; x_wconf 86' lang='lat' dir='ltr'><strong>Datum</strong></span> <span class='ocrx_word' id='word_1_301' title='bbox 714 2974 851 3015; x_wconf 81' lang='lat' dir='ltr'><strong>Romae</strong></span> <span class='ocrx_word' id='word_1_302' title='bbox 865 2972 972 3027; x_wconf 84' lang='lat' dir='ltr'><strong>apud</strong></span> <span class='ocrx_word' id='word_1_303' title='bbox 991 2975 1174 3016; x_wconf 60' lang='lat' dir='ltr'><strong>Sanfihm</strong></span> <span class='ocrx_word' id='word_1_304' title='bbox 1191 2978 1281 3017; x_wconf 75' lang='lat' dir='ltr'><strong>Ma-</strong></span> 
     </span>
     <span class='ocr_line' id='line_1_48' title="bbox 242 3025 1286 3087; baseline 0.007 -19"><span class='ocrx_word' id='word_1_305' title='bbox 242 3027 341 3069; x_wconf 85' lang='lat' dir='ltr'><strong>riam</strong></span> <span class='ocrx_word' id='word_1_306' title='bbox 359 3025 558 3082; x_wconf 88' lang='lat' dir='ltr'><strong>Majorem</strong></span> <span class='ocrx_word' id='word_1_307' title='bbox 573 3026 641 3070; x_wconf 88' lang='lat' dir='ltr'><strong>sub</strong></span> <span class='ocrx_word' id='word_1_308' title='bbox 657 3031 823 3073; x_wconf 88' lang='lat' dir='ltr'><strong>Annulo</strong></span> <span class='ocrx_word' id='word_1_309' title='bbox 840 3031 1054 3073; x_wconf 85' lang='lat' dir='ltr'><strong>Piscatoris</strong></span> <span class='ocrx_word' id='word_1_310' title='bbox 1070 3047 1091 3074; x_wconf 85' lang='lat' dir='ltr'>x</span> <span class='ocrx_word' id='word_1_311' title='bbox 1103 3048 1134 3074; x_wconf 83' lang='grc' dir='ltr'><strong>ι.</strong></span> <span class='ocrx_word' id='word_1_312' title='bbox 1150 3036 1286 3087; x_wconf 85' lang='lat' dir='ltr'><strong>Augu·</strong></span> 
     </span>
     <span class='ocr_line' id='line_1_49' title="bbox 242 3084 1287 3141; baseline 0.011 -15"><span class='ocrx_word' id='word_1_313' title='bbox 242 3084 287 3126; x_wconf 83' lang='lat' dir='ltr'><strong>sti</strong></span> <span class='ocrx_word' id='word_1_314' title='bbox 315 3101 361 3128; x_wconf 85' lang='lat' dir='ltr'><strong>M.</strong></span> <span class='ocrx_word' id='word_1_315' title='bbox 378 3100 451 3127; x_wconf 85' lang='lat' dir='ltr'><strong>nc.</strong></span> <span class='ocrx_word' id='word_1_316' title='bbox 465 3099 544 3129; x_wconf 83' lang='lat' dir='ltr'><strong>xvt</strong></span> <span class='ocrx_word' id='word_1_317' title='bbox 558 3098 573 3129; x_wconf 89' lang='lat'>1</span> <span class='ocrx_word' id='word_1_318' title='bbox 588 3102 620 3133; x_wconf 72' lang='grc' dir='ltr'><strong>ι,</strong></span> <span class='ocrx_word' id='word_1_319' title='bbox 649 3088 914 3139; x_wconf 81' lang='lat' dir='ltr'><strong>Pontificatus</strong></span> <span class='ocrx_word' id='word_1_320' title='bbox 941 3091 1065 3134; x_wconf 82' lang='lat' dir='ltr'><strong>nostri</strong></span> <span class='ocrx_word' id='word_1_321' title='bbox 1081 3094 1198 3134; x_wconf 90' lang='lat' dir='ltr'><strong>Anno</strong></span> <span class='ocrx_word' id='word_1_322' title='bbox 1211 3091 1287 3141; x_wconf 72' lang='lat' dir='ltr'><strong>de·</strong></span> 
     </span>
     <span class='ocr_line' id='line_1_50' title="bbox 246 3144 526 3206; baseline 0.029 -23"><span class='ocrx_word' id='word_1_323' title='bbox 246 3144 500 3206; x_wconf 79' lang='lat' dir='ltr'><strong>cimoquarto</strong></span> <span class='ocrx_word' id='word_1_324' title='bbox 513 3174 526 3191; x_wconf 85' lang='lat'><strong>.-</strong></span> 
     </span>
    </p>

    <p class='ocr_par' dir='ltr' id='par_1_4' title="bbox 674 3207 1156 3267">
     <span class='ocr_line' id='line_1_51' title="bbox 674 3207 1156 3267; baseline 0.008 -17"><span class='ocrx_word' id='word_1_325' title='bbox 674 3211 716 3254; x_wconf 67' lang='grc' dir='ltr'><strong>ὃ,</strong></span> <span class='ocrx_word' id='word_1_326' title='bbox 740 3207 858 3255; x_wconf 64' lang='grc' dir='ltr'><strong>(Σανᾰ,</strong></span> <span class='ocrx_word' id='word_1_327' title='bbox 885 3209 927 3253; x_wconf 62' lang='lat' dir='ltr'><strong>S-</strong></span> <span class='ocrx_word' id='word_1_328' title='bbox 949 3207 1156 3267; x_wconf 68' lang='lat' dir='ltr'><strong>susanna:-</strong></span> 
     </span>
    </p>
   </div>
   <div class='ocr_carea' id='block_1_3' title="bbox 295 3323 1281 3548">
    <p class='ocr_par' dir='ltr' id='par_1_5' title="bbox 295 3323 1281 3548">
     <span class='ocr_line' id='line_1_52' title="bbox 295 3323 1281 3383; baseline 0 -19"><span class='ocrx_word' id='word_1_329' title='bbox 295 3323 541 3377; x_wconf 78' lang='lat' dir='ltr'><strong>Autograph.</strong></span> <span class='ocrx_word' id='word_1_330' title='bbox 571 3326 614 3365; x_wconf 77' lang='lat' dir='ltr'><strong>t‘n</strong></span> <span class='ocrx_word' id='word_1_331' title='bbox 638 3327 779 3366; x_wconf 80' lang='lat' dir='ltr'><strong>Secret.</strong></span> <span class='ocrx_word' id='word_1_332' title='bbox 806 3328 994 3368; x_wconf 83' lang='lat' dir='ltr'><strong>Brevium</strong></span> <span class='ocrx_word' id='word_1_333' title='bbox 1024 3324 1156 3383; x_wconf 88' lang='lat' dir='ltr'><strong>Apost.</strong></span> <span class='ocrx_word' id='word_1_334' title='bbox 1185 3327 1281 3380; x_wconf 81' lang='lat' dir='ltr'><strong>Reg.</strong></span> 
     </span>
     <span class='ocr_line' id='line_1_53' title="bbox 352 3380 1278 3444; baseline 0.003 -23"><span class='ocrx_word' id='word_1_335' title='bbox 352 3380 483 3435; x_wconf 79' lang='lat' dir='ltr'><strong>mensis</strong></span> <span class='ocrx_word' id='word_1_336' title='bbox 512 3383 708 3439; x_wconf 77' lang='lat' dir='ltr'><strong>Augusti,</strong></span> <span class='ocrx_word' id='word_1_337' title='bbox 737 3387 844 3426; x_wconf 81' lang='lat' dir='ltr'><strong>Anni</strong></span> <span class='ocrx_word' id='word_1_338' title='bbox 880 3385 996 3426; x_wconf 84' lang='lat'>1618.</span> <span class='ocrx_word' id='word_1_339' title='bbox 1013 3384 1206 3444; x_wconf 78' lang='lat' dir='ltr'><em>fol.23².</em></span> <span class='ocrx_word' id='word_1_340' title='bbox 1233 3383 1278 3424; x_wconf 75' lang='lat' dir='ltr'><strong>de</strong></span> 
     </span>
     <span class='ocr_line' id='line_1_54' title="bbox 354 3442 1271 3500; baseline 0.009 -23"><span class='ocrx_word' id='word_1_341' title='bbox 354 3451 427 3491; x_wconf 89' lang='lat' dir='ltr'><strong>quo</strong></span> <span class='ocrx_word' id='word_1_342' title='bbox 444 3445 566 3483; x_wconf 77' lang='lat' dir='ltr'><strong>Breve</strong></span> <span class='ocrx_word' id='word_1_343' title='bbox 568 3442 795 3500; x_wconf 83' lang='lat' dir='ltr'><strong>formatum</strong></span> <span class='ocrx_word' id='word_1_344' title='bbox 809 3449 852 3491; x_wconf 74' lang='lat' dir='ltr'><strong>m</strong></span> <span class='ocrx_word' id='word_1_345' title='bbox 878 3443 1048 3488; x_wconf 82' lang='lat' dir='ltr'><strong>Archivo</strong></span> <span class='ocrx_word' id='word_1_346' title='bbox 1068 3456 1160 3500; x_wconf 84' lang='lat' dir='ltr'><strong>gen.</strong></span> <span class='ocrx_word' id='word_1_347' title='bbox 1176 3443 1271 3490; x_wconf 72' lang='grc' dir='ltr'><strong>0ναῖ,</strong></span> 
     </span>
     <span class='ocr_line' id='line_1_55' title="bbox 357 3499 743 3548; baseline 0.013 -6"><span class='ocrx_word' id='word_1_348' title='bbox 357 3499 461 3542; x_wconf 79' lang='lat' dir='ltr'><em>Tom.</em></span> <span class='ocrx_word' id='word_1_349' title='bbox 480 3501 533 3548; x_wconf 79' lang='lat' dir='ltr'><strong>H.</strong></span> <span class='ocrx_word' id='word_1_350' title='bbox 550 3515 654 3544; x_wconf 83' lang='lat' dir='ltr'><strong>num.</strong></span> <span class='ocrx_word' id='word_1_351' title='bbox 683 3515 743 3547; x_wconf 60' lang='grc' dir='ltr'><strong>ιι,</strong></span> 
     </span>
    </p>
   </div>
   <div class='ocr_carea' id='block_1_4' title="bbox 412 3605 1101 3674">
    <p class='ocr_par' dir='ltr' id='par_1_6' title="bbox 412 3605 1101 3674">
     <span class='ocr_line' id='line_1_56' title="bbox 412 3605 1101 3674; baseline 0.015 -9"><span class='ocrx_word' id='word_1_352' title='bbox 412 3605 1101 3674; x_wconf 85' lang='grc' dir='ltr'>ΝΟΤΑ·</span> 
     </span>
    </p>
   </div>
   <div class='ocr_carea' id='block_1_5' title="bbox 243 3687 1278 3774">
    <p class='ocr_par' dir='ltr' id='par_1_7' title="bbox 243 3687 1278 3774">
     <span class='ocr_line' id='line_1_57' title="bbox 243 3687 1278 3774; baseline 0.013 -54"><span class='ocrx_word' id='word_1_353' title='bbox 243 3687 325 3774; x_wconf 80' lang='lat' dir='ltr'>C</span> <span class='ocrx_word' id='word_1_354' title='bbox 344 3687 574 3727; x_wconf 86' lang='lat' dir='ltr'><strong>Onstitutioni</strong></span> <span class='ocrx_word' id='word_1_355' title='bbox 602 3693 680 3730; x_wconf 86' lang='lat' dir='ltr'><strong>hnic</strong></span> <span class='ocrx_word' id='word_1_356' title='bbox 701 3694 767 3731; x_wconf 85' lang='lat' dir='ltr'><strong>fuit</strong></span> <span class='ocrx_word' id='word_1_357' title='bbox 795 3698 912 3744; x_wconf 89' lang='lat' dir='ltr'><strong>quoad</strong></span> <span class='ocrx_word' id='word_1_358' title='bbox 941 3695 1140 3736; x_wconf 82' lang='lat' dir='ltr'><strong>Provincias</strong></span> <span class='ocrx_word' id='word_1_359' title='bbox 1172 3698 1278 3733; x_wconf 83' lang='lat' dir='ltr'><strong>ultra-</strong></span> 
     </span>
    </p>
   </div>
   <div class='ocr_carea' id='block_1_6' title="bbox 240 3741 1283 3847">
    <p class='ocr_par' dir='ltr' id='par_1_8' title="bbox 240 3741 1283 3847">
     <span class='ocr_line' id='line_1_58' title="bbox 354 3741 1283 3795; baseline 0.017 -25"><span class='ocrx_word' id='word_1_360' title='bbox 354 3747 537 3774; x_wconf 84' lang='lat' dir='ltr'><strong>montanas</strong></span> <span class='ocrx_word' id='word_1_361' title='bbox 562 3741 655 3778; x_wconf 71' lang='lat' dir='ltr'><strong>varie</strong></span> <span class='ocrx_word' id='word_1_362' title='bbox 678 3743 880 3791; x_wconf 68' lang='lat' dir='ltr'><strong>⁸derogatum</strong></span> <span class='ocrx_word' id='word_1_363' title='bbox 894 3771 906 3789; x_wconf 91' lang='lat'>‚</span> <span class='ocrx_word' id='word_1_364' title='bbox 930 3745 1045 3795; x_wconf 88' lang='lat' dir='ltr'><strong>quoad</strong></span> <span class='ocrx_word' id='word_1_365' title='bbox 1075 3749 1201 3789; x_wconf 80' lang='lat' dir='ltr'><strong>ltaliam</strong></span> <span class='ocrx_word' id='word_1_366' title='bbox 1226 3760 1283 3791; x_wconf 72' lang='lat' dir='ltr'><strong>au·</strong></span> 
     </span>
     <span class='ocr_line' id='line_1_59' title="bbox 240 3785 1043 3847; baseline 0.02 -29"><span class='ocrx_word' id='word_1_367' title='bbox 240 3793 308 3825; x_wconf 76' lang='lat' dir='ltr'><strong>tem</strong></span> <span class='ocrx_word' id='word_1_368' title='bbox 321 3785 498 3829; x_wconf 61' lang='lat' dir='ltr'><strong>novissime</strong></span> <span class='ocrx_word' id='word_1_369' title='bbox 511 3787 558 3824; x_wconf 89' lang='lat' dir='ltr'><strong>est</strong></span> <span class='ocrx_word' id='word_1_370' title='bbox 571 3790 765 3833; x_wconf 83' lang='lat' dir='ltr'><strong>confirmata</strong></span> <span class='ocrx_word' id='word_1_371' title='bbox 775 3817 788 3839; x_wconf 91' lang='lat'><em>,</em></span> <span class='ocrx_word' id='word_1_372' title='bbox 803 3795 855 3832; x_wconf 81' lang='lat' dir='ltr'><strong>uti</strong></span> <span class='ocrx_word' id='word_1_373' title='bbox 870 3795 928 3834; x_wconf 88' lang='lat' dir='ltr'><strong>suo</strong></span> <span class='ocrx_word' id='word_1_374' title='bbox 943 3798 1020 3847; x_wconf 82' lang='lat' dir='ltr'><strong>loco</strong></span> <span class='ocrx_word' id='word_1_375' title='bbox 1033 3822 1043 3838; x_wconf 60' lang='lat'><em>2</em></span> 
     </span>
    </p>
   </div>
   <div class='ocr_carea' id='block_1_7' title="bbox 2245 244 2333 306">
    <p class='ocr_par' dir='ltr' id='par_1_9' title="bbox 2245 244 2333 306">
     <span class='ocr_line' id='line_1_60' title="bbox 2245 244 2333 306; baseline -0.011 0"><span class='ocrx_word' id='word_1_376' title='bbox 2245 244 2333 306; x_wconf 84' lang='lat'><strong>61</strong></span> 
     </span>
    </p>
   </div>
   <div class='ocr_carea' id='block_1_8' title="bbox 1362 325 2402 403">
    <p class='ocr_par' dir='ltr' id='par_1_10' title="bbox 1362 325 2402 403">
     <span class='ocr_line' id='line_1_61' title="bbox 1362 325 2402 403; baseline 0.019 -26"><span class='ocrx_word' id='word_1_377' title='bbox 1362 332 1436 385; x_wconf 89' lang='lat' dir='ltr'><strong>Ut</strong></span> <span class='ocrx_word' id='word_1_378' title='bbox 1452 333 1503 380; x_wconf 87' lang='lat' dir='ltr'><strong>P.</strong></span> <span class='ocrx_word' id='word_1_379' title='bbox 1520 325 1729 381; x_wconf 84' lang='lat' dir='ltr'><strong>Minister</strong></span> <span class='ocrx_word' id='word_1_380' title='bbox 1743 337 1978 387; x_wconf 80' lang='lat' dir='ltr'><strong>Generalis</strong></span> <span class='ocrx_word' id='word_1_381' title='bbox 1995 340 2125 392; x_wconf 85' lang='lat' dir='ltr'><strong>suum</strong></span> <span class='ocrx_word' id='word_1_382' title='bbox 2145 344 2374 396; x_wconf 82' lang='lat' dir='ltr'><strong>Officium</strong></span> <span class='ocrx_word' id='word_1_383' title='bbox 2384 381 2402 403; x_wconf 87' lang='lat'>‚</span> 
     </span>
    </p>
   </div>
   <div class='ocr_carea' id='block_1_9' title="bbox 1394 400 2403 546">
    <p class='ocr_par' dir='ltr' id='par_1_11' title="bbox 1394 400 2403 546">
     <span class='ocr_line' id='line_1_62' title="bbox 1395 400 2403 474; baseline 0.017 -27"><span class='ocrx_word' id='word_1_384' title='bbox 1395 400 1520 466; x_wconf 90' lang='lat' dir='ltr'><strong>quod</strong></span> <span class='ocrx_word' id='word_1_385' title='bbox 1563 403 1670 452; x_wconf 68' lang='lat' dir='ltr'><strong>alias</strong></span> <span class='ocrx_word' id='word_1_386' title='bbox 1702 403 1760 452; x_wconf 85' lang='lat' dir='ltr'><strong>ad</strong></span> <span class='ocrx_word' id='word_1_387' title='bbox 1789 407 2140 474; x_wconf 82' lang='lat' dir='ltr'><strong>quinquennium</strong></span> <span class='ocrx_word' id='word_1_388' title='bbox 2181 416 2403 466; x_wconf 84' lang='lat' dir='ltr'><strong>duntaxat</strong></span> 
     </span>
     <span class='ocr_line' id='line_1_63' title="bbox 1394 470 2403 546; baseline 0.02 -29"><span class='ocrx_word' id='word_1_389' title='bbox 1394 470 1615 528; x_wconf 89' lang='lat' dir='ltr'><strong>durabat,</strong></span> <span class='ocrx_word' id='word_1_390' title='bbox 1640 472 1698 523; x_wconf 87' lang='lat' dir='ltr'><strong>ad</strong></span> <span class='ocrx_word' id='word_1_391' title='bbox 1724 478 1998 527; x_wconf 85' lang='lat' dir='ltr'><strong>Sexennium</strong></span> <span class='ocrx_word' id='word_1_392' title='bbox 2029 487 2293 546; x_wconf 88' lang='lat' dir='ltr'><strong>protrahat,</strong></span> <span class='ocrx_word' id='word_1_393' title='bbox 2320 487 2403 535; x_wconf 83' lang='lat' dir='ltr'><strong>sta-</strong></span> 
     </span>
    </p>
   </div>
   <div class='ocr_carea' id='block_1_10' title="bbox 1391 543 2403 745">
    <p class='ocr_par' dir='ltr' id='par_1_12' title="bbox 1391 543 2403 745">
     <span class='ocr_line' id='line_1_64' title="bbox 1391 543 2400 606; baseline 0.018 -17"><span class='ocrx_word' id='word_1_394' title='bbox 1391 543 1506 590; x_wconf 90' lang='lat' dir='ltr'><strong>tuit:</strong></span> <span class='ocrx_word' id='word_1_395' title='bbox 1525 556 1576 590; x_wconf 90' lang='lat' dir='ltr'><strong>ut</strong></span> <span class='ocrx_word' id='word_1_396' title='bbox 1595 543 1670 592; x_wconf 88' lang='lat' dir='ltr'><strong>ille</strong></span> <span class='ocrx_word' id='word_1_397' title='bbox 1690 543 1839 604; x_wconf 83' lang='lat' dir='ltr'><strong>(ficut</strong></span> <span class='ocrx_word' id='word_1_398' title='bbox 1854 582 1869 603; x_wconf 92' lang='lat'><strong>,</strong></span> <span class='ocrx_word' id='word_1_399' title='bbox 1888 546 1936 597; x_wconf 70' lang='grc' dir='ltr'><strong>ὃ(</strong></span> <span class='ocrx_word' id='word_1_400' title='bbox 1952 551 2002 598; x_wconf 89' lang='grc' dir='ltr'><strong>Ρ.</strong></span> <span class='ocrx_word' id='word_1_401' title='bbox 2019 554 2293 605; x_wconf 87' lang='lat' dir='ltr'><strong>Procurator</strong></span> <span class='ocrx_word' id='word_1_402' title='bbox 2308 560 2400 606; x_wconf 87' lang='lat' dir='ltr'><strong>Ge-</strong></span> 
     </span>
     <span class='ocr_line' id='line_1_65' title="bbox 1392 613 2402 684; baseline 0.019 -26"><span class='ocrx_word' id='word_1_403' title='bbox 1392 613 1576 673; x_wconf 86' lang='lat' dir='ltr'><strong>neralis)</strong></span> <span class='ocrx_word' id='word_1_404' title='bbox 1591 616 1780 664; x_wconf 89' lang='lat' dir='ltr'><strong>Socium</strong></span> <span class='ocrx_word' id='word_1_405' title='bbox 1793 618 2009 667; x_wconf 88' lang='lat' dir='ltr'><strong>Nationis</strong></span> <span class='ocrx_word' id='word_1_406' title='bbox 2028 623 2216 673; x_wconf 88' lang='lat' dir='ltr'><strong>Gallicae</strong></span> <span class='ocrx_word' id='word_1_407' title='bbox 2234 642 2402 684; x_wconf 86' lang='lat' dir='ltr'><strong>teneat,</strong></span> 
     </span>
     <span class='ocr_line' id='line_1_66' title="bbox 1392 681 2403 745; baseline 0.017 -16"><span class='ocrx_word' id='word_1_408' title='bbox 1392 681 1607 742; x_wconf 84' lang='lat' dir='ltr'><strong>ordinat3</strong></span> <span class='ocrx_word' id='word_1_409' title='bbox 1633 681 1713 743; x_wconf 69' lang='grc' dir='ltr'><strong>ἃ,</strong></span> <span class='ocrx_word' id='word_1_410' title='bbox 1741 702 1798 734; x_wconf 83' lang='lat' dir='ltr'><strong>ne</strong></span> <span class='ocrx_word' id='word_1_411' title='bbox 1817 688 1862 735; x_wconf 89' lang='lat' dir='ltr'><strong>in</strong></span> <span class='ocrx_word' id='word_1_412' title='bbox 1887 686 1974 737; x_wconf 87' lang='lat' dir='ltr'><strong>suae</strong></span> <span class='ocrx_word' id='word_1_413' title='bbox 1993 690 2275 743; x_wconf 86' lang='lat' dir='ltr'><strong>Vifitationis</strong></span> <span class='ocrx_word' id='word_1_414' title='bbox 2302 715 2403 745; x_wconf 85' lang='lat' dir='ltr'><strong>cur-</strong></span> 
     </span>
    </p>
   </div>
   <div class='ocr_carea' id='block_1_11' title="bbox 1392 749 2401 891">
    <p class='ocr_par' dir='ltr' id='par_1_13' title="bbox 1392 749 2401 891">
     <span class='ocr_line' id='line_1_67' title="bbox 1393 749 2401 830; baseline 0.016 -30"><span class='ocrx_word' id='word_1_415' title='bbox 1393 749 1445 801; x_wconf 89' lang='lat' dir='ltr'><strong>su</strong></span> <span class='ocrx_word' id='word_1_416' title='bbox 1463 754 1537 813; x_wconf 87' lang='lat'><strong>(*)</strong></span> <span class='ocrx_word' id='word_1_417' title='bbox 1557 757 1771 823; x_wconf 85' lang='lat' dir='ltr'><strong>graviora</strong></span> <span class='ocrx_word' id='word_1_418' title='bbox 1789 755 1954 825; x_wconf 85' lang='lat' dir='ltr'><strong>absque</strong></span> <span class='ocrx_word' id='word_1_419' title='bbox 1971 763 2191 830; x_wconf 83' lang='lat' dir='ltr'><strong>Capitulo</strong></span> <span class='ocrx_word' id='word_1_420' title='bbox 2212 768 2401 817; x_wconf 88' lang='lat' dir='ltr'><strong>Provin-</strong></span> 
     </span>
     <span class='ocr_line' id='line_1_68' title="bbox 1392 824 1911 891; baseline 0.015 -20"><span class='ocrx_word' id='word_1_421' title='bbox 1392 824 1497 873; x_wconf 87' lang='lat' dir='ltr'><strong>ciali</strong></span> <span class='ocrx_word' id='word_1_422' title='bbox 1523 824 1734 886; x_wconf 85' lang='lat' dir='ltr'><strong>decidat,</strong></span> <span class='ocrx_word' id='word_1_423' title='bbox 1752 827 1911 891; x_wconf 86' lang='lat' dir='ltr'><strong>jubet.</strong></span> 
     </span>
    </p>
   </div>
   <div class='ocr_carea' id='block_1_12' title="bbox 1517 968 2234 1027">
    <p class='ocr_par' dir='ltr' id='par_1_14' title="bbox 1517 968 2234 1027">
     <span class='ocr_line' id='line_1_69' title="bbox 1517 968 2234 1027; baseline 0.013 -9"><span class='ocrx_word' id='word_1_424' title='bbox 1517 968 1862 1023; x_wconf 88' lang='lat' dir='ltr'>PAULUS</span> <span class='ocrx_word' id='word_1_425' title='bbox 1915 973 2115 1024; x_wconf 93' lang='lat' dir='ltr'><strong>PAPA</strong></span> <span class='ocrx_word' id='word_1_426' title='bbox 2171 981 2234 1027; x_wconf 90' lang='lat' dir='ltr'><strong>V.</strong></span> 
     </span>
    </p>
   </div>
   <div class='ocr_carea' id='block_1_13' title="bbox 1531 1085 2221 1142">
    <p class='ocr_par' dir='ltr' id='par_1_15' title="bbox 1531 1085 2221 1142">
     <span class='ocr_line' id='line_1_70' title="bbox 1531 1085 2221 1142; baseline 0.014 -16"><span class='ocrx_word' id='word_1_427' title='bbox 1531 1085 1601 1130; x_wconf 87' lang='lat' dir='ltr'><strong>Ad</strong></span> <span class='ocrx_word' id='word_1_428' title='bbox 1619 1095 1851 1142; x_wconf 83' lang='lat' dir='ltr'><strong>perpetuam</strong></span> <span class='ocrx_word' id='word_1_429' title='bbox 1879 1092 1941 1131; x_wconf 81' lang='lat' dir='ltr'><strong>rei</strong></span> <span class='ocrx_word' id='word_1_430' title='bbox 1970 1097 2221 1136; x_wconf 78' lang='lat' dir='ltr'><strong>memoriam.</strong></span> 
     </span>
    </p>
   </div>
   <div class='ocr_carea' id='block_1_14' title="bbox 1335 1200 2396 3898">
    <p class='ocr_par' dir='ltr' id='par_1_16' title="bbox 1335 1200 2396 3898">
     <span class='ocr_line' id='line_1_71' title="bbox 1355 1200 2396 1309; baseline 0.016 -67"><span class='ocrx_word' id='word_1_431' title='bbox 1355 1200 1407 1309; x_wconf 85' lang='lat' dir='ltr'>I</span> <span class='ocrx_word' id='word_1_432' title='bbox 1427 1204 1468 1244; x_wconf 91' lang='lat' dir='ltr'>N</span> <span class='ocrx_word' id='word_1_433' title='bbox 1483 1203 1680 1258; x_wconf 87' lang='lat' dir='ltr'><strong>Supremo</strong></span> <span class='ocrx_word' id='word_1_434' title='bbox 1695 1205 1808 1248; x_wconf 86' lang='lat' dir='ltr'><strong>Sedis</strong></span> <span class='ocrx_word' id='word_1_435' title='bbox 1821 1206 1854 1247; x_wconf 85' lang='lat' dir='ltr'>A</span> <span class='ocrx_word' id='word_1_436' title='bbox 1859 1208 2059 1262; x_wconf 87' lang='lat' dir='ltr'><strong>postolicae</strong></span> <span class='ocrx_word' id='word_1_437' title='bbox 2077 1212 2215 1264; x_wconf 77' lang='lat' dir='ltr'><strong>Solio,</strong></span> <span class='ocrx_word' id='word_1_438' title='bbox 2232 1215 2270 1255; x_wconf 89' lang='lat'>&amp;</span> <span class='ocrx_word' id='word_1_439' title='bbox 2283 1217 2314 1257; x_wconf 83' lang='lat' dir='ltr'>A</span> <span class='ocrx_word' id='word_1_440' title='bbox 2320 1231 2396 1271; x_wconf 89' lang='lat' dir='ltr'><strong>po-</strong></span> 
     </span>
     <span class='ocr_line' id='line_1_72' title="bbox 1442 1260 2395 1320; baseline 0.017 -19"><span class='ocrx_word' id='word_1_441' title='bbox 1442 1260 1589 1303; x_wconf 85' lang='lat' dir='ltr'><strong>stolicae</strong></span> <span class='ocrx_word' id='word_1_442' title='bbox 1623 1264 1840 1306; x_wconf 87' lang='lat' dir='ltr'><strong>Potestatis</strong></span> <span class='ocrx_word' id='word_1_443' title='bbox 1880 1267 2136 1320; x_wconf 88' lang='lat' dir='ltr'><strong>plenitudine</strong></span> <span class='ocrx_word' id='word_1_444' title='bbox 2167 1273 2187 1313; x_wconf 74' lang='lat' dir='ltr'><strong>a</strong></span> <span class='ocrx_word' id='word_1_445' title='bbox 2218 1276 2395 1317; x_wconf 86' lang='lat' dir='ltr'><strong>Domino</strong></span> 
     </span>
     <span class='ocr_line' id='line_1_73' title="bbox 1354 1319 2392 1383; baseline 0.017 -26"><span class='ocrx_word' id='word_1_446' title='bbox 1354 1319 1554 1361; x_wconf 90' lang='lat' dir='ltr'><strong>constituti</strong></span> <span class='ocrx_word' id='word_1_447' title='bbox 1574 1350 1589 1370; x_wconf 89' lang='lat'><em>‚</em></span> <span class='ocrx_word' id='word_1_448' title='bbox 1613 1319 1662 1362; x_wconf 92' lang='lat' dir='ltr'><strong>ad</strong></span> <span class='ocrx_word' id='word_1_449' title='bbox 1684 1336 1731 1363; x_wconf 88' lang='lat' dir='ltr'><strong>ea</strong></span> <span class='ocrx_word' id='word_1_450' title='bbox 1745 1352 1759 1374; x_wconf 88' lang='lat'>‚</span> <span class='ocrx_word' id='word_1_451' title='bbox 1780 1338 1856 1378; x_wconf 91' lang='lat' dir='ltr'><strong>per</strong></span> <span class='ocrx_word' id='word_1_452' title='bbox 1869 1339 1953 1378; x_wconf 83' lang='lat' dir='ltr'><strong>quae</strong></span> <span class='ocrx_word' id='word_1_453' title='bbox 1964 1330 2036 1382; x_wconf 82' lang='lat' dir='ltr'><strong>piae</strong></span> <span class='ocrx_word' id='word_1_454' title='bbox 2053 1329 2258 1373; x_wconf 86' lang='lat' dir='ltr'><strong>hominum</strong></span> <span class='ocrx_word' id='word_1_455' title='bbox 2281 1362 2294 1383; x_wconf 81' lang='lat'>‚</span> <span class='ocrx_word' id='word_1_456' title='bbox 2322 1332 2392 1375; x_wconf 90' lang='lat' dir='ltr'><strong>sub</strong></span> 
     </span>
     <span class='ocr_line' id='line_1_74' title="bbox 1353 1373 2395 1444; baseline 0.018 -29"><span class='ocrx_word' id='word_1_457' title='bbox 1353 1373 1462 1419; x_wconf 92' lang='lat' dir='ltr'><strong>suavi</strong></span> <span class='ocrx_word' id='word_1_458' title='bbox 1482 1378 1710 1434; x_wconf 84' lang='lat' dir='ltr'><strong>Religionis</strong></span> <span class='ocrx_word' id='word_1_459' title='bbox 1726 1380 1820 1436; x_wconf 81' lang='lat' dir='ltr'><strong>jugo</strong></span> <span class='ocrx_word' id='word_1_460' title='bbox 1834 1411 1849 1432; x_wconf 85' lang='lat'>‚</span> <span class='ocrx_word' id='word_1_461' title='bbox 1873 1385 1911 1424; x_wconf 87' lang='lat'>&amp;</span> <span class='ocrx_word' id='word_1_462' title='bbox 1932 1385 1970 1426; x_wconf 91' lang='lat' dir='ltr'><strong>in</strong></span> <span class='ocrx_word' id='word_1_463' title='bbox 1989 1387 2225 1430; x_wconf 86' lang='lat' dir='ltr'><strong>humilitatis</strong></span> <span class='ocrx_word' id='word_1_464' title='bbox 2242 1393 2395 1444; x_wconf 86' lang='lat' dir='ltr'><strong>Spiritu</strong></span> 
     </span>
     <span class='ocr_line' id='line_1_75' title="bbox 1354 1437 2391 1502; baseline 0.014 -25"><span class='ocrx_word' id='word_1_465' title='bbox 1354 1438 1449 1478; x_wconf 77' lang='lat' dir='ltr'><strong>Deo</strong></span> <span class='ocrx_word' id='word_1_466' title='bbox 1460 1437 1725 1479; x_wconf 87' lang='lat' dir='ltr'><strong>militantium</strong></span> <span class='ocrx_word' id='word_1_467' title='bbox 1748 1442 2100 1497; x_wconf 86' lang='lat' dir='ltr'><strong>Congregationes</strong></span> <span class='ocrx_word' id='word_1_468' title='bbox 2121 1449 2291 1502; x_wconf 76' lang='lat' dir='ltr'><strong>provide</strong></span> <span class='ocrx_word' id='word_1_469' title='bbox 2307 1450 2391 1491; x_wconf 87' lang='lat' dir='ltr'><strong>san-</strong></span> 
     </span>
     <span class='ocr_line' id='line_1_76' title="bbox 1351 1494 2392 1561; baseline 0.012 -25"><span class='ocrx_word' id='word_1_470' title='bbox 1351 1494 1495 1551; x_wconf 67' lang='lat' dir='ltr'><strong>&amp;eque</strong></span> <span class='ocrx_word' id='word_1_471' title='bbox 1512 1495 1698 1538; x_wconf 87' lang='lat' dir='ltr'><strong>institutae</strong></span> <span class='ocrx_word' id='word_1_472' title='bbox 1716 1525 1730 1547; x_wconf 84' lang='lat'><strong>,</strong></span> <span class='ocrx_word' id='word_1_473' title='bbox 1754 1495 2004 1544; x_wconf 87' lang='lat' dir='ltr'><strong>felicioribus</strong></span> <span class='ocrx_word' id='word_1_474' title='bbox 2024 1506 2061 1546; x_wconf 84' lang='lat' dir='ltr'><strong>in</strong></span> <span class='ocrx_word' id='word_1_475' title='bbox 2076 1505 2162 1548; x_wconf 85' lang='lat' dir='ltr'><strong>dies</strong></span> <span class='ocrx_word' id='word_1_476' title='bbox 2177 1505 2392 1561; x_wconf 80' lang='lat' dir='ltr'><strong>proficiant</strong></span> 
     </span>
     <span class='ocr_line' id='line_1_77' title="bbox 1352 1554 2394 1622; baseline 0.012 -27"><span class='ocrx_word' id='word_1_477' title='bbox 1352 1554 1615 1598; x_wconf 85' lang='lat' dir='ltr'><strong>incrementis</strong></span> <span class='ocrx_word' id='word_1_478' title='bbox 1633 1584 1646 1607; x_wconf 87' lang='lat'>,</span> <span class='ocrx_word' id='word_1_479' title='bbox 1676 1554 1817 1598; x_wconf 75' lang='lat' dir='ltr'><strong>sedulo</strong></span> <span class='ocrx_word' id='word_1_480' title='bbox 1845 1557 2121 1615; x_wconf 84' lang='lat' dir='ltr'><strong>intendimus,</strong></span> <span class='ocrx_word' id='word_1_481' title='bbox 2148 1579 2194 1607; x_wconf 88' lang='lat' dir='ltr'><strong>ac</strong></span> <span class='ocrx_word' id='word_1_482' title='bbox 2221 1565 2394 1622; x_wconf 86' lang='lat' dir='ltr'><strong>desuper</strong></span> 
     </span>
     <span class='ocr_line' id='line_1_78' title="bbox 1357 1612 2394 1680; baseline 0.014 -26"><span class='ocrx_word' id='word_1_483' title='bbox 1357 1613 1572 1655; x_wconf 86' lang='lat' dir='ltr'><strong>Pastoralis</strong></span> <span class='ocrx_word' id='word_1_484' title='bbox 1597 1612 1729 1656; x_wconf 88' lang='lat' dir='ltr'><strong>Officii</strong></span> <span class='ocrx_word' id='word_1_485' title='bbox 1755 1627 1892 1671; x_wconf 89' lang='lat' dir='ltr'><strong>partes</strong></span> <span class='ocrx_word' id='word_1_486' title='bbox 1920 1620 2212 1679; x_wconf 86' lang='lat' dir='ltr'><strong>interponimus</strong></span> <span class='ocrx_word' id='word_1_487' title='bbox 2234 1656 2249 1675; x_wconf 82' lang='grc'>,</span> <span class='ocrx_word' id='word_1_488' title='bbox 2270 1636 2394 1680; x_wconf 89' lang='lat' dir='ltr'><strong>prout</strong></span> 
     </span>
     <span class='ocr_line' id='line_1_79' title="bbox 1355 1670 2392 1739; baseline 0.013 -28"><span class='ocrx_word' id='word_1_489' title='bbox 1355 1670 1395 1712; x_wconf 90' lang='lat' dir='ltr'><strong>in</strong></span> <span class='ocrx_word' id='word_1_490' title='bbox 1425 1673 1600 1715; x_wconf 87' lang='lat' dir='ltr'><strong>Domino</strong></span> <span class='ocrx_word' id='word_1_491' title='bbox 1626 1671 1887 1728; x_wconf 83' lang='lat' dir='ltr'><strong>conspicimus</strong></span> <span class='ocrx_word' id='word_1_492' title='bbox 1920 1678 2136 1723; x_wconf 79' lang='lat' dir='ltr'><strong>salubriter</strong></span> <span class='ocrx_word' id='word_1_493' title='bbox 2161 1678 2358 1739; x_wconf 82' lang='lat' dir='ltr'><strong>expedire</strong></span> <span class='ocrx_word' id='word_1_494' title='bbox 2379 1713 2392 1724; x_wconf 90' lang='lat'>.</span> 
     </span>
     <span class='ocr_line' id='line_1_80' title="bbox 1357 1731 2394 1797; baseline 0.013 -25"><span class='ocrx_word' id='word_1_495' title='bbox 1357 1731 1464 1773; x_wconf 90' lang='lat' dir='ltr'><strong>Hinc</strong></span> <span class='ocrx_word' id='word_1_496' title='bbox 1487 1732 1544 1772; x_wconf 90' lang='lat' dir='ltr'><strong>est</strong></span> <span class='ocrx_word' id='word_1_497' title='bbox 1560 1760 1574 1782; x_wconf 82' lang='lat'>‚</span> <span class='ocrx_word' id='word_1_498' title='bbox 1602 1731 1710 1787; x_wconf 91' lang='lat' dir='ltr'><strong>quod</strong></span> <span class='ocrx_word' id='word_1_499' title='bbox 1727 1736 1811 1775; x_wconf 88' lang='lat' dir='ltr'><strong>Nos</strong></span> <span class='ocrx_word' id='word_1_500' title='bbox 1832 1736 2052 1792; x_wconf 77' lang='lat' dir='ltr'><strong>prospere,</strong></span> <span class='ocrx_word' id='word_1_501' title='bbox 2082 1739 2271 1797; x_wconf 87' lang='lat' dir='ltr'><strong>felicique</strong></span> <span class='ocrx_word' id='word_1_502' title='bbox 2294 1745 2394 1785; x_wconf 85' lang='lat' dir='ltr'><strong>Fra·-</strong></span> 
     </span>
     <span class='ocr_line' id='line_1_81' title="bbox 1356 1791 2392 1856; baseline 0.013 -26"><span class='ocrx_word' id='word_1_503' title='bbox 1356 1799 1464 1831; x_wconf 90' lang='lat' dir='ltr'><strong>trum</strong></span> <span class='ocrx_word' id='word_1_504' title='bbox 1481 1791 1645 1832; x_wconf 87' lang='lat' dir='ltr'><strong>Ordinis</strong></span> <span class='ocrx_word' id='word_1_505' title='bbox 1666 1792 1872 1836; x_wconf 87' lang='lat' dir='ltr'><strong>Minorum</strong></span> <span class='ocrx_word' id='word_1_506' title='bbox 1888 1797 2019 1840; x_wconf 71' lang='lat' dir='ltr'><strong>Sanffl</strong></span> <span class='ocrx_word' id='word_1_507' title='bbox 2037 1800 2237 1842; x_wconf 83' lang='lat' dir='ltr'><strong>Francifci</strong></span> <span class='ocrx_word' id='word_1_508' title='bbox 2255 1803 2392 1856; x_wconf 84' lang='lat' dir='ltr'><strong>Capu-</strong></span> 
     </span>
     <span class='ocr_line' id='line_1_82' title="bbox 1356 1848 2392 1913; baseline 0.011 -23"><span class='ocrx_word' id='word_1_509' title='bbox 1356 1848 1539 1891; x_wconf 82' lang='lat' dir='ltr'><strong>cinorum</strong></span> <span class='ocrx_word' id='word_1_510' title='bbox 1561 1861 1878 1905; x_wconf 88' lang='lat' dir='ltr'><strong>nuncupatorum</strong></span> <span class='ocrx_word' id='word_1_511' title='bbox 1894 1857 2106 1910; x_wconf 80' lang='lat' dir='ltr'><strong>regimini,</strong></span> <span class='ocrx_word' id='word_1_512' title='bbox 2135 1870 2257 1913; x_wconf 88' lang='lat' dir='ltr'><strong>atque</strong></span> <span class='ocrx_word' id='word_1_513' title='bbox 2283 1859 2392 1900; x_wconf 91' lang='lat' dir='ltr'><strong>dire-</strong></span> 
     </span>
     <span class='ocr_line' id='line_1_83' title="bbox 1355 1909 2391 1970; baseline 0.013 -22"><span class='ocrx_word' id='word_1_514' title='bbox 1355 1909 1474 1949; x_wconf 68' lang='lat' dir='ltr'><strong>&amp;ioni</strong></span> <span class='ocrx_word' id='word_1_515' title='bbox 1488 1937 1502 1959; x_wconf 85' lang='lat'>,</span> <span class='ocrx_word' id='word_1_516' title='bbox 1529 1910 1722 1962; x_wconf 79' lang='lat' dir='ltr'><strong>quantum</strong></span> <span class='ocrx_word' id='word_1_517' title='bbox 1740 1924 1830 1952; x_wconf 85' lang='lat' dir='ltr'><strong>cum</strong></span> <span class='ocrx_word' id='word_1_518' title='bbox 1844 1914 2023 1956; x_wconf 88' lang='lat' dir='ltr'><strong>Domino</strong></span> <span class='ocrx_word' id='word_1_519' title='bbox 2042 1913 2239 1970; x_wconf 77' lang='lat' dir='ltr'><strong>possumus</strong></span> <span class='ocrx_word' id='word_1_520' title='bbox 2253 1946 2268 1968; x_wconf 79' lang='lat'>,</span> <span class='ocrx_word' id='word_1_521' title='bbox 2291 1933 2391 1960; x_wconf 89' lang='lat' dir='ltr'><strong>con-</strong></span> 
     </span>
     <span class='ocr_line' id='line_1_84' title="bbox 1353 1966 2393 2028; baseline 0.012 -21"><span class='ocrx_word' id='word_1_522' title='bbox 1353 1966 1484 2008; x_wconf 90' lang='lat' dir='ltr'><strong>sulere</strong></span> <span class='ocrx_word' id='word_1_523' title='bbox 1502 1967 1719 2020; x_wconf 77' lang='lat' dir='ltr'><strong>volentes3</strong></span> <span class='ocrx_word' id='word_1_524' title='bbox 1749 1972 1867 2011; x_wconf 91' lang='lat' dir='ltr'><strong>Motu</strong></span> <span class='ocrx_word' id='word_1_525' title='bbox 1879 1973 2072 2028; x_wconf 86' lang='lat' dir='ltr'><strong>propri0‚</strong></span> <span class='ocrx_word' id='word_1_526' title='bbox 2103 1976 2142 2015; x_wconf 89' lang='lat'>&amp;</span> <span class='ocrx_word' id='word_1_527' title='bbox 2163 1990 2212 2017; x_wconf 89' lang='lat' dir='ltr'><strong>ex</strong></span> <span class='ocrx_word' id='word_1_528' title='bbox 2243 1988 2393 2019; x_wconf 69' lang='lat' dir='ltr'><strong>certa-.-</strong></span> 
     </span>
     <span class='ocr_line' id='line_1_85' title="bbox 1351 2025 2392 2077; baseline 0.007 -11"><span class='ocrx_word' id='word_1_529' title='bbox 1351 2025 1516 2069; x_wconf 88' lang='lat' dir='ltr'><strong>scientia</strong></span> <span class='ocrx_word' id='word_1_530' title='bbox 1543 2055 1558 2075; x_wconf 82' lang='grc'>,</span> <span class='ocrx_word' id='word_1_531' title='bbox 1600 2039 1647 2068; x_wconf 91' lang='lat' dir='ltr'><strong>ac</strong></span> <span class='ocrx_word' id='word_1_532' title='bbox 1681 2037 1838 2070; x_wconf 89' lang='lat' dir='ltr'><strong>matura</strong></span> <span class='ocrx_word' id='word_1_533' title='bbox 1877 2029 2178 2075; x_wconf 89' lang='lat' dir='ltr'><strong>deliberatione</strong></span> <span class='ocrx_word' id='word_1_534' title='bbox 2217 2036 2357 2077; x_wconf 88' lang='lat' dir='ltr'><strong>nostris</strong></span> <span class='ocrx_word' id='word_1_535' title='bbox 2380 2048 2392 2073; x_wconf 73' lang='grc' dir='ltr'><strong><em>ε</em></strong></span> 
     </span>
     <span class='ocr_line' id='line_1_86' title="bbox 1350 2083 2390 2148; baseline 0.01 -23"><span class='ocrx_word' id='word_1_536' title='bbox 1350 2084 1472 2141; x_wconf 89' lang='lat' dir='ltr'><strong>Quod</strong></span> <span class='ocrx_word' id='word_1_537' title='bbox 1491 2083 1707 2127; x_wconf 71' lang='lat' dir='ltr'><strong>decaetero</strong></span> <span class='ocrx_word' id='word_1_538' title='bbox 1731 2090 1936 2142; x_wconf 87' lang='lat' dir='ltr'><strong>perpetuis</strong></span> <span class='ocrx_word' id='word_1_539' title='bbox 1962 2089 2109 2133; x_wconf 75' lang='lat' dir='ltr'><strong>futuris</strong></span> <span class='ocrx_word' id='word_1_540' title='bbox 2135 2095 2390 2148; x_wconf 88' lang='lat' dir='ltr'><strong>temporibus</strong></span> 
     </span>
     <span class='ocr_line' id='line_1_87' title="bbox 1354 2142 2392 2206; baseline 0.009 -21"><span class='ocrx_word' id='word_1_541' title='bbox 1354 2142 1525 2187; x_wconf 89' lang='lat' dir='ltr'><strong>Ministri</strong></span> <span class='ocrx_word' id='word_1_542' title='bbox 1539 2144 1752 2186; x_wconf 84' lang='lat' dir='ltr'><strong>Generalis</strong></span> <span class='ocrx_word' id='word_1_543' title='bbox 1765 2145 1953 2190; x_wconf 85' lang='lat' dir='ltr'><strong>Officium</strong></span> <span class='ocrx_word' id='word_1_544' title='bbox 1969 2177 1982 2199; x_wconf 71' lang='lat' dir='ltr'><strong>a</strong></span> <span class='ocrx_word' id='word_1_545' title='bbox 2004 2150 2115 2206; x_wconf 91' lang='lat' dir='ltr'><strong>quod</strong></span> <span class='ocrx_word' id='word_1_546' title='bbox 2137 2153 2323 2194; x_wconf 65' lang='lat' dir='ltr'><strong>haetenus</strong></span> <span class='ocrx_word' id='word_1_547' title='bbox 2339 2152 2392 2194; x_wconf 85' lang='lat' dir='ltr'><strong>ad</strong></span> 
     </span>
     <span class='ocr_line' id='line_1_88' title="bbox 1351 2203 2390 2266; baseline 0.01 -24"><span class='ocrx_word' id='word_1_548' title='bbox 1351 2204 1665 2266; x_wconf 64' lang='lat' dir='ltr'><strong>quinquennium</strong></span> <span class='ocrx_word' id='word_1_549' title='bbox 1691 2203 1884 2247; x_wconf 88' lang='lat' dir='ltr'><strong>duntaxat</strong></span> <span class='ocrx_word' id='word_1_550' title='bbox 1910 2207 2058 2251; x_wconf 90' lang='lat' dir='ltr'><strong>durare</strong></span> <span class='ocrx_word' id='word_1_551' title='bbox 2074 2209 2308 2260; x_wconf 81' lang='lat' dir='ltr'><strong>consuevit,</strong></span> <span class='ocrx_word' id='word_1_552' title='bbox 2339 2211 2390 2252; x_wconf 89' lang='lat' dir='ltr'><strong>ad</strong></span> 
     </span>
     <span class='ocr_line' id='line_1_89' title="bbox 1351 2261 2390 2320; baseline 0.007 -17"><span class='ocrx_word' id='word_1_553' title='bbox 1351 2261 1582 2304; x_wconf 82' lang='lat' dir='ltr'><strong>sexennium</strong></span> <span class='ocrx_word' id='word_1_554' title='bbox 1599 2261 1746 2305; x_wconf 89' lang='lat' dir='ltr'><strong>durare</strong></span> <span class='ocrx_word' id='word_1_555' title='bbox 1760 2293 1776 2313; x_wconf 64' lang='lat'>9</span> <span class='ocrx_word' id='word_1_556' title='bbox 1798 2265 1980 2308; x_wconf 90' lang='lat' dir='ltr'><strong>Minister</strong></span> <span class='ocrx_word' id='word_1_557' title='bbox 1996 2279 2129 2312; x_wconf 86' lang='lat' dir='ltr'><strong>autem</strong></span> <span class='ocrx_word' id='word_1_558' title='bbox 2143 2270 2357 2311; x_wconf 88' lang='lat' dir='ltr'><strong>Generalis</strong></span> <span class='ocrx_word' id='word_1_559' title='bbox 2374 2299 2390 2320; x_wconf 85' lang='lat'>‚</span> 
     </span>
     <span class='ocr_line' id='line_1_90' title="bbox 1352 2318 2387 2377; baseline 0.007 -15"><span class='ocrx_word' id='word_1_560' title='bbox 1352 2319 1419 2363; x_wconf 88' lang='lat' dir='ltr'><strong>seu</strong></span> <span class='ocrx_word' id='word_1_561' title='bbox 1437 2319 1535 2362; x_wconf 91' lang='lat' dir='ltr'><strong>alius</strong></span> <span class='ocrx_word' id='word_1_562' title='bbox 1551 2350 1566 2371; x_wconf 83' lang='grc'>,</span> <span class='ocrx_word' id='word_1_563' title='bbox 1595 2318 1803 2363; x_wconf 87' lang='lat' dir='ltr'><strong>sufficienti</strong></span> <span class='ocrx_word' id='word_1_564' title='bbox 1829 2323 1877 2365; x_wconf 88' lang='lat' dir='ltr'><strong>ad</strong></span> <span class='ocrx_word' id='word_1_565' title='bbox 1899 2324 1940 2366; x_wconf 92' lang='lat' dir='ltr'><strong>id</strong></span> <span class='ocrx_word' id='word_1_566' title='bbox 1962 2324 2158 2370; x_wconf 87' lang='lat' dir='ltr'><strong>facultate</strong></span> <span class='ocrx_word' id='word_1_567' title='bbox 2177 2328 2353 2370; x_wconf 83' lang='lat' dir='ltr'><strong>suffultus</strong></span> <span class='ocrx_word' id='word_1_568' title='bbox 2373 2358 2387 2377; x_wconf 92' lang='lat'>,</span> 
     </span>
     <span class='ocr_line' id='line_1_91' title="bbox 1351 2380 2388 2440; baseline 0.005 -18"><span class='ocrx_word' id='word_1_569' title='bbox 1351 2383 1507 2422; x_wconf 91' lang='lat' dir='ltr'><strong>Domos</strong></span> <span class='ocrx_word' id='word_1_570' title='bbox 1519 2409 1535 2430; x_wconf 85' lang='lat'><em>,</em></span> <span class='ocrx_word' id='word_1_571' title='bbox 1563 2380 1600 2420; x_wconf 73' lang='grc' dir='ltr'><strong>δι</strong></span> <span class='ocrx_word' id='word_1_572' title='bbox 1615 2382 1724 2422; x_wconf 89' lang='lat' dir='ltr'><strong>Loca</strong></span> <span class='ocrx_word' id='word_1_573' title='bbox 1752 2383 1951 2436; x_wconf 82' lang='lat' dir='ltr'><strong>regularia</strong></span> <span class='ocrx_word' id='word_1_574' title='bbox 1964 2385 2142 2440; x_wconf 85' lang='lat' dir='ltr'><strong>ejusdem</strong></span> <span class='ocrx_word' id='word_1_575' title='bbox 2156 2388 2324 2428; x_wconf 88' lang='lat' dir='ltr'><strong>Ordinis</strong></span> <span class='ocrx_word' id='word_1_576' title='bbox 2346 2388 2388 2427; x_wconf 88' lang='lat' dir='ltr'><strong>in</strong></span> 
     </span>
     <span class='ocr_line' id='line_1_92' title="bbox 1350 2437 2388 2491; baseline 0.004 -13"><span class='ocrx_word' id='word_1_577' title='bbox 1350 2441 1498 2491; x_wconf 84' lang='lat' dir='ltr'><strong>Regno</strong></span> <span class='ocrx_word' id='word_1_578' title='bbox 1523 2437 1698 2478; x_wconf 85' lang='lat' dir='ltr'><strong>Franciae</strong></span> <span class='ocrx_word' id='word_1_579' title='bbox 1723 2437 1949 2482; x_wconf 75' lang='lat' dir='ltr'><strong>visitaturus</strong></span> <span class='ocrx_word' id='word_1_580' title='bbox 1965 2470 1978 2491; x_wconf 81' lang='grc'><strong>,</strong></span> <span class='ocrx_word' id='word_1_581' title='bbox 2008 2457 2124 2485; x_wconf 88' lang='lat' dir='ltr'><strong>unum</strong></span> <span class='ocrx_word' id='word_1_582' title='bbox 2140 2445 2304 2486; x_wconf 87' lang='lat' dir='ltr'><strong>Ordinis</strong></span> <span class='ocrx_word' id='word_1_583' title='bbox 2321 2446 2388 2486; x_wconf 88' lang='lat' dir='ltr'><strong>hu.</strong></span> 
     </span>
     <span class='ocr_line' id='line_1_93' title="bbox 1352 2494 2388 2558; baseline 0.005 -21"><span class='ocrx_word' id='word_1_584' title='bbox 1352 2494 1552 2550; x_wconf 82' lang='lat' dir='ltr'><strong>jusmodi,</strong></span> <span class='ocrx_word' id='word_1_585' title='bbox 1567 2496 1607 2535; x_wconf 89' lang='lat'>&amp;</span> <span class='ocrx_word' id='word_1_586' title='bbox 1622 2496 1812 2538; x_wconf 84' lang='lat' dir='ltr'><strong>Nationis</strong></span> <span class='ocrx_word' id='word_1_587' title='bbox 1829 2499 2000 2540; x_wconf 81' lang='lat' dir='ltr'><strong>Franciae</strong></span> <span class='ocrx_word' id='word_1_588' title='bbox 2014 2504 2200 2544; x_wconf 84' lang='lat' dir='ltr'><strong>Fratrem</strong></span> <span class='ocrx_word' id='word_1_589' title='bbox 2221 2531 2234 2552; x_wconf 85' lang='lat'>,</span> <span class='ocrx_word' id='word_1_590' title='bbox 2259 2504 2325 2558; x_wconf 86' lang='lat' dir='ltr'><strong>qui</strong></span> <span class='ocrx_word' id='word_1_591' title='bbox 2349 2503 2388 2544; x_wconf 89' lang='lat' dir='ltr'><strong>ei</strong></span> 
     </span>
     <span class='ocr_line' id='line_1_94' title="bbox 1349 2551 2388 2611; baseline 0.007 -16"><span class='ocrx_word' id='word_1_592' title='bbox 1349 2555 1389 2596; x_wconf 90' lang='lat' dir='ltr'><strong>in</strong></span> <span class='ocrx_word' id='word_1_593' title='bbox 1405 2551 1646 2604; x_wconf 73' lang='lat' dir='ltr'><strong>scribendo,</strong></span> <span class='ocrx_word' id='word_1_594' title='bbox 1673 2567 1717 2595; x_wconf 90' lang='lat' dir='ltr'><strong>ac</strong></span> <span class='ocrx_word' id='word_1_595' title='bbox 1743 2559 2050 2610; x_wconf 88' lang='lat' dir='ltr'><strong>interpretando</strong></span> <span class='ocrx_word' id='word_1_596' title='bbox 2066 2560 2258 2602; x_wconf 87' lang='lat' dir='ltr'><strong>inserviat</strong></span> <span class='ocrx_word' id='word_1_597' title='bbox 2276 2589 2289 2611; x_wconf 80' lang='lat'>,</span> <span class='ocrx_word' id='word_1_598' title='bbox 2311 2563 2351 2602; x_wconf 89' lang='lat'>&amp;</span> <span class='ocrx_word' id='word_1_599' title='bbox 2366 2562 2388 2601; x_wconf 71' lang='lat' dir='ltr'><strong>a</strong></span> 
     </span>
     <span class='ocr_line' id='line_1_95' title="bbox 1355 2610 2386 2673; baseline 0.003 -19"><span class='ocrx_word' id='word_1_600' title='bbox 1355 2626 1436 2668; x_wconf 90' lang='lat' dir='ltr'><strong>quo</strong></span> <span class='ocrx_word' id='word_1_601' title='bbox 1449 2610 1502 2653; x_wconf 89' lang='lat' dir='ltr'><strong>de</strong></span> <span class='ocrx_word' id='word_1_602' title='bbox 1516 2614 1634 2654; x_wconf 84' lang='lat' dir='ltr'><strong>Statu</strong></span> <span class='ocrx_word' id='word_1_603' title='bbox 1651 2612 1875 2655; x_wconf 89' lang='lat' dir='ltr'><strong>Domorum</strong></span> <span class='ocrx_word' id='word_1_604' title='bbox 1887 2645 1902 2665; x_wconf 90' lang='grc'>,</span> <span class='ocrx_word' id='word_1_605' title='bbox 1917 2618 1958 2657; x_wconf 89' lang='lat'>&amp;</span> <span class='ocrx_word' id='word_1_606' title='bbox 1973 2618 2240 2671; x_wconf 87' lang='lat' dir='ltr'><strong>Regularium</strong></span> <span class='ocrx_word' id='word_1_607' title='bbox 2253 2619 2386 2673; x_wconf 83' lang='lat' dir='ltr'><strong>hujus-</strong></span> 
     </span>
     <span class='ocr_line' id='line_1_96' title="bbox 1356 2668 2387 2732; baseline 0.006 -19"><span class='ocrx_word' id='word_1_608' title='bbox 1356 2670 1464 2714; x_wconf 86' lang='lat' dir='ltr'><strong>modi</strong></span> <span class='ocrx_word' id='word_1_609' title='bbox 1488 2668 1694 2712; x_wconf 89' lang='lat' dir='ltr'><strong>informari</strong></span> <span class='ocrx_word' id='word_1_610' title='bbox 1717 2672 1828 2727; x_wconf 76' lang='lat' dir='ltr'><strong>possit</strong></span> <span class='ocrx_word' id='word_1_611' title='bbox 1845 2699 1859 2722; x_wconf 85' lang='lat'>‚</span> <span class='ocrx_word' id='word_1_612' title='bbox 1883 2672 2015 2716; x_wconf 89' lang='lat' dir='ltr'><strong>secum</strong></span> <span class='ocrx_word' id='word_1_613' title='bbox 2042 2676 2194 2717; x_wconf 89' lang='lat' dir='ltr'><strong>ducere</strong></span> <span class='ocrx_word' id='word_1_614' title='bbox 2214 2705 2229 2725; x_wconf 87' lang='grc'>,</span> <span class='ocrx_word' id='word_1_615' title='bbox 2255 2677 2387 2732; x_wconf 90' lang='lat' dir='ltr'><strong>quod-</strong></span> 
     </span>
     <span class='ocr_line' id='line_1_97' title="bbox 1351 2727 2387 2786; baseline 0.006 -15"><span class='ocrx_word' id='word_1_616' title='bbox 1351 2743 1432 2786; x_wconf 90' lang='lat' dir='ltr'><strong>que</strong></span> <span class='ocrx_word' id='word_1_617' title='bbox 1458 2728 1561 2784; x_wconf 91' lang='lat' dir='ltr'><strong>apud</strong></span> <span class='ocrx_word' id='word_1_618' title='bbox 1590 2727 1765 2784; x_wconf 83' lang='lat' dir='ltr'><strong>ejusdem</strong></span> <span class='ocrx_word' id='word_1_619' title='bbox 1782 2730 1947 2774; x_wconf 88' lang='lat' dir='ltr'><strong>Ordinis</strong></span> <span class='ocrx_word' id='word_1_620' title='bbox 1973 2736 2283 2777; x_wconf 88' lang='lat' dir='ltr'><strong>Procuratorem</strong></span> <span class='ocrx_word' id='word_1_621' title='bbox 2300 2738 2387 2777; x_wconf 88' lang='lat' dir='ltr'><strong>Ge-</strong></span> 
     </span>
     <span class='ocr_line' id='line_1_98' title="bbox 1349 2786 2382 2844; baseline 0.004 -14"><span class='ocrx_word' id='word_1_622' title='bbox 1349 2787 1529 2832; x_wconf 88' lang='lat' dir='ltr'><strong>neralem</strong></span> <span class='ocrx_word' id='word_1_623' title='bbox 1555 2786 1593 2828; x_wconf 86' lang='lat' dir='ltr'><strong>in</strong></span> <span class='ocrx_word' id='word_1_624' title='bbox 1611 2789 1788 2832; x_wconf 91' lang='lat' dir='ltr'><strong>Romana</strong></span> <span class='ocrx_word' id='word_1_625' title='bbox 1804 2792 1930 2832; x_wconf 86' lang='lat' dir='ltr'><strong>Curia</strong></span> <span class='ocrx_word' id='word_1_626' title='bbox 1958 2791 2196 2835; x_wconf 78' lang='lat' dir='ltr'><strong>residentem</strong></span> <span class='ocrx_word' id='word_1_627' title='bbox 2214 2821 2227 2844; x_wconf 81' lang='lat'>‚</span> <span class='ocrx_word' id='word_1_628' title='bbox 2253 2794 2350 2836; x_wconf 86' lang='lat' dir='ltr'><strong>alius</strong></span> <span class='ocrx_word' id='word_1_629' title='bbox 2367 2824 2382 2844; x_wconf 92' lang='lat'>,</span> 
     </span>
     <span class='ocr_line' id='line_1_99' title="bbox 1348 2846 2382 2907; baseline 0.008 -19"><span class='ocrx_word' id='word_1_630' title='bbox 1348 2847 1414 2903; x_wconf 93' lang='lat' dir='ltr'><strong>qui</strong></span> <span class='ocrx_word' id='word_1_631' title='bbox 1430 2846 1598 2896; x_wconf 84' lang='lat' dir='ltr'><strong>scribat,</strong></span> <span class='ocrx_word' id='word_1_632' title='bbox 1613 2846 1707 2888; x_wconf 66' lang='lat' dir='ltr'><strong>disti</strong></span> <span class='ocrx_word' id='word_1_633' title='bbox 1721 2847 1882 2890; x_wconf 87' lang='lat' dir='ltr'><strong>Ordinis</strong></span> <span class='ocrx_word' id='word_1_634' title='bbox 1896 2852 2037 2893; x_wconf 84' lang='lat' dir='ltr'><strong>Frater</strong></span> <span class='ocrx_word' id='word_1_635' title='bbox 2049 2881 2063 2901; x_wconf 92' lang='lat'>,</span> <span class='ocrx_word' id='word_1_636' title='bbox 2080 2852 2286 2907; x_wconf 81' lang='lat' dir='ltr'><strong>&amp;linguas</strong></span> <span class='ocrx_word' id='word_1_637' title='bbox 2302 2853 2382 2896; x_wconf 85' lang='lat' dir='ltr'><strong>cal·</strong></span> 
     </span>
     <span class='ocr_line' id='line_1_100' title="bbox 1345 2907 2380 2964; baseline 0.002 -15"><span class='ocrx_word' id='word_1_638' title='bbox 1345 2907 1428 2949; x_wconf 84' lang='lat' dir='ltr'><strong>leat</strong></span> <span class='ocrx_word' id='word_1_639' title='bbox 1441 2933 1455 2956; x_wconf 86' lang='lat'><strong>,</strong></span> <span class='ocrx_word' id='word_1_640' title='bbox 1470 2918 1631 2948; x_wconf 87' lang='lat' dir='ltr'><strong>manere</strong></span> <span class='ocrx_word' id='word_1_641' title='bbox 1651 2907 1871 2961; x_wconf 69' lang='lat' dir='ltr'><strong>respective</strong></span> <span class='ocrx_word' id='word_1_642' title='bbox 1885 2909 2057 2951; x_wconf 83' lang='lat' dir='ltr'><strong>debeat.</strong></span> <span class='ocrx_word' id='word_1_643' title='bbox 2079 2910 2168 2964; x_wconf 89' lang='lat' dir='ltr'><strong>Ipse</strong></span> <span class='ocrx_word' id='word_1_644' title='bbox 2186 2912 2285 2953; x_wconf 76' lang='lat' dir='ltr'><strong>verb</strong></span> <span class='ocrx_word' id='word_1_645' title='bbox 2302 2912 2380 2953; x_wconf 85' lang='lat' dir='ltr'><strong>Mi-</strong></span> 
     </span>
     <span class='ocr_line' id='line_1_101' title="bbox 1345 2963 2378 3020; baseline 0.007 -14"><span class='ocrx_word' id='word_1_646' title='bbox 1345 2965 1467 3007; x_wconf 86' lang='lat' dir='ltr'><strong>nister</strong></span> <span class='ocrx_word' id='word_1_647' title='bbox 1482 2965 1699 3014; x_wconf 80' lang='lat' dir='ltr'><strong>Generalis</strong></span> <span class='ocrx_word' id='word_1_648' title='bbox 1713 2992 1728 3014; x_wconf 77' lang='lat'>‚</span> <span class='ocrx_word' id='word_1_649' title='bbox 1751 2963 1817 3007; x_wconf 91' lang='lat' dir='ltr'><strong>seu</strong></span> <span class='ocrx_word' id='word_1_650' title='bbox 1832 2966 2130 3010; x_wconf 79' lang='lat' dir='ltr'><strong>Conimiffarius</strong></span> <span class='ocrx_word' id='word_1_651' title='bbox 2143 2997 2156 3020; x_wconf 86' lang='lat'><strong>,</strong></span> <span class='ocrx_word' id='word_1_652' title='bbox 2169 2970 2378 3013; x_wconf 64' lang='lat' dir='ltr'><strong>durante.)</strong></span> 
     </span>
     <span class='ocr_line' id='line_1_102' title="bbox 1346 3022 2376 3082; baseline 0.004 -16"><span class='ocrx_word' id='word_1_653' title='bbox 1346 3022 1572 3066; x_wconf 86' lang='lat' dir='ltr'><strong>vifitatione</strong></span> <span class='ocrx_word' id='word_1_654' title='bbox 1604 3022 1828 3079; x_wconf 86' lang='lat' dir='ltr'><strong>hujusmodi</strong></span> <span class='ocrx_word' id='word_1_655' title='bbox 1855 3028 2039 3082; x_wconf 88' lang='lat' dir='ltr'><strong>graviora</strong></span> <span class='ocrx_word' id='word_1_656' title='bbox 2067 3042 2147 3071; x_wconf 89' lang='lat' dir='ltr'><strong>non</strong></span> <span class='ocrx_word' id='word_1_657' title='bbox 2173 3028 2336 3071; x_wconf 87' lang='lat' dir='ltr'><strong>decidat</strong></span> <span class='ocrx_word' id='word_1_658' title='bbox 2361 3057 2376 3078; x_wconf 87' lang='lat'>‚</span> 
     </span>
     <span class='ocr_line' id='line_1_103' title="bbox 1346 3080 2376 3140; baseline 0.002 -15"><span class='ocrx_word' id='word_1_659' title='bbox 1346 3091 1416 3125; x_wconf 86' lang='lat' dir='ltr'><strong>aut</strong></span> <span class='ocrx_word' id='word_1_660' title='bbox 1438 3080 1616 3125; x_wconf 83' lang='lat' dir='ltr'><strong>resolvat</strong></span> <span class='ocrx_word' id='word_1_661' title='bbox 1630 3113 1645 3134; x_wconf 88' lang='grc'>,</span> <span class='ocrx_word' id='word_1_662' title='bbox 1668 3081 1812 3139; x_wconf 87' lang='lat' dir='ltr'><strong>absque</strong></span> <span class='ocrx_word' id='word_1_663' title='bbox 1825 3086 2019 3140; x_wconf 88' lang='lat' dir='ltr'><strong>Capitulo</strong></span> <span class='ocrx_word' id='word_1_664' title='bbox 2034 3087 2277 3129; x_wconf 86' lang='lat' dir='ltr'><strong>Provinciali</strong></span> <span class='ocrx_word' id='word_1_665' title='bbox 2294 3117 2308 3137; x_wconf 83' lang='lat'>‚</span> <span class='ocrx_word' id='word_1_666' title='bbox 2336 3088 2376 3127; x_wconf 89' lang='lat'>&amp;</span> 
     </span>
     <span class='ocr_line' id='line_1_104' title="bbox 1345 3139 2370 3200; baseline 0.002 -17"><span class='ocrx_word' id='word_1_667' title='bbox 1345 3139 1414 3183; x_wconf 84' lang='lat' dir='ltr'><strong>nifi</strong></span> <span class='ocrx_word' id='word_1_668' title='bbox 1440 3142 1599 3183; x_wconf 87' lang='lat' dir='ltr'><strong>servata</strong></span> <span class='ocrx_word' id='word_1_669' title='bbox 1624 3139 1753 3183; x_wconf 86' lang='lat' dir='ltr'><strong>forma</strong></span> <span class='ocrx_word' id='word_1_670' title='bbox 1781 3144 2005 3200; x_wconf 86' lang='lat' dir='ltr'><strong>praescripta</strong></span> <span class='ocrx_word' id='word_1_671' title='bbox 2028 3145 2370 3200; x_wconf 72' lang='lat' dir='ltr'><strong>perlibrumdiffi</strong></span> 
     </span>
     <span class='ocr_line' id='line_1_105' title="bbox 1340 3199 2372 3259; baseline 0 -16"><span class='ocrx_word' id='word_1_672' title='bbox 1340 3199 1503 3243; x_wconf 90' lang='lat' dir='ltr'><strong>Ordinis</strong></span> <span class='ocrx_word' id='word_1_673' title='bbox 1518 3226 1532 3250; x_wconf 75' lang='lat'><strong>‚</strong></span> <span class='ocrx_word' id='word_1_674' title='bbox 1546 3201 1695 3242; x_wconf 82' lang='lat' dir='ltr'><strong>modum</strong></span> <span class='ocrx_word' id='word_1_675' title='bbox 1701 3202 1934 3259; x_wconf 75' lang='lat' dir='ltr'><strong>procedendi</strong></span> <span class='ocrx_word' id='word_1_676' title='bbox 1952 3212 2227 3258; x_wconf 86' lang='lat' dir='ltr'><strong>nuncupatum</strong></span> <span class='ocrx_word' id='word_1_677' title='bbox 2240 3232 2249 3244; x_wconf 92' lang='lat'><strong><em>.</em></strong></span> <span class='ocrx_word' id='word_1_678' title='bbox 2268 3205 2372 3246; x_wconf 87' lang='lat' dir='ltr'><strong>Prae-</strong></span> 
     </span>
     <span class='ocr_line' id='line_1_106' title="bbox 1338 3259 2372 3318; baseline 0 -17"><span class='ocrx_word' id='word_1_679' title='bbox 1338 3260 1470 3302; x_wconf 88' lang='lat' dir='ltr'><strong>sentes</strong></span> <span class='ocrx_word' id='word_1_680' title='bbox 1488 3260 1586 3300; x_wconf 77' lang='lat' dir='ltr'><strong>verb</strong></span> <span class='ocrx_word' id='word_1_681' title='bbox 1604 3260 1741 3301; x_wconf 88' lang='lat' dir='ltr'><strong>literas</strong></span> <span class='ocrx_word' id='word_1_682' title='bbox 1768 3259 1953 3318; x_wconf 79' lang='lat' dir='ltr'><strong>semper,</strong></span> <span class='ocrx_word' id='word_1_683' title='bbox 1982 3264 2020 3302; x_wconf 70' lang='lat'><strong>8&lt;</strong></span> <span class='ocrx_word' id='word_1_684' title='bbox 2046 3262 2246 3317; x_wconf 72' lang='lat' dir='ltr'><strong>perpetuo</strong></span> <span class='ocrx_word' id='word_1_685' title='bbox 2273 3262 2372 3305; x_wconf 74' lang='lat' dir='ltr'><strong>vali-</strong></span> 
     </span>
     <span class='ocr_line' id='line_1_107' title="bbox 1338 3315 2375 3371; baseline 0.001 -11"><span class='ocrx_word' id='word_1_686' title='bbox 1338 3317 1410 3360; x_wconf 89' lang='lat' dir='ltr'><strong>das</strong></span> <span class='ocrx_word' id='word_1_687' title='bbox 1426 3347 1440 3370; x_wconf 87' lang='lat'>‚</span> <span class='ocrx_word' id='word_1_688' title='bbox 1464 3315 1596 3360; x_wconf 86' lang='lat' dir='ltr'><strong>firmas</strong></span> <span class='ocrx_word' id='word_1_689' title='bbox 1610 3349 1625 3370; x_wconf 86' lang='lat'>‚</span> <span class='ocrx_word' id='word_1_690' title='bbox 1649 3319 1689 3360; x_wconf 87' lang='lat'>&amp;</span> <span class='ocrx_word' id='word_1_691' title='bbox 1703 3317 1883 3362; x_wconf 87' lang='lat' dir='ltr'><strong>efficaces</strong></span> <span class='ocrx_word' id='word_1_692' title='bbox 1900 3321 2069 3363; x_wconf 85' lang='lat' dir='ltr'><strong>existere</strong></span> <span class='ocrx_word' id='word_1_693' title='bbox 2085 3350 2100 3371; x_wconf 86' lang='lat'>,</span> <span class='ocrx_word' id='word_1_694' title='bbox 2127 3321 2166 3360; x_wconf 91' lang='lat'>&amp;</span> <span class='ocrx_word' id='word_1_695' title='bbox 2188 3321 2275 3361; x_wconf 90' lang='lat' dir='ltr'><strong>fore</strong></span> <span class='ocrx_word' id='word_1_696' title='bbox 2290 3351 2305 3371; x_wconf 84' lang='lat'>‚</span> <span class='ocrx_word' id='word_1_697' title='bbox 2333 3321 2375 3361; x_wconf 72' lang='lat' dir='ltr'><strong>Sc</strong></span> 
     </span>
     <span class='ocr_line' id='line_1_108' title="bbox 1339 3377 2372 3434; baseline 0 -16"><span class='ocrx_word' id='word_1_698' title='bbox 1339 3377 1389 3418; x_wconf 88' lang='lat' dir='ltr'><strong>ab</strong></span> <span class='ocrx_word' id='word_1_699' title='bbox 1404 3377 1604 3428; x_wconf 82' lang='lat' dir='ltr'><strong>omnibus,</strong></span> <span class='ocrx_word' id='word_1_700' title='bbox 1621 3391 1719 3434; x_wconf 92' lang='lat' dir='ltr'><strong>quos</strong></span> <span class='ocrx_word' id='word_1_701' title='bbox 1736 3377 1811 3419; x_wconf 86' lang='lat' dir='ltr'><strong>illae</strong></span> <span class='ocrx_word' id='word_1_702' title='bbox 1826 3390 2075 3420; x_wconf 88' lang='lat' dir='ltr'><strong>concernunt</strong></span> <span class='ocrx_word' id='word_1_703' title='bbox 2090 3408 2104 3428; x_wconf 83' lang='lat'>,</span> <span class='ocrx_word' id='word_1_704' title='bbox 2121 3377 2372 3420; x_wconf 87' lang='lat' dir='ltr'><strong>inviolabili-</strong></span> 
     </span>
     <span class='ocr_line' id='line_1_109' title="bbox 1337 3435 2370 3492; baseline 0.003 -16"><span class='ocrx_word' id='word_1_705' title='bbox 1337 3445 1400 3478; x_wconf 85' lang='lat' dir='ltr'><strong>ter</strong></span> <span class='ocrx_word' id='word_1_706' title='bbox 1418 3435 1654 3487; x_wconf 83' lang='lat' dir='ltr'><strong>observari,</strong></span> <span class='ocrx_word' id='word_1_707' title='bbox 1686 3436 1815 3490; x_wconf 84' lang='lat' dir='ltr'><strong>ficque</strong></span> <span class='ocrx_word' id='word_1_708' title='bbox 1839 3451 1913 3490; x_wconf 90' lang='lat' dir='ltr'><strong>per</strong></span> <span class='ocrx_word' id='word_1_709' title='bbox 1935 3435 2370 3492; x_wconf 84' lang='lat' dir='ltr'><strong>quoscunqueJudices</strong></span> 
     </span>
     <span class='ocr_line' id='line_1_110' title="bbox 1337 3491 2371 3548; baseline 0.002 -12"><span class='ocrx_word' id='word_1_710' title='bbox 1337 3494 1576 3537; x_wconf 86' lang='lat' dir='ltr'><strong>Ordinarios</strong></span> <span class='ocrx_word' id='word_1_711' title='bbox 1591 3523 1605 3546; x_wconf 78' lang='lat'>,</span> <span class='ocrx_word' id='word_1_712' title='bbox 1621 3497 1661 3536; x_wconf 75' lang='grc' dir='ltr'><strong>δε</strong></span> <span class='ocrx_word' id='word_1_713' title='bbox 1677 3493 1885 3548; x_wconf 84' lang='lat' dir='ltr'><strong>delegatos</strong></span> <span class='ocrx_word' id='word_1_714' title='bbox 1898 3525 1912 3545; x_wconf 83' lang='lat'>,</span> <span class='ocrx_word' id='word_1_715' title='bbox 1933 3495 2055 3537; x_wconf 82' lang='lat' dir='ltr'><strong>etiam</strong></span> <span class='ocrx_word' id='word_1_716' title='bbox 2075 3491 2278 3538; x_wconf 83' lang='lat' dir='ltr'><strong>causarum</strong></span> <span class='ocrx_word' id='word_1_717' title='bbox 2294 3496 2371 3538; x_wconf 90' lang='lat' dir='ltr'><strong>Pa-</strong></span> 
     </span>
     <span class='ocr_line' id='line_1_111' title="bbox 1338 3551 2368 3609; baseline 0.001 -15"><span class='ocrx_word' id='word_1_718' title='bbox 1338 3551 1422 3594; x_wconf 90' lang='lat' dir='ltr'><strong>latii</strong></span> <span class='ocrx_word' id='word_1_719' title='bbox 1441 3553 1658 3609; x_wconf 87' lang='lat' dir='ltr'><strong>Apostolici</strong></span> <span class='ocrx_word' id='word_1_720' title='bbox 1675 3553 1896 3595; x_wconf 87' lang='lat' dir='ltr'><strong>Auditores</strong></span> <span class='ocrx_word' id='word_1_721' title='bbox 1917 3552 2117 3607; x_wconf 85' lang='lat' dir='ltr'><strong>judicari,</strong></span> <span class='ocrx_word' id='word_1_722' title='bbox 2142 3556 2182 3595; x_wconf 90' lang='lat'>&amp;</span> <span class='ocrx_word' id='word_1_723' title='bbox 2203 3554 2368 3597; x_wconf 64' lang='lat' dir='ltr'><strong>diffiniri&gt;</strong></span> 
     </span>
     <span class='ocr_line' id='line_1_112' title="bbox 1335 3610 2367 3669; baseline 0.001 -16"><span class='ocrx_word' id='word_1_724' title='bbox 1335 3611 1484 3655; x_wconf 87' lang='lat' dir='ltr'><strong>debere</strong></span> <span class='ocrx_word' id='word_1_725' title='bbox 1498 3642 1512 3662; x_wconf 82' lang='lat'>,</span> <span class='ocrx_word' id='word_1_726' title='bbox 1527 3627 1570 3654; x_wconf 89' lang='lat' dir='ltr'><strong>ac</strong></span> <span class='ocrx_word' id='word_1_727' title='bbox 1582 3612 1743 3654; x_wconf 90' lang='lat' dir='ltr'><strong>irritum</strong></span> <span class='ocrx_word' id='word_1_728' title='bbox 1758 3643 1772 3663; x_wconf 81' lang='lat'><strong>,</strong></span> <span class='ocrx_word' id='word_1_729' title='bbox 1797 3614 1970 3654; x_wconf 80' lang='lat' dir='ltr'><strong>&amp;inane</strong></span> <span class='ocrx_word' id='word_1_730' title='bbox 1983 3640 1996 3663; x_wconf 60' lang='lat'><strong>2,</strong></span> <span class='ocrx_word' id='word_1_731' title='bbox 2012 3611 2036 3654; x_wconf 85' lang='lat' dir='ltr'>fi</span> <span class='ocrx_word' id='word_1_732' title='bbox 2054 3610 2161 3654; x_wconf 88' lang='lat' dir='ltr'><strong>secus</strong></span> <span class='ocrx_word' id='word_1_733' title='bbox 2177 3614 2291 3669; x_wconf 89' lang='lat' dir='ltr'><strong>super</strong></span> <span class='ocrx_word' id='word_1_734' title='bbox 2307 3615 2367 3656; x_wconf 89' lang='lat' dir='ltr'><strong>his</strong></span> 
     </span>
     <span class='ocr_line' id='line_1_113' title="bbox 1335 3668 2367 3726; baseline 0.005 -16"><span class='ocrx_word' id='word_1_735' title='bbox 1335 3668 1356 3710; x_wconf 72' lang='lat' dir='ltr'><strong>a</strong></span> <span class='ocrx_word' id='word_1_736' title='bbox 1374 3683 1575 3726; x_wconf 84' lang='lat' dir='ltr'><strong>quoquam</strong></span> <span class='ocrx_word' id='word_1_737' title='bbox 1595 3700 1608 3722; x_wconf 80' lang='lat'>,</span> <span class='ocrx_word' id='word_1_738' title='bbox 1623 3673 1760 3726; x_wconf 84' lang='lat' dir='ltr'><strong>quavis</strong></span> <span class='ocrx_word' id='word_1_739' title='bbox 1774 3672 2035 3714; x_wconf 87' lang='lat' dir='ltr'><strong>Authoritate</strong></span> <span class='ocrx_word' id='word_1_740' title='bbox 2051 3701 2066 3721; x_wconf 84' lang='lat'>,</span> <span class='ocrx_word' id='word_1_741' title='bbox 2082 3670 2255 3714; x_wconf 75' lang='lat' dir='ltr'><strong>scienter</strong></span> <span class='ocrx_word' id='word_1_742' title='bbox 2268 3702 2282 3722; x_wconf 86' lang='grc'>,</span> <span class='ocrx_word' id='word_1_743' title='bbox 2300 3673 2367 3715; x_wconf 90' lang='lat' dir='ltr'><strong>vel</strong></span> 
     </span>
     <span class='ocr_line' id='line_1_114' title="bbox 1339 3730 2365 3785; baseline 0.003 -15"><span class='ocrx_word' id='word_1_744' title='bbox 1339 3730 1576 3785; x_wconf 88' lang='lat' dir='ltr'><strong>ignoranter</strong></span> <span class='ocrx_word' id='word_1_745' title='bbox 1594 3731 1809 3784; x_wconf 85' lang='lat' dir='ltr'><strong>contigerit</strong></span> <span class='ocrx_word' id='word_1_746' title='bbox 1838 3732 2028 3773; x_wconf 86' lang='lat' dir='ltr'><strong>attentari</strong></span> <span class='ocrx_word' id='word_1_747' title='bbox 2047 3758 2060 3781; x_wconf 77' lang='lat'>,</span> <span class='ocrx_word' id='word_1_748' title='bbox 2082 3731 2335 3774; x_wconf 88' lang='lat' dir='ltr'><strong>decernimus</strong></span> <span class='ocrx_word' id='word_1_749' title='bbox 2351 3762 2365 3782; x_wconf 89' lang='lat'>‚</span> 
     </span>
     <span class='ocr_line' id='line_1_115' title="bbox 1343 3787 2366 3847; baseline 0.005 -18"><span class='ocrx_word' id='word_1_750' title='bbox 1343 3789 1543 3835; x_wconf 86' lang='lat' dir='ltr'><strong>statuimus</strong></span> <span class='ocrx_word' id='word_1_751' title='bbox 1557 3817 1571 3845; x_wconf 59' lang='lat'><em>2</em></span> <span class='ocrx_word' id='word_1_752' title='bbox 1601 3801 1718 3847; x_wconf 86' lang='lat' dir='ltr'><strong>atque</strong></span> <span class='ocrx_word' id='word_1_753' title='bbox 1734 3787 1987 3839; x_wconf 69' lang='lat' dir='ltr'><strong>ordinamus,</strong></span> <span class='ocrx_word' id='word_1_754' title='bbox 2013 3794 2109 3839; x_wconf 81' lang='lat' dir='ltr'><strong>Non</strong></span> <span class='ocrx_word' id='word_1_755' title='bbox 2122 3791 2366 3835; x_wconf 78' lang='lat' dir='ltr'><strong>obstantibus</strong></span> 
     </span>
     <span class='ocr_line' id='line_1_116' title="bbox 2149 3850 2308 3898; baseline -0.006 -3"><span class='ocrx_word' id='word_1_756' title='bbox 2149 3850 2308 3898; x_wconf 81' lang='lat' dir='ltr'><strong>Consti-</strong></span> 
     </span>
    </p>
   </div>
  </div>
 </body>
</html>
