2704 4296
910 260 953 345 1
1008 258 1073 345 s
1123 259 1212 343 A
1268 259 1350 344 G·
1397 256 1470 346 o
1533 192 1616 345 G
1665 257 1775 344 Ε.
2144 266 2352 351 xxix.

271 378 506 441 duntur
551 384 712 446 enim
746 394 849 460 per
887 397 957 436 ea
1003 372 1408 457 Indulgentiae
1438 421 1453 444 ,
1494 376 1731 439 Altaria
1772 376 2151 462 privilegiata
2175 426 2188 448 ,
2224 378 2417 444 facul-

271 481 423 528 tates
469 463 715 531 tenendi
747 465 1036 527 Oratoria
1069 461 1398 524 domestica
1425 506 1439 529 ,
1469 458 1848 546 beneplacita
1893 485 1997 543 pro
2049 470 2420 531 alienationi-

271 551 390 615 bus
424 553 724 616 bonorum
756 547 1058 620 Ecclcfiae,
1093 568 1226 632 quae
1255 548 1311 610 in
1344 548 1587 610 redditu
1625 570 1829 611 annuo
1859 551 1943 611 ad
1979 552 2182 613 decem
2208 552 2423 615 Came·

270 661 347 702 1ae
381 640 633 702 ducatos
670 634 1195 704 nonascendunt:
1228 632 1902 720 dispensationesiup'er
1932 637 2425 710 interstitii3‚aeta.

271 744 367 798 te,
397 729 460 783 &
491 719 731 784 defectu
757 720 1113 787 Natalium,
1136 728 1422 806 quamvis
1456 724 1596 785 talia
1623 730 1808 786 ctiam
1846 746 1948 806 per
1980 724 2425 790 Cancellariam

276 810 382 872 sub
416 807 682 892 plumbo
723 809 997 894 expediri
1033 810 1296 872 soleant:
1331 810 1581 873 Indulta
1615 831 1723 894 pro
1756 809 2180 875 Cardinalibus
2227 816 2427 896 Lega-

270 900 385 960 tiss
419 900 483 957 ὃ(
520 897 775 959 Nuntiis
811 895 1195 982 Apostolicis
1221 938 1238 966 ,
1285 918 1396 980 pro
1443 895 1823 981 Principibus
1855 940 1871 965 ‚
1919 896 2172 984 aliisque
2221 908 2428 979 juxta„

267 980 527 1047 materiae
563 987 974 1049 varietatem:
1005 984 1198 1046 Varia
1222 984 1443 1047 Officia
1478 1005 1590 1069 pro
1619 991 1790 1049 Statu
1826 984 2258 1049 EcclesiasticO.
2282 985 2434 1045 Ver-

267 1069 388 1132 bo:
422 1091 493 1133 ca
514 1074 717 1133 omnia
741 1112 757 1138 ‚
786 1091 919 1154 quae
951 1091 1059 1157 per
1089 1072 1321 1157 Papam
1349 1071 1618 1134 concefla
1641 1112 1657 1139 ,
1687 1072 1788 1137 vel
1816 1093 1893 1133 ex
1925 1076 2144 1155 regulis
2171 1070 2431 1136 Cancel-

270 1157 466 1225 lariae·‚
513 1158 619 1223 vel
663 1179 738 1219 ex
785 1157 950 1239 stylo
991 1178 1117 1220 non
1152 1162 1405 1242 exigunt
1443 1160 1678 1222 Literas
1710 1157 1822 1221 sub
1853 1160 2142 1242 plumbo,

419 1245 751 1308 Exarantur
770 1247 837 1307 in
863 1242 1217 1309 membrana
1249 1244 1583 1312 subtiliore,
1617 1245 1754 1305 alba
1772 1293 1785 1314 ,
1814 1251 1878 1306 &
1907 1267 2059 1329 pura
2077 1286 2094 1312 ‚
2117 1264 2435 1328 nunquam

274 1334 422 1394 vero
454 1335 518 1392 in
553 1351 825 1414 papyro,
859 1331 1004 1392 inde
1035 1326 1343 1392 Rebuffus
1371 1326 1677 1414 impegisse
1706 1328 1956 1392 videtur
1976 1373 1992 1397 ,
2027 1334 2179 1393 dum
2217 1333 2437 1396 Brevia

277 1413 691 1481 indifferenter
723 1420 783 1477 in
820 1435 1068 1500 papyro
1094 1459 1109 1484 ,
1158 1416 1263 1481 vel
1300 1419 1363 1478 in
1411 1415 1765 1479 membrana
1807 1414 1985 1478 scribi
2032 1415 2303 1480 afferuit.
2463 1418 2465 1421 ”

451 1501 784 1566 Εὴειτειᾶει·
813 1522 1025 1566 eorum
1058 1501 1141 1564 est
1174 1505 1400 1587 pariter
1428 1503 1667 1586 elegans
1690 1544 1705 1568 ‚
1743 1504 2018 1574 nitidus,
2065 1526 2134 1565 ac
2168 1500 2440 1588 legibiliffi

279 1590 361 1658 ad
401 1591 798 1739 ortograplhiae
827 1586 981 1676 leges
1019 1588 1351 1662 formatus,
1384 1595 1450 1654 &
1479 1591 1863 1675 virgularum
1891 1636 1906 1661 ,
1948 1592 2441 1676 punctorumque

280 1676 604 1743 additione
649 1700 678 1741 c
705 1695 868 1740 arus.

730 1813 1649 1955 sE'cTto
1826 1865 2000 1954 11,

349 2056 480 2144 De
526 2044 763 2139 ⁴titulo
829 2053 1120 2140 Summi
1186 2051 1580 2166 Pontificis
1614 2119 1635 2148 ‚
1683 2075 1826 2171 per
1895 2049 2386 2141 Vocabulum

748 2171 969 2284 Papa
1028 2176 1108 2256 in
1173 2172 1540 2257 Brevibus
1602 2171 1929 2291 expreffo
1955 2235 1972 2253 .

220 2451 222 2453 Ι
292 2373 648 2533 DUM
700 2377 934 2437 nomini
977 2377 1038 2439 in
1079 2374 1379 2440 creatione
1428 2374 1732 2462 assumpto
1784 2370 2060 2441 Pontifex
2113 2371 2452 2436 humilem.»

519 2465 672 2519 Servi
713 2450 998 2518 Servbrum
1037 2461 1291 2525 titulum
1328 2467 1391 2522 in
1435 2461 1622 2523 Bullis
1659 2468 1956 2547 praeponit
1987 2504 2004 2530 ‚
2048 2468 2111 2523 in
2151 2456 2452 2521 Brevibus

297 2564 541 2609 econtra
577 2568 806 2609 nomen
842 2553 997 2625 Papa
1037 2546 1287 2613 adiicit,
1330 2567 1401 2603 ex
1434 2544 1675 2626 duplici
1719 2551 1827 2607 suo
1874 2545 2202 2633 significato
2246 2563 2454 2606 vene-

298 2632 589 2699 randum.
625 2629 696 2692 In
729 2635 930 2714 primo
962 2632 1126 2693 idem
1152 2633 1312 2712 Papa
1339 2628 1422 2688 est
1444 2673 1455 2692 2
1478 2649 1545 2687 ac
1577 2631 1901 2687 admirabilis
1934 2675 1948 2698 ,
1993 2628 2184 2711 glosa.
2220 2635 2276 2688 in
2306 2637 2458 2710 p'roe-

298 2723 427 2786 mio
460 2717 854 2780 Clementinae
888 2716 948 2777 id
995 2722 1082 2776 ita
1120 2713 1401 2777 testante:
1429 2719 1585 2792 Papa
1610 2721 1716 2785 ‚id
1744 2721 1845 2791 est,
1882 2716 2210 2775 admirabilis
2234 2763 2242 2775 ,
2266 2720 2339 2771 Et
2375 2715 2456 2769 di-

300 2812 432 2866 citur
461 2802 495 2858 ἃ
530 2804 674 2882 Pap}
699 2844 715 2870 ‚
746 2803 886 2882 quod
916 2807 984 2887 esz2
1015 2805 1293 2886 interjectio
1320 2804 1627 2861 admirantis
1649 2848 1664 2873 ,
1705 2814 1774 2873 ζῇ*
1805 2805 1928 2861 verb
1955 2802 2273 2863 admirabilis
2292 2844 2307 2868 ,
2336 2803 2459 2879 quia

301 2898 446 2953 vices
482 2896 590 2950 Dei
623 2895 682 2948 in
714 2893 863 2948 terris
900 2892 1032 2968 gerit
1064 2913 1078 2949 ε
1126 2891 1202 2953 In
1235 2889 1505 2951 secundo
1551 2896 1732 2961 vero,
1763 2912 1839 2952 ex
1873 2893 2090 2955 Graeco
2130 2888 2460 2956 Vocabulo

303 2992 571 3047 narn-wa,
595 2978 695 3043 vel
729 2972 1008 3045 Παῖπωας,
1029 2975 1202 3062 quod
1229 2976 1398 3039 idem
1418 3018 1432 3043 ‚
1463 2998 1531 3040 ac
1562 2982 1729 3042 Pater
1755 2978 1862 3039 est.
1903 2978 2278 3041 Communis
2307 2974 2460 3037 olim

257 3094 262 3099 ·
303 3084 430 3129 erat
465 3063 740 3150 pluribus
788 3062 889 3126 hie
923 3067 1169 3133 tituluS,
1211 3085 1350 3126 nam
1382 3068 1444 3125 in
1483 3064 1773 3127 Concilio
1813 3063 2300 3129 Chalcedonenfi
2341 3061 2459 3123 Eu-

304 3151 545 3219 ticheti‚
570 3151 831 3238 simplici
871 3148 1104 3215 Abbati
1132 3147 1421 3221 dabatur3
1455 3153 1515 3213 in
1552 3148 1790 3215 Affrica
1830 3154 2170 3237 Episcopus
2203 3146 2461 3218 Cartha-

306 3240 559 3324 ginenfis
599 3259 674 3303 eo
719 3236 1001 3301 utebatur
1034 3262 1049 3309 3
1082 3240 1144 3298 &
1182 3241 1243 3299 in
1278 3241 1571 3322 AEgypto
1620 3239 1964 3303 Patriarcha
2006 3238 2462 3301 Alexandrinus

309 3329 474 3390 illius
497 3323 898 3409 expressione,
935 3324 1035 3387 sua
1076 3323 1424 3408 Diplomata
1453 3330 1536 3388 ita
1564 3325 1920 3391 inchoabat:
1966 3329 2216 3385 Hierocla
2259 3325 2461 3399 misera-

314 3417 446 3472 tione
477 3417 698 3473 Divina
740 3418 896 3491 Papa
918 3455 934 3480 ‚
971 3421 1040 3479 εἴ
1075 3413 1388 3472 Patriarcha
1428 3435 1612 3494 magna
1655 3415 1979 3473 Alexandria
2015 3426 2126 3484 &a
2175 3407 2461 3473 Tandem

319 3515 604 3584 temporis
640 3498 901 3563 succeffu
933 3497 1037 3560 soli
1057 3499 1338 3562 Romano
1370 3499 1651 3564 Pontifici
1687 3505 1971 3586 proprius
2003 3498 2462 3562 decernebatur.

318 3582 460 3653 Usu
491 3604 695 3650 autern
718 3634 732 3657 ‚
759 3595 822 3651 &
859 3585 1238 3650 observantia
1261 3585 1438 3649 firma
1474 3607 1600 3648 non
1630 3609 1911 3652 manente
1930 3634 1944 3655 ,
1976 3582 2462 3670 GregoriusVlI.

318 3674 385 3735 in
420 3673 709 3737 Concilio
742 3676 1069 3741 Romano,
1097 3675 1271 3754 quod
1311 3677 1371 3737 in
1406 3671 1788 3739 Bibliotheca
1813 3674 2110 3740 Vaticana
2140 3668 2458 3736 manuscri·
2500 3718 2504 3723 .

320 3775 501 3844 ptum
536 3756 860 3827 asservatur
889 3803 905 3829 ,
950 3782 1072 3824 non
1107 3761 1208 3829 nisi
1244 3759 1353 3823 soli
1379 3763 1673 3826 Romano
1710 3761 1987 3828 Pontifici
2028 3765 2276 3825 titulum
2310 3764 2461 3838 Papa

1770 3872 1780 3881 ·
2096 3848 2378 3930 deinceps
