2658 4244
339 242 499 306 214

280 327 535 382 prudentiae,
569 321 992 381 dostrinaeintegritate
1013 357 1026 380 ,
1057 331 1093 370 &
1125 331 1310 385 Religio-

271 386 331 428 nis
357 384 464 428 Zelo
494 381 713 439 plurimum
735 385 776 426 in
799 388 975 428 Domino
1001 387 1135 429 confifi
1152 418 1165 439 ,
1193 395 1310 431 Motu

270 445 438 499 proprio
455 473 468 495 ‚
500 455 546 484 ac
575 455 625 483 ex
654 454 770 485 certa
787 444 981 497 scientia,
1014 449 1049 489 &
1065 460 1221 490 matura
1238 449 1310 490 de-

270 502 516 545 liberatione
530 501 676 543 nostris
701 503 789 555 Te,
821 518 872 545 ex
886 505 997 563 cujus
1023 509 1277 562 protectione
1294 535 1310 555 ,

269 563 323 603 ob
351 565 436 604 tuas
465 560 629 603 eximias
659 561 831 604 virtutes
858 592 871 616 ,
889 567 1050 606 Fratres
1084 564 1310 622 hujusmodi

268 620 490 675 plurimum
523 618 779 664 commodi&
796 625 1028 665 ornamenti
1057 623 1309 679 suscepturos

268 677 349 720 esse
364 678 601 721 confidimus
618 706 632 728 ,
651 681 875 722 eorundem
888 684 1079 724 ‘Fratrum
1096 711 1109 733 ,
1129 684 1315 724 illorum..

266 751 347 792 que
364 739 594 780 Domorum
607 765 622 787 ,
656 737 693 778 &
709 740 911 781 Locorum
928 742 1195 795 Regularium
1213 754 1323 794 quo-

267 810 558 851 rumcunque,
590 796 696 851 apud
726 800 841 849 Nos,
873 800 910 839 ἃ
938 801 1086 842 sedem
1107 797 1310 853 Apostoli-

264 869 355 896 cam
373 852 577 910 praefatam
590 883 604 906 ,
628 857 912 898 Protectorem
927 872 1017 899 cum
1033 860 1218 899 omnibus
1236 858 1310 897 ho-

264 914 429 956 noribus
453 943 468 965 ,
504 916 544 955 &
570 914 761 955 oneribus
794 914 947 966 solitis,
979 917 1016 956 ὃς
1037 916 1236 958 consuetis
1263 915 1314 955 ad

264 972 343 1014 Tui
365 973 485 1015 vitam
498 1001 511 1023 ,
527 971 783 1014 Auc‘toritate
800 974 1041 1029 Apostolica,
1058 986 1201 1016 tenore
1217 987 1314 1027 prae-

261 1032 438 1072 sentium
460 1031 985 1083 iacimus,&deputamuS.
1018 1032 1219 1073 Volumus
1235 1046 1307 1072 au-

263 1098 348 1129 tem
366 1116 379 1139 ,
413 1098 455 1130 ut
484 1090 647 1130 Fratres
678 1089 884 1142 praedictos
916 1086 1052 1132 foveas
1070 1118 1084 1140 ,
1113 1091 1305 1143 &prote-

263 1160 333 1202 gas
352 1174 366 1197 ,
397 1162 443 1189 ac
460 1147 552 1188 Tibi
577 1146 618 1187 in
648 1147 802 1189 virtute
818 1153 857 1192 S.
876 1147 1128 1190 Obedientiae
1146 1147 1309 1190 manda-

260 1218 348 1245 mus
366 1231 382 1254 ,
415 1216 457 1248 ut
485 1205 745 1260 superiorum
777 1207 1000 1250 eorundem
1026 1210 1215 1250 Fratrum
1240 1220 1307 1247 au-

261 1263 496 1306 &oritatem
509 1293 523 1315 ,
554 1263 747 1318 quantum
764 1263 850 1308 fieri
868 1268 1018 1320 poterit
1032 1293 1045 1314 ,
1063 1267 1310 1309 conservare

260 1335 376 1365 cures
402 1337 415 1367 ε
453 1335 677 1378 praepterea
696 1322 782 1377 ipfis
799 1325 1082 1381 Superioribus
1102 1328 1310 1381 regimen,

262 1380 302 1421 δι
332 1382 578 1436 gubernium
607 1380 862 1427 subditorum
885 1386 1045 1439 penitus
1068 1385 1301 1440 relinquaS,

261 1452 338 1480 nec
380 1441 422 1484 in
465 1441 638 1496 negotiis
678 1442 902 1484 eorundem
931 1446 1120 1485 Fratrum
1136 1444 1198 1483 Te
1226 1443 1302 1480 im-

261 1497 456 1551 misceas,
489 1500 558 1540 nist
585 1499 634 1541 ab
669 1499 756 1551 ipsis
774 1500 1064 1554 Superioribus
1091 1497 1307 1554 requifitus

261 1551 390 1599 fueris
426 1587 440 1608 ‚
471 1567 515 1597 ut
543 1557 580 1597 in
607 1556 748 1596 iisdem
779 1557 952 1609 negotiis
986 1557 1308 1596 auetoritatem,

913 208 1073 299 Sub
1134 207 1516 298 Clemente
1599 210 1772 297 XII.

1373 342 1456 371 tem
1486 339 1601 370 tuam
1619 330 1658 371 in
1674 330 1815 371 itidem
1830 325 2004 383 negotiis
2019 337 2214 370 exerceas
2228 359 2244 381 ,
2272 335 2367 375 tunc
2383 332 2424 378 id

1371 389 1512 430 facere
1534 388 1665 441 possis,
1683 387 1766 436 sed,
1782 387 1916 442 quoad
1932 388 2210 442 potueris,per
2226 389 2286 430 Te
2301 389 2423 444 ipsum

1374 450 1449 489 hoc
1485 445 1624 488 facere
1645 459 1764 488 cures
1792 473 1804 495 ,
1849 445 2034 488 adhibito
2058 446 2106 486 ad
2135 442 2386 491 scribendum
2408 478 2425 502 ,

1373 505 1536 562 quando
1569 520 1669 560 opus
1698 503 1825 547 fuerit
1846 533 1860 555 ,
1885 506 1923 546 in
1957 503 2097 546 iisdem
2122 505 2296 561 negotiis
2313 534 2329 555 ,
2361 505 2426 560 seu

1370 564 1494 605 caulis
1509 591 1522 613 ,
1541 564 1633 605 loco
1646 565 1836 614 Notarii,
1852 564 1987 619 aliquo
1999 577 2050 606 ex
2066 565 2270 617 Fratribus
2286 562 2426 620 praedi-

1369 623 1467 663 ‹stis-
1516 625 1779 664 'mandantes
1829 633 2046 678 propterea
2093 624 2379 678 Superioribus
2411 648 2427 672 ,

1376 693 1540 721 necnon
1566 682 1766 723 universis
1798 681 2007 725 fratribus
2031 681 2204 737 praefatis
2220 683 2257 725 in
2274 683 2429 738 virtute

1375 744 1415 780 S.
1432 740 1695 781 Obedientiae
1710 769 1724 792 ‚
1743 751 1784 781 ut
1811 743 1872 781 Te
1885 741 1925 781 in
1945 754 2086 783 eorum
2104 743 2393 784 Protectorem
2410 766 2426 790 ,

1372 795 1484 852 juxta
1503 807 1691 839 tenorem
1711 800 1967 853 praesentium
1983 799 2249 855 recipientes,
2267 799 2333 853 ea,
2347 798 2427 857 qua

1371 854 1555 905 debent,
1586 855 1831 898 reverentia
1850 856 2173 914 prosequantur,
2206 859 2425 903 contrariis

1376 926 1457 953 non
1483 911 1734 954 obstantibus
1761 913 2066 970 quibuscunque
2083 947 2094 958 .
2129 920 2331 962 Caeterum
2364 920 2428 961 Te

1373 971 1414 1011 in
1434 970 1612 1012 Domino
1630 971 1845 1012 hortamur
1859 999 1873 1020 ‚
1906 981 1947 1010 ut
1966 973 2194 1029 hujusmodi
2211 980 2423 1019 Protecsto-

1368 1029 1424 1070 ris
1451 1041 1592 1069 munus
1629 1029 1679 1070 ita
1705 1029 1823 1070 obire
1854 1028 2037 1081 studeas,
2069 1042 2114 1073 ut
2129 1033 2237 1087 apud
2261 1039 2425 1086 Deum,

1365 1089 1567 1130 bonorum
1584 1089 1765 1139 Operum
1783 1088 2099 1142 retributorem,
2114 1102 2311 1136 aeternum
2327 1107 2425 1149 prae-

1371 1147 1498 1187 mium
1520 1175 1535 1195 ,
1567 1147 1642 1188 &a
1663 1146 1789 1188 Nobis
1819 1147 2063 1202 condignam
2096 1149 2258 1194 laudem
2286 1152 2423 1194 valeas

1371 1205 1628 1261 promereri.
1665 1208 1817 1246 Datum
1836 1205 1977 1247 Romae
1994 1208 2099 1261 apud
2116 1211 2301 1252 Sanctam
2330 1213 2423 1252 Ma-

1375 1264 1474 1306 riam
1499 1263 1704 1322 Majorem
1720 1263 1788 1304 sub
1804 1265 1972 1307 Annulo
1990 1265 2198 1311 piscatoris
2217 1270 2293 1311 Die
2308 1283 2419 1310 xxvi.

1374 1322 1543 1378 Augusti
1588 1335 1928 1367 Mncoxxxvnt.
1966 1324 2232 1369 Pontificatus
2283 1328 2422 1384 Nosti-ij

1363 1385 1487 1425 Anno
1509 1384 1654 1424 Nono.

1821 1445 1877 1484 D.
1913 1442 2033 1485 Card.
2076 1443 2302 1501 Paffloneus.

1428 1557 1541 1604 orig.
1559 1557 1601 1592 in
1608 1565 1721 1607 perg.
1743 1555 1914 1610 afflrvat
1930 1559 2249 1616 EmInentiffl'mus
2282 1565 2418 1604 Prote-i

1488 1608 1600 1659 mr,
1632 1611 1675 1650 dc
1697 1622 1771 1663 quo
1803 1614 2001 1663 exemplar
2026 1616 2192 1658 habetur
2222 1622 2264 1660 in
2291 1621 2413 1664 Arcb.

261 1621 373 1654 tuam
395 1614 627 1666 interponas
644 1640 656 1661 ‚
688 1611 728 1649 &
745 1621 843 1653 tunc
858 1642 873 1663 ,
903 1611 928 1653 fi
945 1611 1115 1653 omnino
1131 1607 1310 1651 neceffa-

1489 1665 1587 1708 Ord.
1608 1670 1710 1710 Tom.
1726 1668 1778 1707 A.
1795 1668 1848 1709 A.
1865 1680 1972 1709 num.
1989 1680 2056 1717 52.

262 1668 366 1711 rium
391 1670 481 1714 fore
507 1669 781 1724 cognoveris,
812 1681 857 1714 ut
885 1670 1060 1714 eandem
1091 1670 1308 1711 auctorita-

978 1801 1689 1893 NOTA.

347 1971 587 2011 Minentiflimi
610 1971 712 2020 hujus
742 1972 940 2010 Cardinalis
969 1973 1183 2020 protefflone
1197 1982 1259 2008 ceu
1269 1979 1393 2007 corona
1420 1968 1557 2025 inclyta¹
1578 1967 1727 2014 Religio
1747 1971 1861 2008 nostra
1875 1972 1941 2009 sese
1954 1971 2091 2008 defaflo
2103 1982 2261 2010 ornatam
2287 1976 2409 2021 aeque,

360 2036 397 2058 ac
414 2023 581 2058 munitam
608 2021 671 2056 effe
686 2045 699 2063 ,
726 2022 770 2057 eo
789 2021 917 2068 aequius
942 2021 1000 2058 fibi
1022 2021 1226 2070 applaudit,
1247 2020 1319 2067 quo
1348 2018 1458 2063 magis
1485 2020 1594 2055 Emin.
1626 2017 1864 2056 Prorestorum
1882 2019 2140 2057 Antecefforum
2164 2022 2286 2058 Zelum
2309 2023 2343 2058 in
2359 2023 2412 2059 Eo

258 2071 460 2108 afflviffima
487 2068 710 2106 :emulatione
733 2070 911 2116 experitur
940 2072 1099 2106 unitum.
1128 2070 1306 2107 Prolixins
1328 2077 1467 2111 autern,
1488 2068 1547 2103 vel
1559 2067 1601 2103 de
1628 2065 1751 2104 innato
1782 2069 1982 2106 Eminentiae
2012 2068 2115 2117 hujus
2137 2082 2217 2115 erga
2243 2071 2410 2108 Ordinem

259 2119 382 2156 affeetu
395 2144 406 2163 ,
434 2120 491 2154 vel
517 2117 559 2153 de
581 2115 760 2164 justiffimo
786 2117 887 2154 nostri
914 2118 1060 2156 Ordinis
1078 2131 1160 2164 erga
1175 2116 1402 2154 Eminentiam
1427 2115 1520 2152 suam
1545 2116 1662 2152 debito
1678 2139 1692 2160 ,
1715 2115 1872 2154 differere
1894 2119 1947 2154 hic
1970 2129 2041 2154 non
2065 2130 2166 2154 vacat
2180 2142 2193 2164 ,
2219 2132 2297 2157 curn
2315 2121 2407 2158 alius

258 2168 402 2205 Bullarii
427 2170 564 2205 Tomus
579 2167 868 2214 opportuniorem
889 2168 933 2203 ad
950 2168 1015 2205 hoc
1029 2168 1221 2216 suppeditet
1240 2169 1382 2209 locum,
1404 2165 1448 2200 ad
1462 2176 1564 2212 quem
1590 2165 1788 2202 benevolus
1810 2167 1933 2203 Leetor
1946 2167 2130 2204 remittitur
2142 2192 2153 2203 .

1095 2296 1329 2310 ῃ*

405 2395 583 2451 ,DE
647 2395 685 2436 C
745 2396 786 2437 R
848 2397 884 2437 E
947 2396 1107 2438 TO.
1801 2386 1971 2436 Ora'tio.

1463 2509 1526 2551 Ac
1547 2538 1562 2560 ,
1597 2508 1774 2551 Domine
1796 2512 1893 2567 Jesu
1922 2539 1937 2561 ,
1969 2511 2008 2552 in
2035 2510 2295 2566 simplicitate
2320 2541 2335 2563 ,
2365 2516 2404 2558 &

1480 2568 1714 2612 innocentia
1744 2570 1878 2611 cordis
1909 2569 2032 2611 nostri
2061 2585 2130 2611 nos
2163 2572 2370 2616 ambulare
2389 2600 2403 2625 ,

1357 2641 1699 2684 quorum-amore
1713 2627 1766 2671 de
1786 2628 1865 2670 finu
1881 2630 2025 2671 Matris
2038 2630 2147 2671 inter
2164 2633 2275 2673 Beati
2293 2632 2405 2674 Feli-

1358 2684 1691 2787 ⁶i⁵·C‘{&⁰f⁶ff⁰ri⁵
1724 2689 1781 2730 tui
1812 2688 1974 2731 brachia
2005 2688 2267 2733 descendisti.
2318 2689 2401 2747 Qi

1361 2759 1465 2789 vivis
1540 2762 1576 2788 c.

412 2511 544 2561 Sacrae
583 2511 925 2583 Congregationis
942 2514 1142 2565 ‘Rituum

261 2643 471 2692 Facultas
516 2641 772 2692 celebrandi
806 2643 991 2695 Missam
1026 2647 1298 2715 propriam,

294 2712 342 2763 ἃ
368 2712 545 2761 dicendi
576 2711 804 2763 Officium
829 2715 884 2764 de
918 2718 1086 2767 Sancto
1107 2718 1257 2767 Felice
1275 2718 1301 2766 ἒ,

296 2784 551 2832 Cantalicio
591 2801 702 2833 cum
730 2786 957 2835 Oratione
995 2786 1044 2838 <St
1077 2788 1302 2838 Le6³tioni÷

296 2850 381 2900 bus
396 2885 413 2908 ,
438 2857 602 2919 pariter
618 2857 813 2924 propriis
832 2892 849 2917 ,
870 2855 946 2907 seu
962 2858 1017 2907 ab
1034 2859 1086 2907 iis
1101 2894 1117 2917 ,
1134 2859 1297 2926 quibus

297 2921 434 2971 Ordo
468 2922 610 2975 noster
639 2929 810 2986 utitur,
853 2927 1074 2979 distinctis
1092 2967 1107 2989 ,
1145 2929 1202 2979 ad
1229 2945 1296 2980 to·

297 3005 392 3041 tam
423 2993 638 3051 Italiam,
677 2995 725 3048 ὅ(
744 2997 923 3049 Insulas
956 2999 1207 3065 adjacentes
1226 3019 1299 3052 ex-

300 3060 529 3112 tenditur.

593 3136 674 3175 Die
703 3149 799 3177 xxi.
832 3141 966 3196 Maji.

1418 2862 1523 2906 Left'.
1552 2865 1581 2905 i.
1608 2861 1805 2905 NobJurm·
1831 2864 1877 2905 de
1899 2866 2044 2919 sempr.
2074 2878 2181 2910 eurr.

1550 2982 1627 3027 IN
1658 2982 1728 3023 11.
1761 2983 1909 3026 NOC
1932 2983 2209 3026 TURNO.

1780 3099 1909 3142 Leflio
1938 3102 1992 3140 iv.

1466 3215 1559 3260 Elix
1583 3216 1605 3258 a
1635 3214 1866 3259 Cantalicio
1883 3217 1919 3258 in
1933 3215 2090 3270 Sabinis
2106 3245 2121 3270 ‚
2149 3217 2395 3269 humilibus,

1482 3273 1548 3317 sed
1578 3275 1652 3331 piis
1684 3275 1922 3317 Parentibus
1947 3287 2088 3327 natus,
2121 3275 2145 3316 i
2173 3291 2303 3331 puero
2330 3290 2396 3330 pa.

1363 3334 1519 3377 scendis
1534 3334 1740 3389 Gregibus
1757 3363 1770 3385 ,
1804 3348 1897 3376 mox
1911 3336 2059 3390 &agro
2079 3333 2255 3374 colendo
2280 3335 2394 3377 addi-

1363 3397 1450 3435 c'tus
1463 3423 1478 3444 ‚
1511 3394 1645 3437 multo
1668 3394 1879 3448 impensius
1903 3405 2040 3434 rerum
2064 3390 2288 3434 coelestium
2305 3408 2393 3436 me-

1363 3452 1563 3506 ditatione
1589 3452 1761 3494 animum
1791 3451 1976 3499 nutrire,
2006 3450 2046 3488 &
2067 3462 2209 3506 corpus
2237 3451 2390 3494 affiduis

1363 3511 1541 3566 vigiliis,
1572 3525 1618 3553 ac
1640 3509 1798 3567 jejuniis
1814 3508 1978 3550 domare
2003 3509 2131 3563 coepit
2148 3540 2162 3561 .,
2195 3513 2393 3554 Eremiti-

1361 3583 1448 3611 cam
1476 3583 1600 3624 agens
1625 3569 1746 3611 vitam
1764 3566 1894 3622 potius
1908 3566 2028 3621 quam
2047 3567 2229 3611 rusticam
2245 3599 2257 3611 .
2291 3573 2389 3613 Fer-

1362 3627 1548 3669 ventiore
1575 3637 1713 3668 autem
1735 3626 1775 3667 in
1807 3627 1939 3667 Deum
1980 3626 2133 3681 pietate
2166 3629 2347 3671 incensus
2375 3657 2391 3680 ‚

431 3729 440 3740 ι
1362 3699 1456 3728 cum
1482 3698 1558 3727 non
1582 3682 1706 3739 poffet
1728 3684 1910 3738 quotidie
1927 3713 1941 3735 ,
1973 3694 2017 3726 ut
2043 3687 2207 3741 optabat
2223 3715 2236 3737 ,
2271 3686 2387 3730 sacris

327 3728 466 3768 Omma
479 3727 522 3796 df
538 3731 736 3771 Communi
754 3732 867 3790 Confi
885 3748 959 3778 non
988 3738 1130 3799 Pmfff·
1147 3749 1300 3796 praeter
1362 3743 1567 3796 Mysteriis
1595 3738 1779 3783 interesse
1804 3771 1819 3793 ,
1851 3746 1990 3797 Grege
2020 3745 2070 3786 ad
2097 3746 2184 3788 loca
2214 3745 2386 3788 solitaria

269 3795 338 3835 ’θ’
369 3799 455 3840 quae
467 3785 933 3853 huprofirmpwunmrq
1358 3799 1565 3856 compulso
1582 3827 1596 3850 ,
1628 3799 1708 3855 ipse
1731 3812 1823 3844 ante
1850 3805 2029 3846 Crucem
2055 3805 2245 3848 arborum
2261 3804 2386 3845 corti-

2220 3860 2330 3903 cibus

684 3252 732 3293 ln
777 3251 885 3308 Festo

270 3368 311 3409 S.
357 3367 750 3411 FELICIS2A’
799 3370 1301 3423 CANTALICIO.

473 3488 1133 3541 Confessoars„

652 3605 894 3660 Semiduplex
913 3634 926 3648 .
