2658 4244
334 195 487 242 100

261 277 534 333 Apostolicis‚
560 287 605 317 ac
625 274 817 330 Ordinis,
842 278 881 320 &
903 278 1206 322 Provinciarum
1224 281 1299 322 hu-

258 336 462 395 jusmodi,
497 335 621 377 etiam
647 333 908 391 juramento,
931 337 1299 384 confirmatione..-

262 394 526 449 Apostolica,
552 394 614 436 vel
642 394 719 437 alia
748 397 888 452 quavis
907 397 1103 440 firmitate
1129 399 1301 440 robora·

262 455 312 496 tis
345 454 495 495 statutis
522 483 538 504 ,
575 454 616 494 &
643 456 998 499 consuetudinibus
1022 485 1036 507 ‚
1078 456 1300 512 privilegiis

261 526 422 568 quoque
438 512 607 555 indultis
622 542 636 564 ‚
660 515 700 554 &
722 515 869 558 Literis
891 515 1133 571 Apostolicis
1149 517 1186 556 in
1201 529 1301 556 con-

262 573 432 613 trarium
449 570 731 626 praemissorum
752 575 1061 625 quomodolibet
1078 571 1268 617 concessis
1282 603 1299 624 ,

265 629 520 673 confirmatis
538 660 551 682 ,
577 633 616 673 &
641 633 873 683 innovatis,
898 634 1054 691 Qibus
1082 633 1267 676 omnibus
1283 661 1298 681 ,

260 690 301 729 &
314 688 656 744 singulis‚ill'orum
671 692 851 733 omnium
864 702 1030 735 tenores
1048 690 1300 748 praesentibus

260 762 335 802 pro
362 747 482 802 plene
500 779 515 799 ,
539 750 575 790 8(
598 748 833 792 sufficienter
858 751 1047 805 expreffis
1074 751 1299 799 habentes,

259 806 342 848 illis
358 806 454 848 alias
478 809 517 848 in
545 806 612 850 suo
631 810 779 850 robore
804 809 1076 864 permansuris
1093 837 1105 860 ‚
1127 807 1175 850 ad
1201 821 1300 861 prae-

259 863 463 907 missorum
492 865 677 909 effectum
702 896 715 918 ,
752 867 981 920 specialiter
1002 895 1016 918 ‚
1046 869 1085 908 &
1115 864 1300 919 expresse

257 925 505 979 derogamus
540 954 555 977 ‚
607 923 836 981 caeterisque
873 926 1084 968 contrariis
1137 921 1300 979 quibus-

258 997 448 1038 cunque.
494 986 643 1025 Datum
673 985 812 1024 Romae
832 983 936 1037 apud
962 989 1000 1027 S.
1028 987 1196 1025 Petrum
1229 981 1296 1022 sub

258 1041 426 1082 Annulo
443 1042 654 1083 Piscatoris
670 1041 747 1082 Die
766 1042 1295 1096 xv111.JuniiM.nc1x1.ui.

259 1098 526 1141 Pontificatus
546 1099 680 1142 Nostri
699 1100 821 1141 Anno
838 1098 1041 1153 Vigefimo
1054 1126 1066 1139 .

795 1218 858 1260 M.
878 1218 926 1258 A.
944 1214 1155 1259 Maraldus
1169 1244 1181 1256 .

315 1332 562 1387 Autograph.
587 1335 630 1377 in
651 1334 820 1378 Archivo
846 1337 988 1375 Secret.
1018 1338 1135 1375 Brev.
1165 1331 1298 1389 Apost-

369 1394 466 1446 Reg.
497 1394 601 1442 ‘Jum
636 1394 755 1447 1643.
775 1391 856 1447 fhl.
885 1407 952 1449 29.
994 1393 1039 1434 de
1076 1405 1150 1446 quo
1178 1394 1299 1433 Breve

362 1448 591 1507 formatum
616 1454 660 1494 in
685 1451 856 1495 Archivo
873 1466 965 1507 gen.
991 1451 1085 1494 Ord.
1118 1454 1149 1494 Γ
1145 1464 1221 1491 om.
1243 1451 1297 1492 H.

370 1521 476 1550 num.
500 1524 542 1565 ¹3
558 1524 590 1552 ι.

489 1625 1065 1699 NOTA,

344 1755 524 1792 Oncursus
563 1753 700 1789 Patrum
740 1751 933 1788 Custodum
970 1753 1299 1801 Supernumerario-

361 1814 435 1839 rum
451 1806 494 1841 ad
505 1803 690 1841 electiones
713 1799 874 1846 Capituli
890 1802 1074 1839 Generalis
1099 1802 1146 1839 ob
1168 1813 1296 1846 graves

249 1853 362 1889 causas
389 1864 566 1900 nunquam
593 1850 656 1886 fuit
678 1852 712 1886 in
738 1849 821 1888 usu.
851 1851 1024 1900 Quam
1051 1863 1162 1888 aurem
1181 1850 1298 1887 circa...

249 1903 399 1937 eundem
414 1923 429 1944 ‚
455 1899 777 1939 Reverendiffimum
790 1901 1037 1938 Diffinitorium
1058 1900 1231 1939 Generale
1241 1911 1304 1935 no-

251 1948 380 1987 viffime
398 1952 546 1987 statuerit
562 1975 575 1995 ‚
603 1950 638 1985 in
663 1949 732 1985 alio
753 1950 885 1996 patebit
902 1951 980 1986 loco
994 1975 1004 1986 .

253 2156 613 2210 Constitutiones
634 2157 825 2209 Ordinis
853 2160 897 2207 in
917 2161 1137 2227 Capitulo
1161 2173 1294 2228 gene-

287 2231 370 2278 rali
397 2240 541 2292 1643.
568 2232 803 2297 ampliatas
825 2266 841 2288 ,
875 2227 924 2280 &
939 2227 964 2278 A
983 2234 1030 2279 S.
1053 2234 1295 2300 Congreg2

288 2297 437 2367 Episc.
475 2299 524 2350 ὃ(
542 2301 707 2369 Regul.
725 2299 995 2368 approbatas
1013 2299 1257 2350 confirmat
1274 2336 1290 2357 ,

286 2369 426 2436 iisque
445 2386 669 2437 perpetuae
695 2370 968 2420 inviolabilis
985 2407 1001 2428 ,
1026 2371 1075 2423 ὅ(
1091 2371 1290 2439 Aposto-

286 2441 384 2490 licae
403 2439 631 2490 firmitatis
648 2440 790 2490 robur
803 2441 960 2489 adiicit
973 2476 987 2488 .

322 2584 725 2637 URBANUS
774 2585 991 2634 PAPA
1038 2584 1220 2633 V111.

437 2711 506 2754 Ad
518 2719 752 2767 perpetuam
778 2715 838 2754 rei
866 2713 1090 2753 memoriam
1104 2738 1116 2750 .

338 2795 631 2840 Acrosanctum
658 2797 916 2853 Apostolatfis
945 2801 1136 2844 Officium
1159 2802 1292 2844 humi-

353 2857 457 2899 litati
486 2857 628 2899 nostrae
660 2871 734 2912 per
761 2858 1003 2902 ineffabilem
1032 2860 1191 2903 Divinae
1221 2865 1295 2904 Sa-

248 2916 416 2972 pientiae
430 2916 730 2971 providentiam
748 2915 994 2961 commissum
1011 2949 1023 2971 ,
1038 2919 1186 2976 jugiter
1207 2924 1294 2963 Nos

248 2974 445 3017 admonet
460 3004 476 3025 ,
494 2985 538 3016 ut
554 2976 662 3017 inter
677 2977 915 3030 gravissimas
934 3006 946 3029 ,
963 2977 1294 3036 multiplicesque

249 3033 489 3090 Apostolicae
505 3035 711 3077 servitutis
727 3049 842 3077 curas
861 3036 933 3078 illa‘
948 3038 1139 3092 peculiari
1164 3037 1291 3081 studio

249 3092 593 3148 complectamur,
610 3107 685 3149 per
698 3094 775 3149 qu'a
787 3095 1085 3139 Christifideles
1102 3097 1171 3140 sub
1185 3098 1294 3140 suavi

248 3151 484 3208 Religionis
497 3150 592 3208 jugo
609 3181 622 3203 ,
644 3152 845 3195 virtutum
862 3155 1038 3196 Domino
1053 3154 1295 3200 famulantes

249 3209 320 3252 sub
334 3211 458 3254 certis
475 3242 491 3262 ‚
522 3212 559 3252 δι
583 3210 752 3268 provide
765 3211 964 3254 ordinatis
978 3216 1294 3258 Constitutioni-

250 3270 322 3311 bus
353 3273 393 3314 in
422 3270 642 3313 Sanctitate
683 3272 723 3311 &
757 3270 914 3326 Justitia
943 3269 1193 3316 felicioribus
1219 3275 1292 3318 iu..-

252 3328 337 3372 dies
353 3328 562 3384 proficiant
575 3331 843 3373 incrementis
857 3359 869 3382 ‚
887 3344 933 3372 ac
947 3332 1121 3386 proinde
1136 3333 1196 3384 iis,
1210 3348 1296 3389 quae

253 3399 467 3442 propterea
484 3388 582 3432 fasta
608 3389 696 3433 sunt
710 3419 724 3442 ‚
745 3401 790 3433 ut
814 3391 864 3432 ab
880 3390 1066 3432 omnibus
1082 3419 1095 3441 2
1120 3392 1167 3434 ad
1194 3407 1293 3447 quos

254 3447 402 3499 spectat
418 3474 432 3496 ,
446 3448 740 3492 inviolabiliter
755 3448 1042 3500 observentur,
1058 3451 1294 3505 Apostolicae

256 3502 590 3550 Confirmationis
621 3511 750 3553 robur
775 3508 1013 3561 adiicimus,
1046 3520 1166 3562 prout
1195 3524 1293 3551 con·

253 3560 437 3617 spicimus
450 3564 491 3605 in
513 3569 688 3611 Domino
702 3567 919 3612 salubriter
931 3567 1130 3622 expedire
1150 3598 1160 3609 .
1190 3569 1292 3611 Sane

254 3634 328 3676 pro
348 3633 466 3676 parte
489 3625 738 3669 Dilec‘torum
758 3627 933 3670 filiorum
956 3627 1183 3671 Innocentii
1201 3633 1292 3671 de)

255 3679 551 3734 Calatagirone
569 3686 737 3728 Ministri
761 3686 976 3730 Generalis
997 3714 1010 3737 ‚
1040 3689 1078 3729 &
1106 3689 1293 3729 Fratrum

255 3737 424 3781 Ordinis
447 3742 651 3786 Minorum
673 3747 805 3789 Sancti
831 3743 1034 3790 Francisci
1063 3746 1295 3803 Capucino-

902 158 1065 250 Sub
1127 161 1442 253 ‘Urbano
1510 160 1726 250 VIII.

1359 295 1446 322 rum
1462 274 1920 335 nuncupatorumNobis
1932 286 2063 332 nuper
2077 279 2297 336 expolitum
2311 283 2407 335 fuit,

1358 339 1468 396 quod
1499 341 1536 380 in
1567 339 1761 394 Capitulo
1792 335 1992 378 Generali
2020 334 2202 392 ejusdem
2241 343 2409 385 Ordinis

1359 397 1568 445 noviffime
1584 397 1637 440 de
1657 396 1837 454 praesenti
1865 409 1969 437 anno
1994 395 2066 435 hac
2090 396 2130 438 in
2149 395 2267 440 Alma
2290 402 2410 444 Urbe

1359 458 1492 501 nostra
1507 454 1962 510 celebrat‹›,expediens
1977 452 2203 510 judicatum
2220 454 2296 498 suit
2313 472 2407 502 cum

1361 514 1556 560 consensu
1570 516 1706 558 dilecti
1732 515 1800 556 n'lii
1816 514 1938 555 nostri
1955 514 2123 556 Antonii
2150 514 2282 556 Tituli
2310 518 2413 559 San-

1361 578 1429 619 ‹stae
1449 576 1583 617 Mariae
1600 573 1903 629 Transtyberim
1918 572 2157 627 Presbyteri
2173 573 2411 619 cardinalis

1363 634 1493 677 Sancti
1511 634 1714 689 Onuphrii
1731 632 1981 689 nuncupati,
2011 631 2178 687 Majoris
2198 631 2412 675 Poeniten-

1362 693 1467 735 tiarii
1483 693 1629 742 ,nostri
1646 692 1864 734 secundum
1883 695 2059 734 Carnem
2085 691 2214 732 Fratri
2233 693 2414 733 Germa-

1361 751 1432 800 ni,
1453 765 1498 792 ac
1519 751 1615 792 dieti
1633 751 1796 792 Ordinis
1813 749 1919 806 apud
1936 753 2022 793 Nos
2038 778 2052 800 ‚
2078 751 2117 790 &
2132 749 2412 800 Apostolicam

1361 808 1510 851 Sedem
1554 809 1800 852 protectoris
1848 822 1966 851 novas
2012 806 2195 865 ejusdem
2238 808 2409 851 Ordinis

1360 866 1684 908 Constitutiones
1709 868 1925 911 immutate
1942 897 1956 917 ,
1984 867 2217 922 &antiquis
2241 867 2408 924 usque..-

1359 923 1411 966 de
1433 928 1550 964 Anno
1571 939 1619 966 M.
1637 939 1710 966 nc.
1734 937 1804 966 ix.
1823 927 1959 966 Romae
1975 925 2165 979 impreffis
2179 954 2193 976 ‚
2220 923 2288 968 sed
2308 940 2412 969 non-

1356 981 1452 1024 dum
1468 981 1700 1036 Apostolica
1714 982 1964 1024 authoritate
1985 982 2258 1035 confirmatis,
2275 986 2315 1027 in
2337 999 2412 1041 po-

1357 1041 1509 1082 sterum
1524 1069 1538 1090 ,
1556 1040 1613 1080 uti
1630 1040 1708 1080 una
1728 1051 1827 1081 curn
1850 1038 2128 1084 additionibus
2142 1041 2251 1084 faecis
2269 1045 2288 1084 a
2304 1042 2414 1086 dile-

1358 1100 1430 1141 ctis
1446 1097 1537 1139 filiis
1557 1096 1853 1140 Diflinitoribus
1872 1098 1910 1138 in
1927 1097 2248 1154 diet0Capitu10
2262 1104 2408 1144 Gene-

1358 1157 1432 1200 rali
1452 1186 1467 1209 ‚
1488 1157 1529 1197 δε
1550 1154 1755 1197 ab‘iisdem
1787 1153 2087 1199 Diffinitoribus
2110 1159 2224 1200 lectis
2239 1189 2256 1209 ,
2284 1161 2320 1201 &
2336 1174 2413 1215 pu-

1358 1215 1520 1259 blicatis
1534 1246 1549 1266 ,
1565 1229 1639 1257 nec
1657 1229 1735 1257 non
1750 1215 1800 1258 ab
1814 1214 2003 1257 omnibus
2018 1216 2208 1270 Patribus
2223 1217 2411 1272 ejusdem

1359 1274 1544 1332 Capituli
1559 1273 1990 1330 approbatiS,Tenoris
2000 1274 2412 1330 sequetisffidelicet.

1362 1391 1660 1451 Constitutione-5
1669 1390 1789 1447 fab‘lae
1803 1395 1846 1434 In
1860 1392 2054 1448 Capitulis
2072 1394 2199 1434 Romae
2205 1393 2357 1436 An.162
2365 1403 2408 1442 5.

1483 1450 1602 1506 ¹653·
1621 1451 1689 1506 163
1701 1464 1738 1501 7⁴·
1762 1451 1817 1501 (β’
1844 1452 1964 1507 1643.
1987 1449 2191 1494 celebratis
2205 1451 2287 1500 &c-

1418 1571 1526 1611 Cum
1542 1578 1676 1609 autem
1692 1596 1706 1618 ‚
1739 1567 1840 1611 sicut
1861 1567 2003 1612 eadem
2028 1568 2224 1622 expofitio
2239 1566 2409 1624 subjun-
2468 1560 2473 1569 ..

1358 1628 1496 1680 gebat,
1509 1626 1834 1667 constitutiones
1849 1628 2021 1680 antiquae
2036 1627 2221 1681 praefatae,
2234 1629 2274 1667 &
2288 1627 2405 1670 addi-

1358 1685 1491 1724 tiones
1507 1680 1742 1737 praeinsertae
1758 1697 1829 1737 per
1842 1684 2045 1725 Venerab.
2060 1686 2221 1726 Fratres
2236 1685 2404 1726 Nostros

1359 1743 1510 1783 s.R.n.
1525 1739 1649 1784 Card.
1668 1741 1842 1796 negotiis
1855 1743 1894 1783 &
1910 1740 2287 1784 Consultationibus
2308 1744 2407 1797 Epi-

1359 1799 1627 1856 scoporum‚&
1643 1799 1916 1856 Regularium
1935 1801 2162 1855 praepositos
2181 1800 2326 1852 visae‚&
2340 1801 2406 1843 di-

1361 1861 1538 1916 ligenter
1554 1859 1787 1901 examinata·
1802 1857 1952 1902 fuerint
1968 1887 1981 1909 ,
1994 1861 2033 1901 &
2046 1870 2263 1914 propterea
2281 1862 2407 1901 Inno-

1360 1920 1523 1963 centius
1540 1917 1719 1960 Minister
1733 1919 1886 1960 Gener.
1902 1919 1942 1959 &
1956 1919 2116 1960 Fratres
2135 1916 2286 1973 praefati
2312 1917 2406 1961 illas

1358 1977 1579 2034 Apostolici
1595 1977 1754 2019 roboris
1777 1975 1958 2032 praefidio
1985 1977 2227 2019 communiri
2242 1976 2406 2019 defide-

1355 2047 1474 2081 rent:
1502 2039 1587 2078 Nos
1613 2036 1836 2078 inviolabili
1865 2034 2102 2078 earumdem
2127 2036 2402 2078 Constitutio-

1354 2111 1449 2140 num
1462 2093 1749 2146 observationi,
1763 2097 1953 2151 quantum
1967 2109 2060 2137 cum
2079 2095 2253 2136 Domino
2270 2091 2402 2150 possu-

1354 2170 1467 2207 mus,
1483 2152 1725 2205 consulere,
1754 2169 1799 2196 ac
1821 2153 2105 2197 Innocentium
2130 2153 2398 2196 Ministrum„

1352 2212 1603 2258 Generalem
1627 2242 1641 2264 ‚
1679 2215 1719 2255 &
1746 2216 1913 2256 Fratres
1941 2209 2126 2268 praefatos
2157 2212 2398 2268 specialibus

1352 2273 1554 2317 favoribus
1569 2300 1583 2322 ,
1609 2273 1648 2313 &
1677 2273 1813 2328 gratiis
1839 2271 2025 2328 prosequi
2057 2271 2245 2313 volentes
2275 2300 2290 2322 ‚
2329 2286 2401 2313 eo·

1351 2345 1522 2387 rumque
1537 2331 1757 2385 singulares
1774 2335 1959 2387 personas
1975 2329 1997 2372 ἃ
2010 2328 2214 2386 quibusvis
2230 2344 2398 2372 excom-

1352 2390 1633 2433 municationis
1649 2419 1664 2441 ‚
1687 2389 1968 2446 suspensionis,
1983 2391 2021 2431 ὃς
2040 2388 2273 2439 interdicti,
2295 2387 2403 2431 aliis-

1351 2464 1429 2506 que
1457 2448 1742 2492 Ecclefiasticis
1760 2448 1967 2492 sententiis
1983 2477 1997 2499 ‚
2015 2446 2192 2491 censuris
2209 2476 2224 2498 ,
2250 2450 2286 2489 &
2301 2461 2396 2504 poe-

1352 2508 1409 2549 nis
1424 2509 1444 2549 a
1460 2506 1549 2562 jure
1566 2535 1580 2557 ‚
1596 2508 1662 2549 vel
1678 2509 1728 2550 ab
1744 2509 1926 2558 homine,
1945 2507 2084 2562 quavis
2100 2506 2313 2548 occastone
2332 2504 2399 2547 vel

1350 2564 1466 2623 causa
1494 2565 1584 2607 latis
1599 2594 1615 2616 ‚
1642 2565 1666 2608 fi
1694 2568 1839 2623 quibus
1856 2564 2171 2622 quomodolibet
2198 2564 2402 2607 innodatae

1352 2626 1595 2674 existunt2ad
1612 2625 1797 2668 effectum
1810 2625 2068 2682 praesentium
2084 2623 2285 2665 duntaxat
2303 2636 2403 2665 con-

1351 2683 1601 2740 sequendum
1621 2712 1635 2734 ‚
1653 2686 1795 2727 harum
1812 2685 1913 2727 serie
1933 2682 2189 2725 absolventes
2205 2710 2218 2733 ,
2235 2686 2272 2724 δι
2289 2680 2404 2723 abso-

1352 2745 1462 2786 lutas
1485 2739 1573 2783 fore
1594 2743 1806 2784 censentes
1820 2771 1835 2792 ‚
1855 2740 2214 2795 supplicationibus
2229 2739 2400 2781 illorum

1355 2801 1517 2845 nomine
1534 2801 1659 2843 Nobis
1675 2799 1795 2856 super
1811 2801 1886 2841 hoc
1904 2799 2112 2841 humiliter
2127 2799 2323 2853 porrectis
2341 2798 2405 2840 in-

1354 2860 1490 2904 clinati
1503 2887 1516 2910 ‚
1533 2858 1586 2900 de
1602 2860 1864 2915 praefatorum
1882 2856 2191 2900 Venerab'ilium
2211 2860 2402 2901 Fratrum

1356 2920 1595 2964 Nostrorum
1627 2917 1798 2961 consilio
1811 2949 1826 2969 ,
1873 2916 2196 2959 Constitutiones
2229 2915 2396 2958 Ordinis

1351 2978 1503 3036 praefati
1522 2977 1576 3019 de
1591 2975 1699 3019 disto
1716 2982 1833 3021 Anno
1858 2992 1905 3020 Μ.
1920 2990 1993 3018 nc.
2013 2989 2075 3016 tx.
2097 2973 2138 3015 ut
2153 2974 2367 3029 praefertur
2388 3000 2404 3023 ,

1354 3042 1496 3081 Romae
1521 3036 1726 3092 impressas
1741 3066 1756 3088 ,
1785 3050 1858 3078 nec
1888 3048 1968 3076 non
1999 3034 2226 3077 additiones
2253 3032 2401 3086 praein-

1354 3099 1480 3141 sertas
1506 3097 1541 3137 A
1549 3095 1740 3151 postolica
1760 3092 2012 3137 authoritate
2026 3120 2041 3143 ,
2066 3102 2212 3133 tenore
2231 3089 2402 3144 praesen-

1354 3158 1457 3199 tium
1482 3154 1684 3210 perpetui)
1710 3151 1992 3195 confirmamus
2006 3179 2020 3201 ‚
2047 3152 2086 3191 &
2101 3148 2370 3205 approbamus
2383 3175 2399 3199 ,

1353 3213 1512 3271 illisque
1535 3209 1993 3268 perpetuaeinviolabilis
2013 3208 2250 3264 Apostolicae
2275 3209 2400 3249 robur

1355 3274 1566 3318 adiicimus
1582 3302 1596 3324 ,
1624 3286 1670 3314 ac
1693 3285 1862 3320 omnes,
1891 3271 1930 3311 ὅ(
1957 3268 2129 3323 singulos
2160 3278 2243 3309 tam
2264 3265 2364 3323 juris
2383 3293 2399 3317 ,

1355 3333 1475 3388 quam
1496 3329 1588 3373 faeti
1606 3330 1786 3374 defectus
1802 3357 1817 3381 ,
1840 3328 1863 3370 fi
1879 3329 1947 3384 qui
1968 3327 2144 3382 desuper
2165 3326 2398 3381 quomodo-

1354 3393 1458 3436 libet
1474 3390 1773 3433 intervenerint
1789 3386 2040 3443 ,supplemus
2055 3415 2069 3437 ,
2095 3400 2169 3427 nec
2187 3400 2263 3426 non
2282 3394 2399 3428 tam..

1355 3450 1536 3509 praefatas
1556 3450 1736 3506 antiquas
1751 3476 1766 3498 a
1779 3446 1819 3490 iit
1833 3444 2048 3502 praefertur
2063 3472 2078 3495 ‚
2096 3442 2295 3500 impressas
2319 3444 2399 3483 Or-

1356 3512 1459 3553 dinis
1488 3507 1642 3565 praefati
1673 3505 1993 3550 Constitutiones
2020 3531 2035 3554 ·,
2068 3503 2187 3558 quim
2220 3503 2400 3544 additio·-

1352 3584 1425 3613 nes
1441 3568 1688 3624 praeinsertas
1703 3565 1753 3608 ab
1765 3563 1951 3607 omnibus
1962 3591 1975 3613 ‚
1991 3566 2028 3605 δι
2046 3562 2205 3618 singulis
2218 3561 2397 3618 ejusdem

1353 3628 1519 3671 Ordinis
1533 3624 1738 3669 Fratribus
1753 3650 1768 3673 ‚
1782 3624 1820 3665 δι
1833 3621 2014 3678 personis
2033 3621 2102 3664 sub
2120 3622 2267 3677 poenis,
2281 3621 2320 3662 in
2335 3619 2395 3662 eis

1354 3685 1558 3730 contentis
1573 3686 1611 3726 in
1625 3683 1825 3739 posterum
1841 3682 2006 3724 omnino
2019 3679 2241 3732 observari,
2259 3682 2395 3732 sicque

1354 3749 1392 3789 &
1417 3758 1495 3789 non
1515 3743 1636 3787 aliter
1650 3741 1690 3784 in
1715 3740 1909 3798 praemiffis
1931 3755 2005 3798 per
2027 3740 2301 3840 quoscumque
2321 3738 2394 3792 Ju-

2252 3808 2333 3838 ices
