2658 4244
294 371 429 413 nullus
468 380 515 412 ex
541 363 744 413 Fratribus
766 365 987 426 Cap'ucinis
1018 371 1070 415 ad
1097 373 1244 416 dietum
1259 376 1339 415 Or-

296 431 439 472 dinem
460 431 499 470 S.
518 427 712 471 francisci
732 431 784 474 de
802 431 924 474 Paula
939 460 952 482 ,
979 445 1054 474 nec
1071 431 1095 474 ὲ
1112 435 1310 476 converso
1327 461 1340 483 ,

297 489 405 547 quod
440 487 570 533 nullus
599 489 746 534 Frater
775 487 955 547 ejusdem
989 494 1029 534 S.
1059 493 1259 536 Francisci
1287 492 1340 534 de

298 546 424 590 Paula
441 545 491 587 ad
504 544 706 590 Ordinem
734 551 922 591 Fratrum
949 552 1247 606 Capucinorum
1266 554 1338 594 hu-

297 604 500 664 jusmodi,
531 605 617 647 ullo
642 622 817 664 unquam
835 618 1047 664 tempore,
1077 625 1126 653 ex
1156 626 1343 667 quacum·

298 679 377 720 que
405 665 532 706 etiam
549 693 563 715 ,
586 678 942 723 quantumcunque
974 667 1171 723 justissima
1200 671 1362 720 causa,⁴

298 724 425 764 etiam
444 723 499 764 de
516 723 680 766 licentia
698 725 860 768 suorum
878 728 1134 781 superiorum
1159 728 1199 771 se
1216 728 1344 771 trans-

296 780 405 824 ferre
422 779 539 835 poffit
553 809 567 832 2
585 784 816 839 Apostolica
833 786 1116 839 Austoritate,
1142 798 1344 832 tenore-2

294 837 555 894 praesentium
569 845 772 898 perpetuo
793 843 996 887 statuimus
1011 875 1026 898 ,
1042 846 1346 889 &oi-dinamus.

294 901 581 943 Decernentes
601 904 865 953 statutum&
879 903 1191 947 ordinationem
1210 904 1346 959 hujus-

294 956 407 1000 modi
444 972 518 1014 per
545 962 710 1002 Fratres
730 961 936 1016 praefat08,
962 965 1032 1006 sub
1062 963 1347 1020 indignationis

294 1017 437 1059 nostrae
459 1030 580 1072 poena
597 1046 610 1067 ‚
627 1019 921 1062 inviolabiliter
945 1020 1149 1064 observari
1165 1022 1318 1064 debere
1333 1050 1348 1074 ,

294 1089 341 1117 ac
358 1088 407 1116 ex
426 1084 522 1115 tunc
539 1076 699 1120 irritum
711 1104 726 1127 2
743 1080 783 1118 ὃ(
797 1078 1142 1133 inane-,quidquid
1157 1078 1269 1120 secus
1286 1081 1349 1122 su-

290 1146 376 1188 vper
392 1132 452 1175 his
471 1131 492 1173 ἑ
506 1146 705 1188 quoquam
721 1163 735 1185 ,
759 1136 898 1190 quavis
914 1137 1157 1180 aucloritate
1183 1148 1268 1179 tam
1280 1152 1350 1180 or-

1051 250 1229 343 'Sub
1292 257 1367 344 S·

1405 371 1477 414 bus
1489 400 1504 423 ,
1519 371 1758 427 caeterisque
1772 367 1989 413 contrariis
2001 365 2314 431 quibuscumque
2327 378 2338 415 '.
2359 378 2448 419 Cae-⁴

1402 441 1552 482 terum,
1566 432 1657 488 quia
1673 429 1840 474 difficile
1863 427 1985 480 foret,
1997 428 2205 482 praesentes
2221 434 2378 476 Literas
2393 437 2447 477 ad

1407 491 1558 545 fingula
1576 504 1742 547 quaeque
1762 490 1853 532 loca
1878 488 1917 529 in
1938 488 2082 544 quibus
2097 488 2151 532 de
2175 492 2230 532 eis
2246 489 2346 546 fides
2360 490 2444 549 for-J-

1399 548 1465 590 san
1482 547 1666 592 facienda
1684 544 1990 600 foret,deferri;
2008 547 2220 603 Volumus¹
2232 550 2341 609 quod
2358 551 2445 606 ipsis

1408 608 1689 664 Transumptis
1706 621 1826 651 manu
1842 606 1996 661 publici
2012 609 2173 650 Notarii
2190 605 2417 665 subscriptis
2430 638 2445 662 ,

1404 667 1443 707 δι
1460 666 1604 721 sigillo
1619 667 1786 724 alicujus
1812 664 1986 720 personae
2009 667 2050 707 in
2067 667 2279 721 Dignitate
2301 668 2447 711 Eccle-

1404 724 1549 766 fiastica
1567 726 1787 771 constitutae
1811 724 1973 766 munitis
1990 724 2028 767 in
2038 725 2202 781 Judicio
2217 744 2233 778 ‚¹
2246 728 2283 768 &
2299 737 2413 770 extra
2429 754 2445 778 ‚

1404 782 1472 824 ubi
1489 798 1588 839 opus
1606 783 1731 827 fuerit
1744 814 1758 837 ‚
1787 782 1932 825 eadem
1952 784 2111 838 prorsus
2128 783 2228 827 fides
2253 785 2446 828 adhibea-

1407 850 1472 883 tur
1486 869 1499 892 ,
1515 857 1598 897 quae
1613 842 1871 898 praesentibus
1887 842 2168 896 adhiberetur,
2180 846 2206 885 ss
2222 841 2358 886 forent
2377 859 2447 887 ex-

1406 900 1539 941 hibitae
1554 930 1568 952 ,
1585 901 1654 942 vel
1667 900 1826 943 ostensae
1841 929 1852 939 .

1468 960 1617 1000 Datum
1645 961 1785 1001 Romae
1824 958 1930 1012 apud
1954 963 2141 1003 sanctum
2166 965 2335 1006 Petrum
2376 961 2446 1003 sub

1407 1016 1574 1062 Annulo
1590 1018 1802 1062 Piscatoris
1816 1015 1883 1057 die
1898 1031 1961 1059 vi.
1976 1019 2163 1062 octobris
2178 1037 2226 1064 Μ.
2240 1037 2284 1066 υ.
2300 1035 2445 1077 vau.

1409 1073 1673 1121 Pontificatus
1692 1075 1827 1120 Nostri
1842 1076 1962 1117 Anno
1979 1078 2168 1120 Secundo
2183 1107 2194 1120 .
2424 1079 2428 1083 ’

292 1189 450 1233 dinaria
465 1217 478 1238 a
494 1191 613 1246 quam
630 1192 822 1248 delegata
836 1224 850 1247 ‚
873 1193 1049 1238 scienter
1067 1194 1133 1239 vel
1151 1196 1342 1252 ignoran-
1993 1194 2125 1251 Caesar
2140 1197 2361 1241 Gloria-rius
2376 1226 2388 1237 ·

292 1258 356 1292 ter
372 1248 592 1303 contigerit
610 1254 802 1294 attentari
818 1282 830 1294 .

352 1311 446 1359 Non
473 1307 721 1364 obstantibus
735 1311 975 1366 Apostolicis
991 1340 1005 1362 ‚
1033 1326 1079 1354 ac
1108 1313 1146 1355 in
1164 1313 1338 1357 Provin-

290 1367 464 1411 cialibus
479 1394 491 1417 ‚
509 1368 548 1407 δε
562 1368 832 1421 Synodalibus
849 1371 1044 1414 Conciliis
1060 1371 1179 1414 editis
1197 1376 1336 1415 Gene-
1394 1402 1396 1405 -

291 1425 443 1468 ralibus
461 1453 475 1477 9
489 1480 491 1482 ι
505 1424 569 1467 vel
598 1425 833 1485 specialibus
863 1429 1228 1474 constitutionibus
1253 1460 1267 1483 ,
1297 1433 1338 1471 &

286 1483 626 1543 {ordinationibus
641 1516 655 1544 2
679 1501 724 1536 ac
741 1489 914 1539 statutis
929 1517 943 1541 ,
960 1490 998 1536 &
1016 1489 1336 1535 Consuetudini-
1385 1519 1388 1522 «

1399 1309 1612 1364 Exemplar
1626 1312 1669 1352 in
1677 1319 1854 1366 pergam.
1872 1309 1995 1351 Auth.
2010 1313 2054 1354 in
2069 1312 2241 1354 Archivo
2257 1313 2444 1356 Generali

1456 1368 1613 1410 Ordim's
1645 1374 1808 1415 Armar.
1840 1369 2040 1412 Authent.
2070 1375 2114 1413 in
2136 1368 2283 1431 sasit'c.
2311 1374 2443 1429 collig-

1455 1441 1560 1471 num.
1590 1441 1658 1485 34.

1018 1645 1087 1710 N
1179 1630 1288 1710 ”0
1422 1647 1486 1709 T
1615 1648 1715 1708 A.

288 1776 369 1866 C
384 1780 464 1817 UM
478 1779 520 1815 ad
533 1779 619 1817 hanc
632 1780 927 1822 Constitutionem
947 1779 1095 1818 succeffu
1122 1778 1287 1828 temporis
1301 1780 1403 1829 pieni·
1416 1802 1428 1822 ‚
1452 1790 1524 1816 non
1539 1779 1687 1826 amplius
1700 1780 1930 1818 attenderetur
1942 1804 1956 1824 ‚
1978 1778 2013 1814 8(
2028 1786 2096 1814 tarn
2114 1778 2199 1817 RR.
2218 1779 2286 1817 PP.
2304 1781 2441 1821 Minimi

397 1829 501 1865 libere
518 1829 718 1876 Capueinos
734 1832 920 1879 reciperent
934 1853 947 1875 ,
960 1831 995 1866 8<
1009 1830 1184 1877 capucini
1201 1829 1303 1869 libere
1316 1830 1360 1865 ad
1372 1829 1451 1865 illos
1467 1827 1656 1871 transirent,
1667 1840 1785 1867 contra
1799 1829 1878 1867 illos
1891 1855 1903 1874 ‚
1918 1831 1953 1867 8<
1969 1828 2067 1871 istoS,
2080 1827 2151 1885 duo
2164 1829 2239 1866 Sac.
2253 1830 2434 1877 Congreg,

287 1868 519 1962 {zeguiarium
535 1877 602 1914 &c.
619 1879 770 1917 Decreta
779 1881 978 1918 emanarunt
993 1903 1004 1914 .
1030 1881 1101 1917 Pro
1116 1877 1228 1927 primo
1240 1903 1253 1923 ‚
1281 1888 1400 1915 contra
1417 1875 1544 1924 primos
1556 1901 1569 1921 ,
1595 1878 1634 1917 P.
1650 1875 1858 1916 Procurator
1873 1878 2019 1919 Ordinis
2029 1875 2133 1912 nostri
2144 1900 2159 1922 ‚
2172 1877 2253 1916 fe‘cit
2265 1878 2438 1920 instantias

304 1936 468 1973 equentes
483 1949 494 1965 .

816 2017 1144 2079 Illustriffimi,
1183 2018 1231 2070 ὅ(
1266 1996 1646 2071 Reverendiffimi
1683 2019 1910 2069 Domini.

272 2122 360 2215 P
377 2125 579 2168 Rocurator
593 2125 657 2164 FF.
677 2126 933 2174 Capucinorum
945 2155 958 2175 ,
967 2129 1142 2180 supplicat
1158 2129 1474 2168 ‘Dominationibus
1488 2126 1615 2180 Vestris
1629 2127 1852 2180 Illustriffimis
1868 2153 1882 2175 ‚
1893 2140 2062 2178 qnatenus
2075 2126 2265 2176 dignentur
2280 2130 2440 2178 expedire,

286 2186 288 2189 ⁴
390 2174 524 2222 causam
547 2186 667 2213 contra
688 2175 752 2214 FF.
779 2179 820 2218 S.
840 2178 1017 2225 Francifci
1039 2181 1082 2217 de
1102 2178 1241 2224 Paula,
1267 2180 1310 2221 (θ’
1336 2178 1401 2218 FF.
1420 2177 1634 2228 Reformatos
1652 2178 1881 2227 obversantem
1897 2204 1910 2223 ‚
1928 2180 1971 2221 ὠ·
1993 2189 2063 2217 tam
2084 2177 2188 2226 juxta
2202 2178 2336 2217 Motum
2358 2187 2438 2228 pro-

279 2225 401 2274 prium
416 2223 488 2260 Pie·
504 2221 547 2261 V.
561 2225 679 2262 Sana.
698 2226 803 2264 ΜΨ.
819 2227 922 2275 ᾳιιὰηι
933 2221 1004 2264 alia
1018 2253 1031 2271 ‚
1048 2229 1236 2276 Capucinis
1247 2226 1392 2278 conceffit
1398 2227 1588 2276 privilegia
1604 2227 1784 2272 ordinare,
1799 2240 1840 2264 ne
1853 2226 1917 2266 FF.
1936 2226 2082 2265 Paulini
2094 2251 2108 2270 ‚
2121 2225 2164 2266 (θ’
2176 2224 2370 2275 Reformati
2385 2240 2437 2264 re-

280 2273 422 2322 cipiant
434 2271 592 2356 dess'fiep‘
610 2273 655 2310 ad
669 2273 807 2359 {llorfum
820 2276 974 2316 Ordines
994 2277 1189 2325 Capucinos
1203 2299 1215 2322 ,
1225 2280 1346 2325 prouti
1353 2278 1455 2326 prius
1468 2289 1543 2313 cum
1552 2277 1663 2326 gravi
1673 2276 1926 2326 Gapucinorum
1933 2275 2134 2327 praejudicio
2146 2286 2198 2310 eos
2213 2286 2414 2325 receperunt
2423 2302 2435 2313 .

301 2321 305 2330 ·’
589 2333 649 2358 uas
687 2333 718 2359 ta
759 2325 808 2360 uit
820 2325 1029 2361 deci-etatum
1047 2351 1056 2361 .
1280 2336 1283 2341 ’
1383 2348 1385 2351 -

384 2369 536 2408 Auditis
555 2332 595 2406 iit
617 2372 730 2407 Sacra
757 2372 988 2420 Regularium
1006 2375 1285 2423 Gongregationef
1304 2374 1490 2422 partibus,
1515 2374 1797 2425 ‘Decretumf'uit
1810 2398 1824 2420 ,
1839 2373 2051 2425 servandam
2060 2369 2164 2425 fuiffe
2177 2397 2190 2419 ‚
2214 2373 2258 2417 (ξ’
2281 2371 2340 2427 effic
2355 2374 2438 2422 ,Bab

285 2416 352 2459 Iam
364 2419 426 2462 Pii
439 2415 482 2457 V.
499 2418 540 2457 S.
555 2418 691 2459 Mem.
703 2419 746 2456 de
760 2433 828 2471 qua
835 2421 944 2470 supra
957 2446 967 2459 .
981 2420 1083 2460 XIV.
1103 2423 1195 2474 qun.
1214 2424 1270 2462 M.
1281 2424 1329 2462 D.
1342 2422 1590 2464 LXXXVIII.
2088 2472 2097 2481 ⁸

458 2495 461 2499 '
588 2492 595 2500 ’
1718 2472 1844 2519 Card.
1875 2470 2174 2519 Alexandrinus
2188 2501 2201 2514 .

579 2526 692 2564 Locus
706 2533 738 2568 ᾧ
751 2527 869 2577 sigilli
884 2551 896 2566 .

401 2663 559 2704 Contra
573 2662 804 2723 Capucinos
818 2662 920 2721 ipsos
935 2673 1071 2707 autem
1086 2693 1099 2716 ‚
1115 2664 1155 2707 in
1171 2663 1249 2708 alia
1265 2693 1279 2717 ,
1304 2666 1343 2707 δε
1355 2664 1580 2721 posteriore
1597 2667 1930 2721 Congregatione
1953 2667 2027 2710 fuit
2045 2668 2101 2709 ita
2115 2665 2292 2709 decisum
2307 2673 2324 2708 .'

289 2792 292 2802 .
343 2758 394 2798 N
400 2761 511 2802 Sacra
523 2758 754 2809 Regularium
767 2762 1038 2811 Congregatione
1063 2763 1141 2800 ΙεΕἶο
1160 2762 1346 2813 libellosup
1370 2762 1431 2799 lici
1459 2762 1568 2800 oblato
1581 2788 1595 2809 ‚
1620 2765 1755 2802 nomine
1775 2766 1883 2802 totius
1895 2763 2046 2803 Familia.»
2057 2762 2222 2801 Fratrum
2240 2764 2435 2813 Capacino-

356 2821 434 2846 rum
448 2811 727 2857 conquerentium
736 2835 750 2856 ‚
764 2811 853 2859 quod
863 2812 1078 2860 quamplures
1090 2813 1234 2863 ejusdem
1240 2813 1330 2862 fami
1345 2814 1386 2849 iae
1400 2809 1540 2858 Fratres
1551 2838 1565 2858 ,
1581 2824 1648 2848 non
1669 2823 1723 2848 tne
1735 2824 1859 2860 magna
1872 2811 2069 2862 Religionis
2070 2812 2184 2862 statiis
2192 2814 2433 2861 perturbatio-

282 2852 328 2894 'ne
341 2883 354 2902 ,
368 2868 407 2894 ac
419 2867 538 2894 contra
547 2857 696 2905 formam
710 2883 723 2903 ‚
739 2860 783 2901 ᾤ’
793 2870 944 2898 tenorem
957 2861 1108 2901 motus
1120 2861 1255 2911 proprii
1270 2874 1337 2898 rec.
1344 2860 1407 2910 fel.
1424 2861 1486 2899 Pii
1497 2861 1608 2910 ‘Papae
1656 2859 1738 2907 ‚snb
1751 2860 1825 2898 dat.
1838 2860 1952 2898 Romae
1963 2861 2057 2910 apud
2067 2862 2107 2899 S.
2121 2861 2266 2900 Petrum
2271 2862 2341 2910 sub
2358 2864 2435 2900 An-

280 2906 365 2946 51qu
379 2907 565 2955 Piscatoris
581 2907 636 2944 die
651 2905 712 2944 VI.
725 2907 881 2945 Oezobris
895 2909 1155 2949 MD.LXVII.
1171 2921 1212 2947 ex
1233 2910 1321 2947 editi
1332 2935 1346 2955 ,
1360 2921 1490 2947 necnon
1505 2910 1649 2947 Decreta·
1663 2910 1779 2948 Sacrae
1795 2911 2081 2958 Congregationis
2088 2909 2254 2958 praedifzae
2270 2912 2436 2957 manati,

273 2956 344 3007 sub
359 2956 416 2991 die
431 2954 489 2991 XI
490 2953 532 2992 V-
550 2954 660 3003 ‘Junli
673 2955 758 2995 M
774 2958 822 2995 D.
836 2957 1083 2996 LXXXVIII.
1113 2960 1156 3002 ἐς·
1180 2972 1201 2995 a
1216 2961 1328 2996 iorum
1341 2958 1434 2996 diezae
1451 2957 1645 3007 Religionis
1663 2957 1932 3006 privilegiorum
1944 2983 1958 3004 ,
1983 2959 2028 2995 ad
2043 2959 2214 2996 Ordinem
2230 2958 2432 2997 Fratrum-o

280 3006 323 3047 S.
337 3003 513 3052 Francisci
528 3005 569 3046 de
582 3004 696 3044 Paula
710 3005 940 3054 Minimorum
955 3018 1230 3058 nuncupatorum
1234 3009 1273 3058 fi’
1294 3006 1547 3057 transtulerunt
1561 3032 1574 3052 ,
1595 3007 1639 3049 ὠ·
1652 3007 1804 3055 quotidie
1817 3008 1999 3056 transeunt
2012 3033 2026 3052 ,
2042 3009 2085 3050 &⁶
2098 3010 2137 3043 in
2154 3019 2193 3044 eo
2211 3031 2224 3052 ,
2260 3018 2405 3045 raetextn
2419 3022 2434 3057 ᾗ

280 3053 372 3103 quod
383 3053 436 3092 ibi
442 3052 592 3102 Jlric‘iior
608 3055 726 3102 vigeat
743 3055 782 3090 ob
798 3058 975 3100 ervanfia,
989 3060 1116 3106 recepti
1122 3058 1275 3107 fuerunt
1285 3084 1300 3104 ‚
1314 3058 1357 3100 ὠ·
1368 3059 1408 3093 in
1420 3057 1491 3103 dies
1508 3057 1726 3104 recipiuntur
1740 3068 1750 3090 ε
1766 3054 1870 3100 misti,
1888 3057 1932 3098 (ς’
1943 3054 2029 3092 Κίῆὶ
2041 3056 2125 3093 DD.
2144 3056 2217 3093 Car
2243 3056 2354 3092 inales
2367 3058 2433 3094 Sa-

282 3114 352 3144 crae·
364 3096 651 3151 congregationis
658 3102 769 3150 praedi
799 3116 824 3140 ae
836 3104 1007 3153 Praefessli,
1019 3107 1145 3156 utrius
1158 3118 1200 3143 ue
1215 3105 1411 3154 Religionis
1424 3105 1548 3154 quieti,
1561 3105 1604 3146 ὠ·
1610 3106 1691 3153 paci
1703 3115 1765 3140 con
1780 3104 1875 3141 alere
1892 3103 2043 3141 volentes
2057 3129 2070 3149 ,
2082 3114 2219 3141 matura
2223 3104 2331 3154 super
2340 3113 2429 3154 prae·

280 3150 378 3202 miffis
391 3149 512 3188 habita
526 3149 801 3199 consideratione,
813 3153 1033 3191 Auffloritate
1046 3156 1126 3204 Apo
1153 3154 1252 3200 alica,
1265 3155 1373 3192 eidem
1386 3154 1654 3203 Congregationi
1667 3152 1688 3189 ἃ
1699 3154 1739 3190 S.
1792 3179 1802 3189 .
1814 3151 1868 3192 Ν.
1883 3154 2050 3201 Gregorii
2064 3150 2165 3190 XIV.
2180 3151 2325 3204 concessa
2340 3178 2354 3198 ,
2377 3154 2433 3190 de·

281 3204 471 3238 creverunt
483 3211 495 3240 ς
512 3199 726 3248 quoscunque
739 3197 880 3237 Fratres
897 3202 1089 3250 Capucinos
1102 3203 1261 3241 hafienus
1275 3201 1510 3252 adsecundam
1522 3201 1644 3238 dietam
1657 3200 1872 3250 Religionem
1885 3201 2085 3246 translatos,
2102 3202 2146 3244 ὠ·
2159 3210 2308 3250 receptos
2322 3226 2336 3246 ,
2361 3203 2432 3240 in.»

282 3247 397 3285 eadem
410 3257 488 3284 tuta
511 3248 717 3297 conscientia
724 3249 947 3299 perseverare
956 3275 972 3296 ,
997 3251 1040 3292 ὠ·
1064 3251 1084 3288 ἃ
1099 3254 1232 3289 nemine
1243 3252 1307 3290 hae
1317 3253 1491 3290 duntaxat
1502 3250 1544 3289 de
1561 3250 1661 3300 causa
1671 3249 1836 3301 molestari
1843 3249 1928 3302 poffe
1944 3276 1954 3286 .
1979 3250 2117 3301 Posthac
2131 3260 2258 3295 autem,
2271 3263 2432 3288 memora-

285 3307 360 3335 tum
374 3297 435 3335 Pii
447 3295 491 3335 V.
510 3297 650 3355 Motum-
653 3299 833 3346 proprium
849 3322 862 3342 ‚
876 3297 944 3346 sub
955 3307 1053 3346 poena
1064 3300 1327 3348 transeuntibus
1337 3326 1351 3346 ‚
1374 3301 1418 3344 ὠ·
1433 3299 1508 3336 illos
1522 3300 1766 3404 rav-beientibus
1779 3324 1792 3345 ‚
1811 3300 2022 3348 privationis
2037 3311 2053 3335 o
2105 3300 2216 3336 iorum
2229 3324 2243 3343 ,
2270 3300 2313 3342 ὼ·
2336 3301 2431 3339 vocis

284 3345 402 3383 afilivae
415 3369 428 3388 ‚
443 3346 624 3396 &paffivae
635 3358 674 3382 m
683 3354 744 3393 per
768 3356 883 3384 etuum
897 3346 964 3395 ipso
991 3346 1060 3383 aflo
1072 3350 1285 3385 incurrenda
1295 3375 1309 3394 ,
1325 3348 1539 3400 servandum
1553 3360 1570 3384 e
1595 3361 1612 3386 e
1626 3371 1640 3394 ,
1653 3348 1844 3399 &servari
1856 3347 1977 3388 debere
1990 3373 2001 3385 .
2065 3348 2307 3399 uibuscumque
2330 3361 2430 3389 non.»

286 3391 490 3440 obstantibus
505 3420 514 3431 .
543 3394 625 3432 ‘Dte
642 3394 723 3431 XX
757 3394 803 3446 II.
818 3395 914 3433 Maii
971 3420 980 3431 .
995 3395 1042 3432 D.
1057 3396 1290 3436 LXXXXV.

515 3487 560 3528 F.
594 3484 774 3530 Michael
805 3484 996 3529 Bonellus
1031 3485 1156 3530 Card.
1188 3486 1310 3532 Alex.

1891 3546 2015 3596 Georg.
2028 3546 2178 3587 Palear.
2194 3549 2326 3589 Secret.

405 3645 616 3704 Utriusque
628 3649 741 3708 hujus
758 3655 920 3696 Decreti
930 3654 1171 3710 exemplaria
1184 3655 1424 3702 Authentica
1437 3669 1523 3701 cum
1536 3657 1626 3701 aliis
1637 3657 1887 3702 nocumentis

460 3708 503 3747 t‘n
523 3707 642 3751 Arch.
653 3715 750 3754 Gen.
767 3713 864 3757 Orda
878 3716 981 3758 Tam.
994 3716 1041 3757 Ε.
1055 3726 1160 3756 num.
1174 3726 1246 3769 40·

2262 3890 2363 3934 Viva
2420 3884 2421 3887 ¹
