2658 4244
323 232 474 317 146

251 392 411 436 indietis
443 392 494 435 ad
530 396 668 437 Deum
699 394 886 451 precibus
919 423 934 446 ,
976 401 1239 451 secretario,
1262 402 1299 442 &

252 452 629 496 vice-Promotore
644 453 760 499 Fidei
775 453 925 500 auditis
941 484 956 509 ,
978 458 1146 512 praesens
1162 463 1300 502 Cano-

248 511 471 555 nizationis
490 516 713 558 Decretum
729 513 918 571 expediri
946 518 1183 565 mandavit.
1212 520 1300 563 Hac

250 569 319 615 die
347 585 476 618 νιιι.
509 571 614 616 Maii
638 586 840 620 Mocctx.

390 690 443 740 C.
458 689 589 742 Card.
613 691 838 764 Carpineus
860 730 872 746 .

307 810 443 854 Locus
462 807 515 862 »Β
531 809 668 871 Sigilli
683 841 698 860 ο

775 877 824 916 Β.
849 872 1071 927 lnghae'ramt‘
1098 876 1185 917 sac.
1215 875 1301 917 Rit.

885 936 1075 988 Congreg.
1095 936 1239 977 Secrct.

309 1022 663 1078 Exempl.Auth.in
678 1023 989 1082 Arch.gcn.0rd.
1007 1025 1167 1070 Tom.H.
1181 1033 1296 1076 ⁷134·

1153 1164 1268 1183 ὴ

439 1255 1097 1302 DECRETO.

246 1343 606 1397 «Eminentiffimi
634 1347 826 1397 Domini
862 1344 1048 1395 Nicolai
1079 1347 1302 1400 Cardina·

285 1414 342 1462 li's
363 1417 591 1480 Acciajoli
624 1416 817 1468 Ordinis
838 1415 1118 1469 Protectoris
1149 1419 1301 1472 decla-

284 1498 413 1534 ratur
437 1520 454 1544 ,
488 1488 568 1539 illa
598 1485 858 1538 nostrarum
899 1484 1298 1542 Constitutionum

282 1554 454 1607 verba:
474 1557 586 1625 quod
599 1558 757 1609 Clerici
782 1557 840 1607 ad
855 1554 1060 1605 Habitum
1075 1562 1299 1626 recipiendi

285 1634 554 1676 communiter
569 1627 720 1677 habere
737 1627 910 1676 debeant
921 1642 1037 1675 xvn.
1053 1643 1178 1676 annos
1195 1649 1300 1679 com·

277 1695 418 1759 pleros
444 1731 460 1753 ,
486 1696 638 1745 taliter
652 1696 816 1745 debere
831 1694 1026 1761 intelligi
1046 1731 1063 1752 ,
1092 1700 1204 1746 utin
1224 1700 1306 1747 ali-

285 1780 379 1830 quo
408 1763 511 1815 casu
537 1766 804 1832 particulari
826 1766 962 1815 liceat
993 1781 1069 1815 eos
1098 1770 1306 1837 recipere

285 1847 391 1884 ante
409 1854 579 1888 annum
598 1853 715 1889 xv11.
736 1839 1025 1912 completum
1043 1873 1056 1888 .

283 1982 363 2025 Nos
394 1982 585 2025 Nicolam
606 1985 760 2027 Divina
791 1984 1053 2043 Misi-ratione
1080 1985 1284 2043 Epssopur

335 2039 556 2096 Portucnfis
570 2044 608 2082 S.
624 2044 674 2084 R.
688 2045 735 2086 Ε.
748 2045 974 2089 cardinalis
990 2043 1235 2102 Acciajolus,

393 2100 444 2148 θ’
469 2099 578 2154 apud
589 2103 632 2142 S.
646 2101 780 2144 Sedem
798 2105 957 2147 Ordim's
979 2109 1175 2150 Fratrum

454 2160 664 2202 Minor-um
692 2164 732 2201 S.
749 2163 953 2220 Francffci
982 2168 1114 2219 Capu-

563 2219 740 2263 cinorum
766 2221 967 2268 Prota-&or
980 2252 993 2268 .

380 2336 421 2378 D
435 2331 658 2390 supplicem
682 2337 890 2382 Libellum
907 2339 1156 2384 sanctissimo
1184 2340 1239 2380 D.
1256 2341 1313 2381 N·

410 2395 693 2450 praesentatum
721 2395 743 2437 a
771 2397 851 2440 PP.
869 2398 1053 2442 Ministro
1081 2396 1312 2449 Generali,

252 2455 538 2497 Procuratore
554 2454 750 2497 Generali
771 2482 785 2504 ,
803 2456 842 2496 &
857 2469 935 2509 pro
951 2466 1066 2510 parte
1084 2456 1211 2497 totius
1228 2457 1313 2495 De·

253 2510 451 2555 finitionis
466 2510 681 2553 Generalis
698 2539 712 2561 .‚
746 2512 828 2556 imo
843 2514 1008 2558 nomine
1025 2515 1151 2556 totius
1166 2516 1313 2556 Gene-

253 2570 354 2613 ralis
380 2569 566 2626 Capituli
598 2569 766 2614 Ordinis
785 2573 1095 2628 Capucinorum
1125 2573 1165 2616 in
1191 2571 1312 2619 Alma

252 2629 373 2673 Urbe
386 2629 860 2684 congregati,humiliter
869 2631 1207 2690 supplicantium,
1215 2644 1313 2688 qua·

251 2699 375 2731 tenus
404 2687 604 2729 sanctitas
634 2690 714 2730 Sua
739 2690 978 2745 dignaretur
1015 2691 1218 2736 reducere
1257 2688 1310 2735 ad

253 2757 446 2789 tenorem
459 2744 808 2792 Constitutionum
822 2751 1013 2801 Ordinis,
1027 2761 1188 2794 aetatem
1205 2748 1310 2794 Cle-

255 2805 440 2848 ricorum
456 2803 497 2846 in
517 2804 726 2859 pristinum
751 2808 790 2850 in
809 2808 920 2851 dieto
933 2806 1092 2852 Ordine
1107 2810 1312 2865 recipien-

255 2863 401 2906 dorum
419 2891 433 2916 ,
456 2875 535 2905 non
550 2863 733 2909 obstante
746 2868 935 2912 ,Decreto
951 2870 992 2910 S.
1008 2869 1313 2926 Congregatio-

256 2923 317 2967 nis
342 2922 459 2978 super
476 2924 591 2964 Statu
610 2925 880 2980 Regularium
898 2926 1014 2970 edito
1035 2926 1104 2970 die
1133 2939 1200 2972 vr.
1223 2930 1312 2970 De—

256 2982 437 3027 cembris
452 2981 562 3023 Anni
583 2997 779 3029 Mncxcr.
807 2987 963 3029 Placuit
989 2987 1202 3031 Sanetitati
1225 2988 1314 3031 Suae

257 3041 395 3084 nostro
418 3039 591 3082 arbitrio
607 3067 621 3091 ,
650 3044 690 3086 δε
704 3045 927 3098 prudentia:
942 3048 1206 3092 committere
1221 3075 1236 3096 ,
1264 3055 1314 3087 ut

257 3099 299 3142 id
320 3099 536 3142 statuamus
551 3126 567 3149 ,
594 3101 707 3155 quod
734 3117 810 3157 pro
829 3102 1086 3149 observantia
1103 3105 1313 3149 Constitu-

257 3160 421 3201 tionum
435 3157 530 3200 dicti
546 3158 712 3206 Ordinis
728 3189 743 3211 ,
771 3165 896 3219 magis
921 3165 960 3206 in
981 3165 1160 3209 Domino
1185 3177 1313 3220 expe-

261 3218 356 3260 dire
372 3215 643 3260 censuerimus
665 3249 676 3264 .
702 3222 811 3262 Cum
833 3236 936 3277 ergo
951 3239 1022 3278 per
1039 3224 1314 3267 Constitutio-

258 3291 329 3324 nes
355 3275 521 3320 OrdInis
536 3305 551 3331 ,
577 3276 620 3322 ut
647 3279 690 3322 in
718 3278 886 3326 Libello
909 3281 1039 3326 citato
1066 3281 1311 3338 praefertur,

982 3462 1256 3532 No

920 221 1082 310 Sub
1141 222 1526 310 Clemente
1585 222 1724 314 XI.

252 338 306 378 D.
322 340 378 383 Ν.
395 334 591 377 Clemens
608 335 717 391 Papa
733 334 773 376 X
780 335 814 376 1.
834 335 954 380 enixe
972 349 1092 382 antea
1111 337 1202 384 susis
1219 370 1232 393 ,
1262 343 1302 383 &
1322 359 1329 362 ·

1363 351 1528 385 cautum
1544 338 1670 385 fuerit
1689 370 1702 391 ,
1727 336 1835 394 quod
1855 334 2090 386 Novitii,ad
2108 339 2300 383 Habitum
2322 344 2405 386 Cas

1361 401 1601 456 pucinorum
1634 403 1672 442 in
1712 411 1884 442 numero
1911 395 2172 439 Clericorum
2209 401 2407 456 recipien-
2438 409 2441 412 “

1361 458 1434 509 di,
1464 459 1664 502 deberent
1693 471 1836 501 annum
1865 456 1991 498 aetatis
2013 467 2115 496 xvii
2137 462 2405 502 communiter

1361 517 1623 573 complevisse
1641 549 1654 573 ‚
1682 519 1736 559 ita
1761 547 1775 567 ,
1807 526 1853 558 ut
1882 528 1933 556 ex
1963 514 2076 556 dictis
2106 515 2244 557 verbis
2275 517 2402 561 adhue

1363 576 1540 619 dabatur
1570 577 1682 620 locus
1719 576 1918 632 aliquibus
1950 571 2179 629 hujusmodi
2207 573 2405 628 recipien-

1364 633 1426 676 dis
1445 663 1458 687 ,
1488 636 1557 694 qui
1582 637 1728 678 dietam
1755 645 1912 678 aetatem
1949 632 2131 676 nondum
2160 630 2406 688 attigissent,

1362 702 1409 737 ut
1458 697 1496 736 in
1539 695 1694 740 cafibus
1745 692 2057 749 particularibus
2099 690 2175 735 fuit
2219 692 2409 736 observa·

1365 761 1489 806 tum;
1516 755 1791 798 Nihilominus
1821 751 1947 796 visum
1976 751 2053 794 fuit
2082 749 2252 807 praefatae
2281 753 2412 792 Sacrae

1363 812 1686 870 Congregationi
1720 813 1772 856 de
1790 827 1893 854 anno
1917 825 2115 867 mncxct.
2141 825 2211 854 vr.
2228 813 2409 852 Decem-

1363 868 1446 910 bris
1461 870 1591 925 dignis
1608 883 1704 914 tunc
1718 870 1771 912 de
1793 874 1915 914 causis
1931 871 2158 914 decernere
2173 899 2188 922 ,
2213 884 2264 911 ne
2286 870 2326 910 in
2343 883 2415 924 po-

1363 925 1513 967 sterum
1528 929 1636 972 ullus
1654 930 1846 973 Novitius
1861 931 2051 974 Clericus
2067 927 2116 971 ad
2134 928 2337 972 Habitum
2357 926 2419 970 as-

1361 982 1590 1028 sumeretur
1608 987 1709 1041 „qui
1724 1000 1802 1028 non
1819 987 2090 1044 compleverit
2105 1001 2180 1030 xvi
2196 1002 2228 1030 ι.
2248 989 2415 1029 Annum

1366 1041 1441 1088 suae
1458 1044 1586 1088 aetatis
1602 1072 1616 1095 ,
1630 1042 1700 1087 sub
1713 1045 1846 1097 poenis
1875 1049 1913 1087 in
1938 1047 2047 1088 dicto
2064 1048 2252 1088 Decreto
2281 1061 2414 1088 enun-

1362 1103 1477 1147 ciatis
1495 1135 1506 1142 .
1530 1107 1721 1158 Cumque
1734 1102 1881 1145 exinde
1900 1103 2078 1160 plurium
2102 1118 2299 1147 annorum
2315 1119 2413 1147 cur-

1364 1161 1496 1204 riculo
1507 1189 1521 1213 ,
1534 1160 1791 1216 experientia
1810 1162 1909 1204 teste
1931 1173 2192 1217 compertum
2204 1162 2248 1205 fit
2267 1192 2282 1214 ,
2297 1178 2416 1206 nom

1363 1220 1570 1266 modicum
1585 1231 1803 1269 exortum,
1828 1220 1921 1265 &in
1947 1221 2036 1263 dies
2062 1223 2214 1265 exoriri
2244 1223 2323 1263 toti
2338 1224 2418 1262 Or-

1359 1280 1445 1323 dini
1477 1279 1674 1323 damnum
1701 1292 1753 1323 ex
1781 1278 1849 1321 tali
1881 1280 2165 1331 restrictione3
2196 1282 2418 1334 Cumque,

1360 1354 1446 1396 quae
1460 1339 1513 1382 de
1528 1353 1642 1383 novo
1659 1349 1875 1395 emergunt
1892 1367 1906 1389 ,
1929 1352 2040 1381 novo
2057 1348 2207 1393 egeant
2224 1337 2389 1381 consilio
2400 1351 2416 1390 3

1363 1399 1531 1445 Idcirco
1549 1401 1635 1441 Nos
1655 1399 1811 1440 virtute
1839 1396 2071 1448 facultatis,
2098 1399 2138 1441 &
2168 1396 2418 1439 auctoritatis

1361 1459 1383 1499 a
1407 1456 1652 1501 Sanctiffimo
1675 1457 1856 1499 Domino
1881 1456 1919 1498 in
1939 1458 2013 1499 hac
2036 1466 2154 1512 parte
2184 1454 2418 1510 specialiter

1362 1517 1491 1558 Nobis
1505 1516 1711 1559 attributae
1725 1543 1738 1569 ,
1764 1525 1808 1556 ut
1824 1515 1920 1559 dicu·
1945 1515 2110 1559 Ordinis
2126 1514 2417 1565 indemnitati,

1361 1572 1560 1630 quantum
1592 1571 1824 1629 poffumuS,
1855 1573 1896 1615 in
1924 1574 2104 1616 Domino
2134 1572 2386 1616 consulamus
2404 1599 2420 1622 ,

1365 1631 1629 1687 ejusdemque
1643 1632 1785 1687 majori
1802 1634 1908 1674 bono
1922 1632 2211 1688 prospiciamus
2226 1660 2239 1682 ,
2264 1633 2419 1675 Harum

1366 1687 1469 1732 serie
1487 1717 1502 1739 ,
1532 1689 1572 1728 δι
1592 1698 1739 1729 tenore
1754 1688 2013 1729 decernimus
2028 1718 2043 1739 ,
2068 1691 2106 1729 ὃς
2121 1689 2384 1731 declaramus
2400 1716 2416 1740 ,

1368 1746 1720 1787 Constitutionem
1752 1742 1983 1799 praedictam
2013 1744 2092 1786 effe
2124 1747 2165 1785 in
2182 1746 2418 1799 posterum»

1366 1803 1661 1848 observandam
1684 1802 1818 1858 quoad
1835 1812 1995 1846 aetatem
2029 1803 2293 1846 Clericorum
2311 1804 2424 1846 reci-

1369 1863 1615 1920 piendorum
1632 1863 1680 1906 ad
1703 1862 1904 1906 Habitum
1922 1891 1938 1914 ,
1970 1863 2070 1906 ficut
2097 1873 2194 1905 ante
2215 1862 2422 1918 praefatum

1369 1925 1604 1967 Decretum
1624 1921 1702 1964 fuit
1735 1921 1994 1965 observatum
2020 1919 2243 1964 secundum
2270 1922 2420 1965 verbo-

1373 1995 1464 2025 rum
1491 1980 1579 2035 ejus
1606 1990 1795 2024 tenorem
1812 2007 1827 2029 ,
1845 1977 2129 2023 universaliter
2143 1989 2352 2034 receptum
2380 1981 2420 2020 in

1374 2040 1484 2083 dieto
1498 2039 1656 2082 Ordine
1674 2066 1688 2089 ,
1715 2039 1755 2078 δε
1783 2036 2029 2080 naturaliter
2056 2036 2337 2079 intellectum:
2369 2036 2419 2079 1d

1372 2098 1429 2143 est
1454 2099 1631 2144 habeant
1658 2096 1931 2141 communiter
1956 2098 2098 2138 Annos
2122 2096 2414 2151 septendecim

1373 2162 1418 2205 ut
1444 2158 1666 2214 plurimum
1692 2155 1920 2215 completos
1935 2181 1950 2205 2
1980 2155 2020 2196 &
2034 2167 2116 2197 non
2132 2155 2314 2199 obstante
2329 2158 2416 2197 De-

1374 2228 1494 2264 creto
1521 2216 1710 2277 praedicto
1728 2218 1822 2258 Dat.
1849 2227 1921 2259 vt.
1946 2214 2187 2259 Decembris
2216 2228 2415 2259 mncxct.

1374 2277 1517 2332 poffint
1559 2276 1683 2332 aliqui
1716 2273 1864 2319 Indole
1888 2301 1904 2324 ,
1946 2273 2124 2316 Scientia
2145 2301 2160 2324 ,
2190 2274 2378 2317 Moribus
2398 2302 2415 2324 ,

1374 2338 1546 2380 Virtute
1583 2365 1599 2389 ,
1644 2337 1829 2379 Fervore
1870 2330 2043 2388 Spiritus
2084 2330 2379 2389 spectabiliores
2399 2359 2414 2382 ,

1374 2395 1443 2451 qui
1475 2406 1598 2436 xv11.
1636 2406 1786 2435 annum
1824 2405 1907 2434 non
1941 2392 2157 2447 attigerint
2181 2421 2196 2443 ,
2225 2391 2274 2433 ad
2291 2391 2418 2434 Habi-

1373 2464 1463 2494 tum
1491 2450 1742 2508 probationis
1765 2449 1955 2501 admitti,
1977 2450 2201 2493 dummodo
2224 2450 2267 2492 id
2295 2464 2409 2492 non-³

1374 2511 1444 2555 fiat
1468 2510 1744 2552 communiter
1761 2537 1776 2561 ,
1806 2511 1847 2550 &
1868 2508 2072 2552 ordinarie
2086 2539 2098 2550 .
2129 2512 2183 2551 Et
2200 2509 2250 2551 fic
2264 2509 2415 2551 decer-

1371 2570 1502 2615 nimus
1516 2598 1532 2620 ‚
1554 2570 1596 2609 ὅ(
1611 2567 1863 2612 declaramus
1874 2596 1888 2617 ,
1913 2568 1954 2607 &
1967 2582 2042 2622 pro
2056 2567 2236 2609 decretis
2248 2595 2263 2618 ,
2289 2568 2327 2607 &
2342 2565 2416 2607 de-

1371 2627 1534 2673 claratis
1556 2627 1699 2671 haberi
1715 2625 1901 2668 volumus
1927 2626 2030 2675 hoc,
2062 2627 2100 2667 &
2117 2627 2228 2668 omni
2254 2624 2415 2667 meliori

1371 2688 1494 2731 modo
1515 2690 1592 2730 &c-
1614 2689 1767 2729 Datum
1781 2686 1922 2731 Romae
1939 2685 1982 2727 in
2001 2684 2140 2728 nostro
2164 2684 2322 2731 Palatio
2341 2682 2414 2730 die

1373 2747 1528 2808 x.Julii
1551 2759 1746 2791 mocctx.

1491 2882 1545 2927 N.
1574 2879 1778 2986 Essssopgs
1800 2877 2014 2936 Portuenst's
2047 2879 2165 2924 Card,
2193 2879 2411 2938 Acciajolus

1636 2951 1719 2986 rote
1761 2954 1804 2983 or
1817 2968 1830 2980 .

1374 3080 1505 3125 Locus
1522 3073 1579 3135 ›1‹
1595 3070 1729 3131 Sigilli
1743 3099 1757 3112 .

1433 3215 1590 3268 origin.
1616 3213 1658 3252 in
1674 3207 1844 3311 grchivo
1866 3207 2045 3264 generali
2066 3204 2222 3249 ordinis
2241 3207 2344 3250 Tom.
2361 3207 2412 3249 C.

1490 3285 1598 3320 num.
1625 3282 1666 3314 11
1704 3297 1715 3311 .

1358 3437 1455 3529 ‘T
1583 3457 1690 3524 A.

266 3624 338 3717 P
353 3630 430 3668 Ro
445 3628 508 3665 hac
519 3630 749 3672 declaratione
765 3658 779 3681 ‚
792 3644 860 3673 tam
870 3632 988 3681 quoad
1002 3632 1161 3670 Clericos
1171 3656 1184 3676 ‚
1195 3632 1299 3679 quam
1314 3631 1431 3680 quoad
1445 3631 1564 3668 Laicos
1577 3627 1730 3666 habenda
1742 3649 1756 3670 ,
1769 3622 1857 3682 faeta
1869 3621 1919 3663 ,est
1932 3619 2085 3678 instqmia
2102 3623 2201 3668 Papae
2216 3619 2235 3656 ὲ
2254 3618 2415 3678 [²²“3bffs

368 3679 527 3715 Ministro
538 3705 551 3724 ,
575 3683 608 3718 8<
629 3684 858 3721 Procuratore
873 3683 1105 3723 Generalibus
1121 3682 1182 3718 sub
1206 3680 1346 3718 nomine
1360 3681 1468 3717 totius
1481 3676 1640 3726 Capituli
1656 3674 1842 3713 Generalis
1860 3695 1875 3718 2
1899 3682 1960 3720 (1¹¹¹
1979 3670 2147 3707 labellum
2162 3669 2347 3717 sUPPhcem
2371 3666 2413 3702 ad

266 3727 331 3766 Em
340 3726 575 3765 inentiffimum
588 3731 809 3770 Cardiualem
824 3729 1061 3770 Prorefikorem
1075 3730 1201 3770 remisit
1214 3728 1439 3778 subsequenti
1452 3727 1611 3776 rescripto
1624 3749 1636 3763 .

362 3832 589 3885 ὃσηδῗξθῐιπιις
600 3838 719 3887 remisit
735 3840 782 3878 D.
795 3837 980 3879 Cardinali
989 3837 1180 3891 dcciajolo
1189 3838 1380 3882 Proteiiori
1395 3835 1543 3876 Ordinis
1557 3833 1825 3883 Capacinornm,
1835 3840 1876 3869 ut
1881 3838 1945 3880 pro
1947 3828 2012 3879 suo
2025 3829 2175 3868 arbitrio
2187 3850 2199 3869 ‚
2214 3821 2412 3872 &pruden-

2167 3875 2218 3912 tia
2231 3896 2245 3919 ,
2258 3871 2361 3920 firmo
