2658 4244
958 226 1147 320 Sub
1175 231 1487 322 ‘Urbana
1554 234 1650 321 V
1638 231 1789 320 Ill..

310 355 384 412 Ut
410 351 618 405 Minister
641 343 930 405 Provincialis
957 350 1210 399 Provinciae
1240 387 1256 409 ,
1290 353 1337 401 in

345 445 433 494 qua
450 431 498 478 P.
511 424 770 476 Ministrurn
781 421 1048 472 Generalem
1060 422 1181 494 mori
1197 422 1337 471 conti-

343 500 465 566 gerit
481 533 496 556 ,
530 498 658 558 hujus
673 506 865 554 mortem
878 494 926 541 P.
943 492 1233 541 Procuratori
1248 495 1340 542 Ge-

342 570 482 616 nerali
509 567 688 614 intimet
713 599 729 620 ‚
763 561 812 613 ἃ
832 561 988 630 sigilla
1017 579 1067 610 ac
1094 558 1334 629 scripturas

345 639 467 686 Patri
488 632 738 684 Diffinitori
754 666 771 689 ,
789 668 791 670 .
806 633 883 697 qui
911 632 1119 680 Vicarius
1139 634 1335 683 Genera-

338 709 394 758 lis
416 702 505 754 effe
541 702 671 751 debet
696 738 713 760 ,
752 698 1051 761 transmittat3
1079 704 1213 752 Pater
1230 705 1337 753 Pro-²

325 787 519 827 'curator
538 772 772 822 Generalis
789 768 902 819 vero
918 773 1186 842 Capitulum
1203 790 1336 842 gene-

339 838 431 896 rale
465 856 687 893 convocet
703 877 720 900 ,
755 839 975 911 approbat
994 877 1006 891 .

395 998 810 1056 URBANUS
849 996 1063 1046 PAPA
1099 999 1252 1048 VIII.

431 1185 434 1188 Α
483 1132 553 1177 Ad
557 1139 789 1188 perpetuam
800 1131 860 1174 rei
881 1131 1113 1173 Memoriam
1130 1157 1146 1172 .

353 1299 460 1339 Nter
476 1300 640 1336 caeteras
655 1293 893 1348 Apostolicae
906 1291 1182 1334 sollicitudinis
1196 1302 1330 1339 curas,

382 1353 521 1408 quibus
546 1353 796 1408 premimur,
819 1366 907 1393 eam
926 1381 943 1401 ,
966 1365 1042 1406 qua
1073 1349 1179 1390 istius
1205 1349 1328 1388 Ordi-

289 1416 353 1456 nis
379 1415 561 1453 Fratrum
591 1410 796 1451 Minorum
828 1412 868 1451 S.
886 1407 1083 1451 Francisci
1100 1406 1328 1460 Capucino-

286 1484 378 1512 rum
402 1477 728 1522 nuncupatorum
753 1465 862 1508 felici
876 1466 1061 1520 regimini
1075 1463 1293 1506 consulitur
1308 1490 1324 1514 ‚

283 1527 464 1571 libenter
488 1525 791 1580 amplefitimur‚
816 1526 855 1565 ὃς
882 1539 965 1579 quae
982 1532 1200 1579 propterea
1230 1535 1320 1577 pro—

284 1586 378 1629 vide
403 1583 591 1627 ordinata
619 1580 729 1624 fuisse
754 1581 948 1625 dicuntur
963 1611 977 1634 ‚
1000 1581 1236 1637 Apostolicae
1251 1590 1324 1621 no-·

281 1645 366 1688 ssrae
379 1641 698 1685 confirmationis
718 1641 867 1684 robore
876 1641 1168 1683 communimus
1183 1667 1196 1689 ,
1225 1653 1322 1693 pro-

281 1714 328 1746 ut
351 1701 610 1756 conspicimus
626 1698 664 1740 in
688 1700 859 1741 Domino
872 1699 1086 1741 salubriter
1099 1696 1294 1750 expedire
1307 1727 1318 1735 .

282 1765 428 1815 Nuper
445 1757 636 1814 siquidem
658 1771 728 1812 pro
741 1769 867 1812 parte·
882 1756 1121 1799 dilectorum
1150 1754 1319 1796 filiorum

281 1818 456 1862 Ministri
489 1844 502 1866 ,
548 1817 587 1856 &
620 1815 895 1857 Procuratoris
927 1814 1192 1858 Generalium
1223 1812 1319 1854 disti

282 1877 448 1920 Ordinis
466 1875 590 1916 Nobis
605 1873 824 1928 expositum
841 1873 914 1915 fuit
933 1902 947 1924 ,
972 1873 1083 1929 quod
1096 1873 1132 1913 in
1150 1872 1324 1927 quadam

283 1933 569 1979 constitutione
584 1932 653 1972 sel.
683 1946 764 1973 rec.
795 1931 905 1974 Pauli
929 1934 1006 1973 111.
1027 1929 1320 1987 praedecessoris

281 1992 411 2036 nostri
425 1989 494 2031 sub
518 1989 596 2030 Die
615 2001 682 2036 25.
706 1991 879 2045 Augusti
914 1991 1034 2045 ¹536·
1068 1989 1175 2032 edita
1191 2017 1205 2038 2
1236 2002 1319 2043 quae

280 2051 424 2105 incipit
459 2063 472 2091 :
507 2048 838 2101 Expone-Nobis:
869 2050 975 2091 inter
1006 2049 1081 2091 alia
1113 2048 1320 2102 reperitur

277 2108 480 2168 particula
514 2107 669 2149 tenoris
694 2105 963 2164 subsequentis
981 2135 995 2157 ‚
1028 2106 1221 2148 videlicet
1237 2135 1249 2148 .
1275 2109 1319 2147 Si

279 2160 368 2211 vire
399 2167 601 2208 Generalis
627 2167 795 2207 vicarius
822 2170 934 2207 intra
957 2164 1148 2221 officn‘fiii
1174 2174 1320 2219 tempus

276 2240 323 2268 ex
346 2225 416 2267 hac
441 2229 522 2266 luce
537 2226 769 2277 migraverit
787 2253 800 2275 ,
817 2224 896 2278 siu
908 2226 1007 2265 alia's
1021 2225 1070 2266 ab
1083 2222 1200 2279 officio
1215 2236 1319 2265 amo-

275 2282 490 2342 tus'fiierit
507 2312 521 2334 ,
560 2285 731 2324 Vicarius
747 2310 761 2332 ,
785 2286 828 2323 in
842 2282 950 2339 cujus
974 2286 1175 2325 Provincia
1192 2285 1316 2334 mori,

276 2344 341 2384 vel
353 2344 522 2383 amoveri
537 2354 621 2381 eum
636 2343 859 2394 contigerit,
872 2344 1028 2383 nunciet
1041 2371 1054 2393 ,
1067 2341 1185 2396 quam
1199 2344 1317 2383 citius

267 2403 441 2456 poterit,
455 2398 629 2440 omnibus
646 2397 939 2452 Dffnitoribu's
958 2401 1134 2454 Capituli
1147 2403 1319 2441 Genera·

276 2460 326 2500 Iis
347 2458 569 2499 immediate
589 2456 840 2511 praecedentis
857 2486 870 2507 ,
895 2459 943 2505 ζῆ·
966 2457 1138 2499 omnibus
1157 2459 1316 2499 Wcariis

278 2515 586 2558 Provincialibut
605 2542 620 2564 2
656 2528 700 2554 ac
725 2515 769 2554 de
790 2514 942 2570 consilio
956 2544 971 2565 ,
995 2528 1113 2569 atque
1140 2513 1316 2571 consensis

283 2573 449 2615 duorum
501 2573 738 2612 vicariorum
775 2575 1046 2624 proximorum
1088 2573 1316 2613 determinet

278 2633 401 2674 locum
416 2659 431 2682 ,
462 2629 515 2680 ὠ·
534 2637 680 2684 tempas
704 2655 716 2677 ‚
743 2628 822 2685 mss
843 2629 1014 2687 fuiffl’nt
1036 2639 1110 2684 per
1133 2631 1315 2684 generale

277 2689 506 2742 Capitulum
524 2716 538 2737 ‚
564 2688 626 2728 vel
639 2695 716 2741 per
731 2688 968 2741 praedie‘lum
1000 2691 1194 2731 Vicarium
1222 2696 1314 2729 ante

274 2747 426 2792 obitum
458 2744 574 2801 ipsius
602 2771 617 2793 a
646 2753 719 2785 aut
747 2749 975 2787 amotionem
1003 2747 1188 2801 deputata
1217 2774 1231 2796 ‚
1267 2748 1314 2794 θ’

278 2805 482 2854 convocet,
506 2805 576 2856 qui
598 2799 750 2854 fuerint
765 2804 994 2844 convocandi
1007 2831 1021 2852 ,
1040 2805 1315 2862 prafhccff-

273 2866 332 2905 ris
354 2863 495 2905 Vicarit'
521 2858 699 2901 eleffione
722 2860 947 2902 celebranda
973 2863 1055 2910 &aa
1085 2865 1132 2904 In
1146 2865 1315 2918 Capitu-

270 2921 314 2964 lo
333 2930 466 2963 autem
485 2918 668 2973 generali
688 2916 783 2960 dieii
799 2920 962 2961 Ordinis
977 2919 1184 2963 novissime
1202 2922 1314 2964 cele-

269 2980 387 3022 brato
409 2976 642 3019 ordinatum
657 2975 730 3018 fuit
748 3006 761 3028 ‚
788 2977 897 3033 quod
914 2978 952 3019 in
969 2980 1064 3020 casu
1081 2978 1215 3022 obitus
1238 2983 1314 3022 Mi-

269 3037 382 3080 nistri
398 3035 614 3078 Generalis
629 3033 722 3075 dieti
737 3035 905 3078 Ordinis
918 3065 931 3086 ,
947 3038 1208 3079 Provincialis
1220 3041 1312 3081 Pro.

269 3095 417 3137 vincia:
430 3122 445 3143 ‚
476 3095 513 3135 in
529 3107 606 3149 qua
625 3093 756 3135 obitus
771 3093 991 3150 hujusmodi
1009 3096 1171 3139 eveniet
1187 3125 1200 3147 ‚
1225 3098 1323 3139 obi'.

270 3162 359 3196 tum
375 3149 597 3210 hujusmodi
624 3150 849 3202 significare
877 3151 1022 3195 debeat
1054 3157 1315 3199 Procuratori

273 3210 469 3256 Generali
484 3209 576 3251 dicti
591 3209 755 3251 Ordinis
770 3212 807 3252 in
823 3211 936 3253 Urbe
950 3240 963 3261 ‚
986 3213 1054 3266 qui
1067 3213 1299 3266 Capitulum

272 3269 479 3314 Generale
494 3283 569 3323 pro
589 3267 785 3311 eleftione
800 3269 924 3310 futuri
939 3270 1107 3312 Ministri
1126 3275 1314 3315 Genera.

266 3328 322 3371 lis
335 3340 563 3371 convocare
578 3334 793 3378 teneatur,
813 3327 1027 3368 &interim
1043 3327 1168 3371 dictus
1188 3333 1314 3373 Mini-

266 3385 626 3428 sterProvincialis
648 3385 773 3439 sigilla
791 3399 882 3427 cum
901 3383 1120 3438 scripturis«
1140 3382 1311 3431 Ministri

268 3443 488 3487 Generalis·
515 3443 695 3486 defuncti
720 3445 879 3486 adeum
907 3443 1208 3495 Diffinitorem,
1242 3446 1308 3502 qui

267 3503 458 3546 vicarius
469 3502 682 3545 Generalis
694 3502 902 3552 extiterit,
926 3503 1086 3544 mittat.
1114 3507 1221 3546 Cum
1239 3519 1310 3545 au-

269 3570 380 3611 tem,
407 3561 504 3600 ficut
518 3560 666 3602 eadem·
689 3561 884 3617 expositio
902 3559 1166 3616 subjungebat
1183 3591 1197 3613 ‚
1227 3564 1320 3604 Miz·-

270 3619 393 3663 nister
406 3646 421 3668 ‚
449 3618 486 3657 δε
501 3620 750 3664 Procurator
764 3618 990 3662 Generales
1012 3618 1179 3674 praefati,
1194 3620 1306 3662 ordi-

271 3679 479 3721 nationem
491 3675 711 3730 praedissam
725 3679 762 3719 in
778 3677 974 3734 Capitulo
986 3678 1160 3733 generali
1173 3678 1305 3730 hujus-

270 3735 407 3785 modi,
424 3734 466 3775 ut
484 3732 691 3788 praefertur
708 3763 721 3785 ‚
734 3734 873 3779 fastam
888 3764 902 3787 ³
922 3737 1154 3792 Apostolicae
1170 3738 1318 3780 nostrae*

266 3793 594 3839 Confirmationis
620 3793 774 3837 robore
794 3796 1032 3839 communiri
1052 3795 1322 3852 summopere

1396 349 1628 391 desiderent
1644 378 1657 400 ‚
1683 354 1767 392 Nos
1780 345 2040 392 ordinationis
2057 353 2279 411 hujusmodi
2299 361 2433 402 invios

1394 407 1506 450 labili
1521 407 1780 451 observantiae
1794 435 1808 457 ‚
1837 409 2030 463 quantum
2044 427 2134 454 cum
2150 417 2324 458 Domino
2343 418 2434 472 pos..

1399 467 1528 510 sumus
1544 494 1560 518 2
1588 467 1760 520 benigne
1775 466 2011 518 consulere,
2044 484 2088 511 ac
2106 474 2327 517 Ministrum
2355 503 2368 525 ‚
2393 476 2432 516 δε

1398 529 1707 569 Procuratorem
1739 525 1958 566 Generales
1984 527 2167 580 praefatos
2194 533 2430 587 specialibus

1393 584 1599 631 favoribus
1613 612 1627 635 ‚
1650 585 1687 625 &
1710 582 1849 638 gratiis
1867 583 2054 639 prosequi,
2070 588 2283 642 volentes,
2306 593 2344 632 ὃς
2359 605 2432 633 eo-

1395 659 1484 688 rum
1498 642 1711 697 singulares
1727 640 1910 695 personas
1926 644 1947 683 a
1970 643 2172 698 quibusvis
2201 662 2434 699 excommu-

1396 702 1629 751 nicationis,
1655 698 1933 755 suspensionis,
1956 703 1993 742 δε
2009 702 2239 758 ἱηῐενάἰὲὶὶ,
2262 709 2431 764 aliisque

1396 759 1681 805 Ecclefiasticis
1696 758 1932 810 sententiis,
1957 760 2159 813 censuris,
2186 766 2223 806 &
2248 768 2380 820 poenis
2407 767 2433 808 a

1394 821 1504 881 jure,
1518 819 1584 861 vel
1599 820 1648 859 ab
1664 818 1824 860 homine
1836 821 1995 872 ,quavis
2011 823 2213 864 occasione
2224 852 2238 874 ‚
2253 825 2319 866 vel
2335 838 2436 871 cau-ff

1398 880 1438 922 sa
1451 877 1541 921 latis
1555 906 1569 929 ,
1595 877 1619 919 si
1635 876 1777 932 quibus
1793 876 2101 932 quomodolibet
2117 879 2312 926 innodatae
2330 883 2431 923 exis—

1397 948 1516 987 tunt,
1545 937 1593 979 ad
1617 935 1798 978 effestuni
1822 933 2067 989 praesentium
2082 935 2275 981 duntaxat
2293 938 2434 989 consess·¹

1395 994 1627 1054 quendum,
1652 995 1790 1037 harum
1806 992 1911 1035 serie
1938 994 2191 1039 absolventes
2207 1025 2221 1048 ‚
2253 998 2292 1038 Sc
2313 998 2432 1039 abso-

1394 1056 1500 1098 lutas
1517 1051 1606 1095 fore
1621 1053 1833 1096 censentes
1849 1081 1863 1103 ‚
1887 1051 2243 1109 supplicationibus
2260 1055 2431 1097 illorum

1394 1113 1555 1157 nomine
1569 1139 1583 1162 ‚
1599 1112 1729 1154 Nobis
1743 1110 1860 1165 super
1875 1112 1948 1154 hoc
1976 1113 2184 1155 humiliter
2209 1115 2403 1169 porrec'ti's
2414 1142 2430 1165 ‚

1392 1172 1576 1215 inclinati
1591 1201 1606 1222 ‚
1630 1170 1937 1212 ordinationem
1955 1163 2160 1223 praefatam·
2174 1173 2210 1215 in
2229 1168 2430 1228 Capitulo

1391 1230 1602 1287 generali,
1619 1229 1661 1270 ut
1677 1226 1888 1284 praefertur
1902 1257 1915 1279 ,
1929 1227 2070 1271 fastam
2086 1259 2102 1282 ,
2114 1231 2343 1286 Apostolica
2358 1245 2432 1286 au-

1390 1290 1586 1332 thoritate
1601 1317 1619 1337 ,
1643 1297 1787 1328 tenore
1802 1288 2050 1341 praesentium
2067 1291 2330 1344 approbamus
2346 1316 2359 1338 ‚
2381 1291 2431 1338 ¹&

1389 1345 1669 1389 confirmamus
1680 1373 1694 1394 a
1719 1359 1762 1386 ac
1774 1359 1912 1387 omnes
1925 1374 1940 1396 a
1965 1348 2005 1386 &
2019 1346 2187 1400 singulos
2203 1358 2283 1388 tam
2295 1346 2399 1403 juris
2412 1375 2428 1397 ‚

1387 1405 1505 1458 quam
1522 1403 1612 1444 faeti
1630 1402 1809 1445 defectus
1825 1431 1838 1453 ‚
1868 1406 1894 1445 fi
1909 1405 1977 1459 qui
2001 1404 2174 1460 desuper
2200 1404 2429 1460 quomodo-

1387 1462 1488 1504 libet
1508 1460 1807 1503 intervenerint
1824 1488 1838 1510 ,
1871 1461 2094 1516 supplemus
2109 1495 2121 1504 .
2147 1465 2428 1504 Decernentes

1384 1534 1505 1570 eam,
1531 1534 1606 1563 nec
1633 1531 1710 1560 non
1744 1516 1955 1572 praesentes
1983 1518 2124 1562 literas
2151 1520 2333 1571 validas,
2356 1519 2427 1562 fir-

1383 1594 1492 1630 mas,
1515 1576 1751 1620 &efficaces
1765 1578 1961 1628 existere,
1984 1579 2023 1618 ὃ(
2037 1577 2151 1630 fore,
2174 1592 2220 1621 ac
2236 1579 2287 1620 ab
2302 1579 2426 1621 omni.

1382 1639 1482 1688 bus,
1504 1637 1553 1678 ad
1582 1649 1678 1691 quos
1704 1634 1877 1688 spectat,
1903 1638 1945 1677 &
1969 1650 2043 1690 pro
2066 1637 2425 1693 tempore-‘specta-

1381 1697 1436 1738 bit
1455 1723 1469 1744 ,
1499 1693 1790 1736 inviolabiliter
1808 1692 2039 1743 observari,
2071 1696 2202 1750 sicq'ue
2219 1710 2292 1750 per
2306 1695 2427 1751 quos-

1379 1767 1536 1807 cunque
1546 1751 1710 1809 Judices
1724 1750 1972 1803 ordinarios,
1985 1753 2025 1792 &
2042 1751 2254 1807 delegatos
2266 1782 2280 1805 ,
2299 1756 2424 1795 etiam

1379 1811 1583 1855 causarum
1598 1810 1739 1853 Palatii
1752 1812 1786 1851 A
1793 1810 1973 1864 postolicti
1987 1809 2213 1853 Auditores
2226 1811 2394 1868 judicari
2409 1841 2425 1863 2

1379 1869 1586 1914 &diffiniri
1601 1869 1752 1911 debere
1767 1898 1782 1919 ,
1800 1883 1844 1912 ac
1865 1869 2022 1910 irritum
2039 1898 2053 1920 ‚
2066 1871 2105 1909 &
2121 1870 2253 1921 inane,
2269 1870 2291 1912 si
2307 1870 2420 1913 secus

1379 1932 1494 1985 super
1508 1927 2422 1983 his,‹*1quoquam,quavisauthoritateffcienter

1379 1989 1445 2032 vel
1480 1988 1712 2042 ignoranter
1737 1987 1953 2040 contigerit
1979 1986 2203 2027 attentari.
2231 1990 2324 2028 Non
2343 1988 2420 2029 ob—

1378 2047 1566 2090 stantibus
1582 2043 1763 2099 praedidia
1780 2045 1891 2086 Pauli
1907 2041 2199 2099 praedecessoris
2214 2073 2228 2095 ‚
2251 2043 2421 2100 aliisque

1377 2104 1727 2148 constitutionibus
1740 2131 1753 2155 ,
1772 2102 2138 2145 &ordinationibus
2155 2102 2393 2159 Apostolicis
2405 2132 2420 2155 ‚

1379 2181 1424 2208 ac
1443 2164 1539 2205 dieti
1553 2161 1745 2213 Ordinis,
1775 2164 1894 2204 etiam
1915 2160 2174 2216 juramento,
2206 2159 2419 2205 confirma-

1378 2226 1490 2267 tione
1509 2220 1739 2276 Apostolica
1754 2248 1768 2270 a
1796 2219 1861 2262 vel
1878 2218 2231 2275 quavis-firmitate
2252 2220 2328 2262 alia
2349 2234 2420 2262 ro-

1378 2280 1529 2324 boratis
1558 2278 1709 2321 statutis
1723 2308 1747 2328 ,«
1771 2281 1811 2322 &
1833 2279 2235 2329 consuetudinibus».‚-
2251 2279 2419 2334 privile,-

1375 2341 1450 2396 giis
1466 2351 1625 2395 quoque
1638 2369 1654 2389 ,
1682 2336 1849 2380 indultis
1865 2367 1879 2388 ‚
1904 2339 1943 2379 &
1964 2338 2092 2380 hteris
2110 2337 2350 2393 Apostolicis
2375 2338 2416 2377 in

1374 2398 1621 2441 contrarium
1637 2395 1945 2451 quomodolibet
1958 2396 2146 2437 concessis
2160 2425 2175 2445 ,
2196 2393 2412 2441 confirma-

1376 2458 1453 2505 tis,
1486 2454 1760 2495 &innovatis.
1786 2454 1944 2509 Quibus
1977 2454 2160 2495 omnibus
2188 2454 2227 2493 ὃς
2250 2451 2411 2508 singulis

1376 2525 1517 2555 eorum
1543 2511 1981 2565 tenores-praesentibus
2002 2524 2075 2565 pro
2097 2509 2418 2563 sufficienterexr

1376 2568 1510 2627 pressis
1526 2568 1752 2618 habentes,
1780 2568 1860 2610 illis
1874 2567 2025 2609 alias-in
2052 2567 2122 2611 suo
2146 2568 2295 2611 robore
2321 2584 2418 2624 per-

1375 2627 1560 2671 mansuris
1575 2655 1588 2676 ,
1603 2627 1677 2668 hac
1693 2628 1787 2669 v-ice
1802 2626 1996 2668 duntaxat
2013 2626 2239 2680 specialiter
2254 2654 2269 2677 ,
2291 2629 2332 2668 &
2344 2642 2415 2674 ex-

1373 2686 1506 2743 presse
1520 2683 2014 2740 derogamusssaeterisque
2029 2686 2242 2726 contrariis
2256 2685 2417 2740 quibust-

1373 2757 1532 2801 cunque
1544 2773 1555 2784 .
1588 2743 1783 2785 Volumus
1799 2753 1937 2784 autern
1953 2771 1966 2793 ,
1981 2751 2023 2783 ut
2037 2741 2285 2798 praesentium
2301 2754 2416 2787 tran..

1372 2802 1555 2856 sumptis,
1568 2801 1690 2843 etiam
1703 2801 1892 2855 impressis
1904 2829 1917 2851 ‚
1934 2815 2050 2843 manu
2066 2801 2233 2854 alicujus
2248 2803 2414 2847 Notarii

1373 2861 1523 2919 publici
1555 2858 1779 2914 subscript-is
1794 2889 1798 2896 ,
1813 2888 1841 2910 ,Δ
1857 2862 1901 2902 δε»
1925 2858 2054 2914 figillo
2080 2861 2252 2915 personae
2279 2861 2320 2903 in
2350 2860 2414 2907 di-

1375 2921 1528 2976 gnitate
1542 2917 1817 2960 Ecclesiastica
1835 2918 2052 2960 constituta
2067 2918 2226 2960 munitis
2237 2947 2251 2975 3,
2265 2919 2410 2962 eadem

1375 2975 1531 3035 prorsus
1548 2974 1647 3018 fides
1666 2977 1702 3018 in
1723 2975 1904 3034 judicio,
1934 2978 2099 3020 &extra
2127 2977 2371 3020 adhibeatur
2391 3007 2408 3028 ,

1374 3051 1458 3094 quae
1489 3034 1578 3091 ipsis
1602 3033 1847 3090 presentibus
1878 3034 2140 3079 adhiberetur
2169 3066 2183 3086 ‚
2212 3036 2238 3077 si
2271 3035 2409 3079 forent

1374 3094 1588 3143 exhibitae,
1621 3093 1685 3135 vel
1700 3094 1875 3136 ostensae.
1908 3095 2059 3136 Datum
2075 3097 2212 3136 Romae
2240 3097 2278 3136 in
2299 3098 2407 3149 Arce

1376 3150 1566 3198 Gandulfi
1595 3152 1828 3194 Albanensis
1861 3153 2054 3196 Dioecesis
2079 3152 2148 3194 sub
2163 3152 2324 3195 Annulo
2339 3148 2407 3193 Pi-

1377 3212 1537 3255 scatoris
1557 3210 1633 3253 Die
1649 3224 1700 3255 vt
1716 3226 1745 3252 ι.
1760 3212 1942 3253 Οέὶοὺτῐε
1959 3224 2208 3255 mncxxxut.
2232 3208 2404 3266 Ponti&-

1375 3280 1485 3313 catus
1501 3269 1639 3314 Nostri
1651 3271 1771 3314 Anno
1783 3271 2016 3315 >Undecimo
2028 3299 2057 3310 ,γ

1870 3446 1941 3488 Μ.’
1965 3446 2024 3487 A.
2048 3442 2295 3486 Maraldtisz.

1423 3623 1720 3679 Amograpbum
1744 3626 1786 3664 in
1813 3626 1955 3665 secret.
1978 3625 2159 3666 Brevium
2190 3623 2398 3680 Apostolie:

1478 3683 1633 3738 Regcsso
1661 3681 1798 3737 Mensts
1815 3681 1898 3724 052.
1917 3685 2025 3724 Anni
2044 3681 2254 3740 1633.fol.
2276 3696 2335 3735 14.
2351 3684 2395 3723 de

1475 3755 1551 3796 quo
1573 3743 1691 3782 Breve
1699 3738 1924 3798 formatum
1937 3744 1980 3783 in
1994 3741 2113 3787 Arch.
2130 3755 2266 3796 gener.
2297 3741 2393 3783 ΟΜ.

1482 3802 1518 3843 Τ
1514 3812 1584 3844 om.
1607 3801 1660 3842 H.
1681 3813 1784 3842 num.
1802 3800 1876 3856 96.

1677 3860 1775 3901 M2
2121 3852 2381 3904 NOTA.'
