2658 4244
331 250 483 313 190

910 217 1074 307 Sub
1106 214 1516 308 ‚Clemente
1553 199 1752 306 XII.

257 334 394 379 Aprilis
425 343 526 380 173¹·
547 333 633 380 quin
661 343 775 378 tamen
789 331 903 381 primae
932 333 1175 383 propositionis
1214 334 1363 371 narratio
1393 334 1558 372 verbatim
1584 335 1639 375 hie
1664 332 1870 372 extendatur
1884 355 1897 377 ,
1919 342 1998 370 cum
2014 345 2089 371 eam
2110 334 2209 383 supra
2228 340 2401 376 collocata,

256 381 516 439 substantialiter
538 382 711 420 contineat
733 395 811 420 cum
840 384 898 419 sua
922 383 1116 428 decisione,
1141 393 1216 431 quae
1241 384 1284 420 ad
1313 384 1386 421 duo
1403 407 1416 429 ‚
1444 395 1525 421 tune
1551 385 1662 432 polita
1686 383 1817 434 quaesita
1832 406 1846 427 ‚
1875 382 1956 419 data
1981 381 2068 427 fuit,
2095 394 2198 430 prout
2226 387 2400 437 sequitur.

502 431 565 469 Ad
585 432 759 479 pm’mum,
786 431 951 480 negative
965 458 976 470 .

491 478 568 517 eAd
583 481 798 529 secundum,
824 481 1018 531 Subsidium
1039 479 1277 532 applicandum
1302 479 1361 534 effi?
1377 482 1503 531 favore
1531 482 1792 531 Conservatori?
1804 506 1817 526 ,
1839 481 1883 522 ἐπ’
1907 480 1954 517 ad
1977 479 2181 520 Mentem.

354 529 459 567 CIrca
480 542 556 579 quae
572 531 643 566 duo
667 532 771 568 verba
785 555 797 575 ,
820 530 865 566 ad
878 530 1032 568 Mentem
1044 544 1118 581 quae
1134 531 1246 567 solum
1262 543 1375 580 partes
1397 531 1657 580 Capucinorum
1672 532 1856 568 involvunt
1871 553 1885 575 ,
1910 529 2085 567 sciendum
2115 530 2164 567 est
2189 554 2205 576 ‚
2230 533 2324 579 quod
2344 539 2402 574 003

255 588 410 617 currente
423 579 528 623 casu,
553 588 624 627 quo
639 580 788 617 laconice
800 580 835 618 id
848 603 861 623 ‚
886 581 982 628 quod
1009 582 1043 618 in
1067 584 1105 620 S.
1124 580 1408 626 Congregatione
1438 583 1623 624 tradatur,
1652 581 1819 628 explicari
1847 579 1994 627 nequit,
2023 590 2082 616 aut
2105 579 2189 616 alias
2212 580 2303 617 circa
2328 593 2403 621 con-

255 639 348 666 nexa
362 629 467 665 causae
483 628 582 664 restet
596 627 710 676 aliqua
733 628 919 672 dubietas,
946 629 1028 667 Haec
1048 627 1208 667 decisioni
1231 630 1359 665 addere
1379 630 1508 676 soleat,
1530 631 1575 667 ad
1603 631 1779 674 Mentem,
1803 641 1879 677 quae
1896 628 1975 665 dein
2002 629 2058 665 vel
2076 638 2135 673 per
2153 629 2401 668 Reverendissi·

255 687 350 712 mum
381 679 427 713 D.
454 676 684 714 Secretarium
715 679 879 726 patescit,
907 680 964 715 vel
994 681 1029 717 in
1056 691 1148 716 nova
1175 679 1282 715 causae
1304 679 1533 726 propositione
1562 681 1754 716 enucleatur
1778 702 1791 722 ,
1830 688 1935 726 prout
1955 677 2107 723 contigit
2134 677 2170 714 in
2206 677 2268 715 hae
2303 677 2314 713 i
2343 677 2403 715 sa..

253 724 354 762 causa
384 725 559 772 Papienfi,
584 726 622 761 in
651 738 720 774 qua
736 751 749 772 ,
774 728 835 764 sub
854 727 909 764 die
940 727 990 764 18.
1014 727 1168 773 Augusti
1191 727 1341 774 ejusdem
1369 727 1446 763 anni
1480 739 1577 776 173¹·
1610 728 1661 764 uti
1687 729 1812 775 supra,
1839 725 2049 773 repropofita
2065 749 2075 767 ,
2104 725 2284 763 detectum
2325 726 2374 762 uit
2391 750 2406 772 ,

252 775 350 823 quod
373 773 654 818 Eminentiffimos
683 777 800 813 Patres
826 778 860 812 in
886 776 994 823 prima
1022 776 1189 814 decisione
1218 774 1357 810 subierit
1376 775 1578 821 dubitatio,
1603 789 1645 813 an
1662 774 1986 825 Capucinisiness'et
2013 775 2186 825 capacitas
2199 774 2407 812 nominandi

255 824 388 870 puellas
414 823 459 860 ad
484 823 566 860 talia
594 822 737 861 subsidia
765 828 779 860 ἓ
805 826 967 873 Cumque
999 825 1149 862 rationes
1175 823 1209 859 in
1232 821 1415 859 distributo
1441 835 1523 863 tunc
1559 826 1648 862 folio
1672 825 1708 862 in
1737 825 1858 862 horum
1901 825 2053 863 favorem
2101 824 2290 870 adduae,
2315 824 2406 860 Emi-

253 872 443 909 nentiffimo
469 872 612 911 Senatui
642 874 840 911 viderentur
869 873 1007 919 solidae,
1036 873 1165 923 prodiit
1188 869 1331 908 decisio.

1102 919 1342 957 Recedendum
1367 919 1388 955 ἂ
1413 920 1549 970 decisis.

352 970 443 1019 Q
471 969 507 1006 in
536 970 703 1018 ampliore
721 995 734 1016 ,
759 972 794 1009 8(
822 971 978 1017 genuino
1001 973 1062 1009 suo
1088 971 1184 1007 sensu
1209 968 1318 1012 dicit,
1343 969 1439 1015 quod
1462 970 1587 1006 eleffio
1617 970 1745 1006 Puenae
1769 970 1941 1007 Oratricis
1966 973 2010 1008 ad
2034 971 2233 1009 Subfidium
2250 971 2399 1015 Dotale,

251 1017 295 1054 de
322 1031 395 1066 quo
421 1019 563 1064 agitur,
588 1019 627 1055 fit
658 1021 859 1068 exequenda
885 1034 897 1062 3
921 1021 956 1057 δι’
982 1020 1228 1067 consequenter
1255 1016 1435 1052 subfidium
1457 1016 1652 1067 hujusmodi
1676 1019 1751 1054 iton
1775 1017 1814 1058 fit
1839 1017 2080 1066 applicandum
2101 1019 2223 1058 favore
2250 1018 2398 1056 Conset·

251 1068 404 1112 vatorii‚
429 1081 466 1103 ac
488 1067 680 1103 nominatio
707 1069 819 1105 Patris
849 1070 1044 1106 Guardiani
1063 1093 1077 1112 ‚
1102 1079 1168 1103 ceu
1195 1064 1349 1110 legitima
1378 1064 1529 1103 subfistat
1546 1092 1557 1102 .
2406 1067 2410 1072 ’

348 1116 458 1163 Qod
480 1116 514 1151 8<
543 1115 579 1150 in
608 1116 707 1152 tertia
733 1117 839 1153 causae
861 1117 1099 1164 propofitlone
1125 1115 1191 1150 fuit
1215 1113 1455 1151 confirmatum
1482 1126 1542 1161 per
1570 1117 1782 1153 Decretum.

344 1163 519 1203 Standum
543 1165 582 1199 in
605 1163 747 1206 secundo
773 1163 841 1201 loco
865 1165 978 1215 decisis
993 1190 1005 1209 ‚
1030 1165 1074 1207 ὠ·
1098 1161 1245 1211 amplius
1260 1187 1273 1208 ,
1299 1163 1342 1203 ὠ·
1364 1165 1404 1199 in
1426 1163 1592 1214 posterum
1604 1165 1772 1213 servetur
1798 1163 1954 1202 Edittum
1981 1164 2155 1215 Epistopt'.

347 1214 385 1249 ln
412 1224 480 1260 qua
502 1211 651 1248 clausula
678 1213 783 1251 verba
798 1237 811 1259 ,
833 1214 877 1256 ὠ·
903 1213 1046 1264 amplius
1069 1212 1248 1256 indicant,
1272 1212 1337 1250 effe
1358 1213 1578 1258 mandatum,
1603 1215 1702 1262 quod
1723 1214 1821 1251 causa
1843 1213 1912 1250 haec
1932 1237 1947 1258 ‚
1982 1225 2052 1252 non
2073 1213 2222 1263 amplius
2248 1214 2371 1252 debeat
2394 1236 2412 1252 0

250 1261 403 1309 proponi
428 1261 495 1298 &c-

350 1312 500 1347 Attento
531 1309 631 1356 proin
657 1311 856 1355 graviffimo
879 1313 958 1350 Sac.
983 1308 1278 1356 Congregationis
1300 1310 1436 1360 judicio
1458 1323 1561 1349 nemo
1584 1312 1731 1361 amplius
1753 1322 1890 1359 carpere
1914 1311 2026 1359 potest
2053 1310 2177 1360 praxIn
2191 1334 2206 1355 ,
2230 1312 2300 1359 qua
2332 1311 2404 1348 Ca-

251 1357 370 1406 pucini
393 1358 500 1407 juxta
526 1357 767 1407 dispositiones
792 1361 1057 1399 testamentarius
1083 1360 1224 1396 Puellas
1245 1361 1290 1398 ad
1313 1360 1467 1399 Subsidia
1492 1362 1666 1407 Dotalia,
1692 1363 1775 1406 vel,
1799 1372 1846 1397 ex
1872 1361 2016 1407 paritate
2040 1359 2205 1404 rationis,
2232 1359 2407 1398 Sacerdo-

253 1416 307 1442 tes
334 1407 379 1444 ad
411 1406 613 1452 Beneficia,
639 1410 697 1446 vel
730 1410 885 1453 Iuvenes
905 1410 946 1448 ad
972 1407 1169 1450 Seminaria
1192 1409 1259 1446 ἃς.
1284 1409 1484 1455 nominant,
1507 1409 1566 1446 seu
1590 1409 1785 1458 simpliciter
1810 1408 1968 1454 eligunt,
1991 1408 2091 1447 omni
2117 1409 2185 1446 alia
2223 1407 2364 1445 afflone
2390 1429 2409 1453 2

250 1453 355 1491 statui
379 1468 503 1494 eorum
527 1455 700 1503 difformi,
728 1460 880 1496 semota.

356 1505 477 1541 Nemo
502 1515 645 1552 quoque
659 1505 695 1542 in
710 1507 813 1554 hujus
829 1506 939 1542 causae
957 1507 1142 1549 relatione,
1175 1507 1276 1542 etiam
1297 1507 1356 1543 illa
1370 1530 1381 1545 ,
1412 1518 1486 1553 quae
1503 1506 1565 1553 jus
1588 1506 1852 1554 Capucinorum
1877 1518 1947 1544 non
1967 1507 2143 1553 attingunt
2164 1531 2177 1552 ,
2199 1506 2256 1545 hic
2285 1503 2400 1556 polita

258 1549 324 1587 esse
338 1575 352 1594 ,
377 1553 567 1589 succenseat
586 1577 596 1587 .
622 1554 764 1590 Paetum
787 1553 853 1589 hoc
875 1553 939 1590 fuit
962 1566 1007 1591 ex
1034 1553 1171 1589 πιοιῐνο
1185 1577 1199 1597 ,
1225 1566 1290 1599 ne,
1314 1555 1396 1591 dum
1416 1555 1571 1602 quaedam
1594 1555 1714 1591 mutila
1732 1555 1929 1591 viderentur
1951 1578 1967 1600 ,
2002 1556 2126 1592 dolose
2149 1555 2264 1602 aliqua
2292 1577 2307 1598 ,
2327 1551 2402 1601 juri

254 1599 373 1637 nostro
399 1600 640 1645 adversantia,
664 1601 760 1638 fuisse
784 1601 938 1646 reseda,
963 1602 1178 1639 censeretur.

354 1650 439 1686 Alia
462 1658 575 1684 autem
597 1651 782 1698 exempla,
803 1660 879 1696 quae
894 1649 958 1697 jus
982 1647 1177 1696 hujusmodi
1200 1648 1414 1696 coadiuvant
1432 1670 1448 1693 ,
1470 1649 1675 1695 monstrabit
1707 1649 1814 1684 Index
1854 1652 2021 1692 generalis
2050 1647 2156 1688 Verb.
2187 1647 2263 1699 &us
2303 1647 2412 1702 nomi-

254 1695 364 1733 nandi
393 1696 469 1738 dyc.

279 1887 398 1902 —1

254 2040 603 2111 Indulgentiam
658 2040 911 2108 plenariam
962 2061 1046 2111 pro
1093 2043 1303 2095 Ecclefiis
1361 2042 1607 2087 morationis
1623 2041 1893 2098 Impreffionis
1910 2043 2127 2084 Sacrorum
2146 2040 2414 2096 stigmatum,

290 2117 394 2162 tam'
412 2116 623 2161 Fratrum
639 2145 654 2167 ,
685 2111 822 2177 quim
840 2116 1120 2165 Monialium
1145 2117 1191 2164 in
1220 2120 1304 2166 Fe-

288 2181 358 2233 sto
404 2179 876 2233 Commemorationis
920 2188 1170 2236 Sacrorum
1215 2188 1304 2237 Sti-

292 2268 508 2323 gmatum
530 2289 545 2311 ,
562 2255 672 2303 S.P.
692 2252 931 2304 Francisco
946 2256 1305 2323 impressorum-s

291 2324 351 2376 ad
371 2321 524 2373 futura
539 2337 749 2392 tempora
768 2335 1010 2392 perpetuat
1024 2361 1037 2376 .

278 2554 280 2556 .
338 2512 744 2563 CLEMENS
792 2513 1015 2563 PAPA
1062 2516 1229 2567 ΧΙῙ.

438 2696 507 2740 Ad
530 2705 764 2753 perpetuam
793 2703 854 2743 rei
883 2703 1112 2745 memoriam
1124 2721 1142 2745 .*

393 2861 596 2906 AElestium
623 2877 843 2909 munerum
873 2867 1112 2920 thesaur-m,
1139 2883 1315 2926 quorum

402 2920 736 2976 dispensationem
762 2924 857 2968 fidei
880 2930 1016 2972 noflrae
1041 2930 1219 2972 credidit
1240 2930 1314 2972 Di-

265 2983 359 3022 vina
374 2979 557 3035 dignatio
572 3008 588 3031 ,
621 2981 802 3026 libenter
816 2988 1032 3042 erogamus
1047 3017 1060 3039 ,
1083 3002 1172 3031 cum
1190 2987 1242 3032 ad
1259 2985 1320 3030 fo-

265 3037 473 3085 vendam,
504 3041 845 3098 excitandamque
891 3047 1096 3091 Fidelium
1127 3047 1319 3092 devotio-

266 3110 362 3142 nem
394 3095 608 3141 salubriter
646 3100 842 3153 expedire
868 3102 905 3147 in
934 3107 1113 3150 Domino
1149 3106 1320 3150 arbitra-

270 3169 376 3199 mur.
408 3155 774 3211 supplicationibus
794 3160 928 3216 itaque
948 3167 1096 3209 Dileeti
1114 3166 1204 3208 Filii
1217 3165 1318 3209 Ber-

268 3214 429 3258 nardini
447 3216 466 3255 a
484 3217 629 3258 saneto
646 3216 804 3272 Angelo
820 3218 858 3258 in
874 3222 993 3265 Vado
1014 3225 1316 3277 procuratoris,

270 3275 310 3316 δε
352 3271 624 3317 Commifl‘arii
669 3274 888 3318 Generalis
919 3282 1084 3326 Ordinis
1128 3284 1317 3325 Fratrum

273 3332 481 3376 Minorum
508 3337 547 3377 S.
570 3334 771 3377 Francisci
799 3339 1102 3390 Capucinorum
1118 3354 1326 3398 nuncupa-

273 3400 427 3444 torum,
446 3392 572 3435 Nobis
589 3391 703 3450 super
720 3394 796 3437 hoc
810 3394 1021 3441 humiliter
1039 3401 1247 3454 porrectis,
1262 3398 1326 3443 fa-

273 3450 520 3492 vorabiliter
534 3450 728 3497 assensum
743 3457 926 3509 praebere
940 3458 1152 3513 cupientes
1167 3483 1181 3506 ,
1193 3461 1326 3501 omni-

277 3507 353 3573 bus
371 3506 577 3573 utriusque
606 3510 732 3556 Sextis
749 3512 1092 3559 christifidelibus
1118 3513 1215 3558 vere
1236 3530 1327 3571 poe-

282 3567 505 3607 nitentibus
520 3596 535 3620 ,
563 3570 602 3611 8c
617 3571 799 3614 conseffis
815 3601 830 3624 ‚
860 3587 905 3615 ac
923 3578 1042 3619 Sacra
1063 3575 1324 3619 Communio.

282 3637 335 3666 ne
349 3622 510 3667 refeetis
525 3654 539 3678 ,
555 3629 622 3684 qui
639 3629 812 3686 aliquam
825 3645 876 3673 ex
890 3633 1077 3676 Ecclefiis
1096 3637 1325 3676 Domorum

284 3692 367 3723 tam
396 3684 580 3750 prati-um
608 3715 623 3737 ‚
652 3692 772 3743 quam
795 3690 1036 3733 Monialium
1062 3694 1210 3748 ubique
1242 3691 1329 3734 exi—

285 3739 475 3784 stentium
488 3742 668 3798 ejusdem
682 3747 850 3790 Ordinis
863 3778 880 3800 ,
911 3749 979 3794 die
995 3751 1113 3795 Festo
1135 3754 1327 3795 Comme-

1361 2104 1506 2159 quibus
1529 2102 1656 2145 dietus
1680 2105 1850 2145 sanetus
1870 2100 2101 2144 franciscus
2119 2101 2161 2142 in
2178 2103 2322 2142 Monte
2338 2097 2417 2141 Al-

1364 2161 1508 2205 vetniae
1526 2160 1840 2215 Redemptionis
1857 2160 2007 2202 Nostra:
2021 2159 2151 2214 Signis
2169 2188 2183 2211 ,
2208 2155 2308 2200 mitti
2337 2156 2421 2200 Dei

1364 2221 1494 2278 gratia
1511 2221 1726 2264 decoratus
1741 2217 1815 2262 fuit
1832 2251 1850 2272 ,
1881 2219 1903 2261 a
1920 2219 2060 2274 primis
2078 2216 2270 2274 Vesperis
2287 2215 2422 2272 usque

1369 2279 1420 2321 ad
1431 2278 1616 2322 occasum
1640 2279 1746 2321 Solis
1762 2279 1846 2322 diei
1862 2276 2089 2336 hujusmodi
2108 2274 2271 2332 singulis
2301 2276 2421 2317 annis

1369 2337 1522 2381 devote
1536 2338 1790 2382 visitaverint
1808 2367 1823 2390 ‚
1852 2338 1990 2392 ibique
1997 2350 2074 2392 pro
2089 2334 2421 2380 Christianorum

1368 2396 1600 2453 Principum
1613 2396 1833 2440 concordia
1849 2427 1867 2447 ‚
1897 2396 2103 2439 Haeresum
2117 2393 2420 2450 extirpatione,

1366 2468 1414 2497 ac
1436 2459 1586 2498 Sanetae
1613 2457 1752 2498 Matris
1783 2454 1971 2499 Ecclefiae
1984 2453 2236 2497 exaltatione
2256 2452 2342 2508 pias
2369 2451 2422 2493 ad

1376 2515 1511 2556 Deum
1538 2528 1683 2570 preces
1710 2514 1957 2565 effuderint,
1989 2514 2214 2556 Plenariam
2234 2512 2422 2553 omnium

1372 2583 1639 2629 peccatorum
1666 2571 1828 2615 suorum
1857 2570 2153 2622 indulgentiam
2171 2599 2185 2623 ‚
2221 2571 2260 2612 &
2289 2565 2429 2611 remis-

1371 2632 1523 2674 sionem
1535 2630 1856 2676 misericorditer
1869 2631 1908 2674 in
1928 2631 2109 2675 Domino
2126 2628 2394 2673 concedimus
2405 2654 2420 2668 .

1371 2691 1636 2734 Praesentibus
1651 2690 1863 2749 perpetuis
1878 2687 2024 2734 futuris
2041 2689 2290 2746 temporibus
2320 2686 2428 2728 vali-

1372 2750 1500 2792 turis.
1531 2750 1731 2793 Volumus
1758 2759 1928 2801 autem,
1958 2760 2003 2791 ut
2028 2748 2282 2805 praesentium
2312 2755 2432 2785 tran·

1371 2807 1540 2864 sumptis
1557 2837 1571 2860 ,
1588 2809 1712 2851 etiam
1729 2807 1924 2861 impreffis
1939 2835 1954 2858 ‚
1968 2821 2086 2849 manu
2105 2803 2275 2861 alicujus
2292 2807 2430 2846 Nota-

1373 2866 1423 2910 rii
1451 2866 1601 2922 publici
1628 2864 1889 2922 subscriptis,
1919 2867 1958 2907 &
1986 2865 2115 2921 figillo
2139 2862 2312 2918 alicujus
2328 2864 2431 2904 Per-

1373 2923 1473 2968 sonae
1501 2925 1545 2967 in·
1566 2926 1768 2981 dignitate
1794 2923 2072 2967 Ecclefiastica
2098 2923 2322 2965 constitutae
2342 2934 2432 2962 mu-

1377 2985 1472 3031 nitis
1489 3014 1504 3037 ‚
1535 2984 1679 3029 eadem
1701 2985 1859 3040 prorsus
1887 2980 1988 3026 fides
2020 2983 2268 3025 adhibeatur
2292 3008 2308 3030 ‚
2339 2992 2431 3035 quae

1374 3043 1636 3103 praesentibus
1662 3043 1932 3088 adhiberetur
1946 3069 1962 3092 ‚
1992 3043 2019 3083 si
2043 3040 2182 3084 forent
2197 3038 2395 3081 exhibita:
2410 3064 2425 3088 ,

1379 3105 1446 3151 vel
1459 3102 1644 3147 ostensae.
1681 3106 1832 3146 Datum
1848 3103 1988 3143 Romae
2001 3099 2107 3155 apud
2126 3100 2312 3140 Sanc‘tam
2332 3098 2426 3138 Ma-

1375 3165 1477 3208 riam
1493 3163 1693 3220 Maiorem
1706 3160 1776 3203 sub
1788 3158 1957 3203 Annulo
1982 3157 2196 3200 Piscatoris
2228 3157 2308 3198 Die
2334 3168 2429 3196 xxx.

1378 3223 1549 3280 Augusti
1576 3234 1814 3266 Moccxxx
1826 3232 1860 3261 t·
1874 3215 2137 3263 Pontificatus
2152 3215 2289 3261 Nostri
2305 3218 2428 3259 Anno

1379 3281 1593 3327 Secundo.

1852 3458 1904 3499 Ρ.
1934 3450 2054 3498 Card-
2087 3425 2310 3494 Oliveriasa

1441 3631 1796 3733 Brevefhrgatum
1818 3631 1863 3673 in
1886 3629 2008 3674 Arch.
2016 3641 2109 3687 gen.
2127 3627 2223 3673 Ord.
2243 3630 2346 3673 Tom.
2368 3627 2443 3684 Q

1500 3705 1609 3737 num·
1669 3703 1708 3733 2.

2257 3860 2368 3903 DE·
