2658 4244
346 243 490 322 198
925 220 1084 315 Sub
1144 226 1526 314 Clemente
1586 224 1766 313 XII.

272 343 385 399 juxta
400 342 568 385 formam
587 370 602 393 ‚
623 342 746 399 q'uam
765 341 835 385 sub
851 342 966 385 Bnlla
983 346 1112 387 nostra
1130 345 1324 386 mittimus
1385 347 1457 387 bus
1477 342 1657 402 ejusdem
1673 340 1859 385 Ecclcfiae
1875 340 2020 383 Mensae
2036 340 2281 401 Episcomis
2296 365 2322 400 ,·
2341 348 2425 400 1125

276 402 539 445 introclusam
563 431 578 452 ,
596 403 790 444 emittere
806 429 820 452 ‚
841 402 880 443 &
895 402 944 443 fic
959 417 981 445 a
1001 405 1062 446 Te
1077 402 1218 445 emiffae
1232 418 1326 460 pro-
1384 416 1427 445 ut
1453 414 1618 447 cautum
1649 404 1696 443 sit
1723 402 1821 444 illos
1847 402 2093 444 constituere
2125 401 2323 457 integram
2351 421 2422 452 an.

274 460 449 504 fessionis
465 460 652 511 formam,
667 460 717 503 ad
737 461 894 503 Urbem
910 459 1009 504 infra
1025 463 1207 518 legitima
1222 473 1322 504 tem.

271 533 374 573 pora
390 548 405 571 ,
433 533 528 561 cum
545 520 621 562 Tui
636 547 650 570 ‚
673 534 718 562 ac
734 520 982 562 Patriarchae
997 549 1010 571 ,
1040 522 1080 561 &
1105 519 1319 577 Episcopi,

272 588 343 621 aut
368 577 535 621 alterius
561 591 703 622 eorum
721 576 1012 635 subscriptione
1038 580 1319 623 transmittere

272 636 439 678 omnino
474 637 649 680 tenearis
663 665 677 687 ‚
704 636 845 692 quibus
862 666 875 688 ,
907 640 943 679 ὃς
973 651 1117 681 eorum
1147 639 1318 682 cuilibet

272 709 348 749 per
362 695 460 738 alias
477 697 627 738 nostras
644 696 783 738 literas
804 698 1036 739 mandamus
1050 728 1065 748 ,
1083 709 1125 738 ut
1142 697 1233 751 ipsi,
1255 696 1319 739 vel

270 767 419 796 eorum
433 754 581 805 alterni
599 755 661 796 Te
677 753 773 795 fidei
791 747 1075 810 professionem
1091 754 1319 811 hujusmodi

267 813 473 868 recipiant
490 841 503 864 ,
525 815 589 856 seu
606 813 802 867 recipiat.
836 816 1036 856 Praeterea
1063 815 1183 857 etiam
1204 814 1321 855 volu-

268 885 357 912 mus
373 899 387 921 ,
415 870 525 927 quod
544 873 606 913 Tu
620 871 919 926 Theologalem
937 900 951 922 ‚
982 874 1021 913 &
1049 872 1322 916 poenitentia-

268 931 372 971 riam
397 929 657 984 praebendam
674 958 688 980 ‚
715 943 761 971 ac
780 931 1051 972 Seminarium
1079 931 1125 974 ad
1143 928 1321 986 praescri-

267 998 384 1043 ptum
399 987 585 1031 Concilii
602 987 835 1030 Tridentini
865 989 969 1030 instit
1024 1004 1040 1029 s
1056 1017 1070 1038 ,
1111 992 1321 1031 Montem-

270 1060 353 1102 que
375 1047 547 1088 Pietatis
568 1047 669 1099 erigi
685 1046 960 1096 cures‚consci
1020 1049 1115 1089 tiam
1130 1057 1241 1087 tuam
1264 1045 1325 1086 su-

263 1118 340 1156 per
357 1104 657 1146 hisronerantes
676 1116 687 1144 :
703 1105 741 1143 &
762 1103 939 1157 insuper,
955 1104 1065 1159 quod
1081 1105 1324 1160 detriennio

263 1163 305 1203 in
321 1162 551 1204 triennium
569 1161 718 1204 Sedem
734 1161 1007 1216 Apostolicam
1022 1177 1097 1218 per
1113 1163 1322 1205 authenti-

265 1233 311 1261 ca
329 1219 578 1263 documenta
605 1220 758 1262 docere
781 1221 958 1263 tenearis
987 1221 1040 1263 de
1060 1225 1177 1266 Statu
1205 1220 1321 1276 ipsius

265 1277 458 1323 Ecclefiae
478 1278 736 1323 scat-donen-
753 1305 767 1328 2
783 1279 823 1320 &
839 1278 1064 1335 praesertim
1081 1280 1134 1325 de
1152 1280 1326 1323 redditi-

998 1425 1272 1512 No

1383 477 1500 507 nuam
1517 462 1710 505 summam
1734 473 1850 510 1500.
1885 459 2126 503 ducatorum
2154 459 2264 503 illius
2290 476 2425 514 mone.

1382 534 1430 564 tae
1447 552 1460 574 ,
1486 524 1526 562 &
1541 532 1683 564 caetera
1700 520 1831 562 omnia
1846 520 2014 574 impleta
2031 517 2109 560 effe
2127 547 2141 569 2
2157 533 2240 575 quae
2253 534 2328 577 per
2343 523 2426 566 De·-

1379 591 1542 624 cretum
1571 579 1641 622 fel.
1670 594 1755 621 rec.
1783 579 2014 621 innocentii
2041 581 2122 621 PP.
2141 580 2237 621 xri.
2265 579 2426 624 etiarm.

1384 639 1686 682 Praedecelloris
1703 639 1823 681 nostri
1841 635 2200 695 disponitur‚juxta
2217 638 2432 682 decretum

1384 697 1483 740 alitis
1513 698 1658 740 fanum
1690 700 1730 739 in
1762 697 1996 754 particulari
2016 699 2348 753 Congregatione
2367 711 2432 739 rei-

1383 770 1473 798 rum
1487 755 1833 800 Consistorialium
1847 786 1859 796 .
1885 759 2036 801 Datum
2055 757 2197 799 Romae
2211 757 2314 814 apud
2333 761 2433 801 San-

1383 818 1488 857 &am
1520 815 1691 857 Mariam
1726 815 1927 873 Majorem
1974 817 2099 858 Anno
2131 817 2431 859 Inest-nationis

1383 874 1599 926 Dominice
1616 873 1838 915 Millesimo
1853 872 2211 930 septingentesimo
2228 875 2432 932 trigesimo

1381 931 1512 971 tertio
1527 957 1541 978 a
1558 932 1721 982 Quarto
1739 931 1833 973 Kal.
1851 933 2036 974 octobris
2055 932 2323 977 pontificatus
2341 937 2430 979 No*-

1382 988 1449 1030 stri
1467 989 1587 1030 Anno
1603 990 1766 1046 Qarto
1780 1015 1791 1027 .

1443 1103 1588 1160 Regtss.
1621 1101 1690 1144 lib.
1705 1115 1741 1144 2.
1759 1107 1870 1147 Anni
1890 1117 1951 1146 tv.
1977 1106 2230 1162 Pontfficatus
2245 1110 2329 1150 577'21·
2343 1111 2430 1151 Do-'

1447 1167 1450 1171 '
1501 1166 1598 1205 mint
1615 1161 1752 1217 Nostri
1769 1165 1973 1205 clementis
1992 1165 2065 1205 PP.
2080 1165 2253 1223 XII-fol.
2272 1174 2367 1208 21'0.
2383 1167 2427 1208 de

1506 1234 1582 1276 quo
1594 1221 1790 1321 excgnplar
1803 1225 1846 1264 in
1862 1222 1983 1265 Arcb.
1991 1236 2084 1277 gen.
2104 1226 2199 1266 Ord.
2218 1229 2254 1269 Τ
2249 1238 2322 1267 om.
2338 1227 2429 1268 AA.

1502 1292 1608 1322 num.
1629 1292 1650 1321 2
1686 1308 1697 1319 .

1407 1425 1703 1488 TA.

362 1582 464 1619 Latet
486 1582 543 1619 hic
572 1581 735 1618 Praelatus
758 1592 885 1626 genere
900 1607 913 1625 ‚
947 1581 1134 1625 Religione
1146 1606 1160 1626 ,
1180 1585 1215 1616 &
1239 1585 1368 1619 virtute
1383 1594 1393 1615 ι
1409 1581 1567 1618 Claritati
1580 1585 1718 1627 generis
1741 1579 1970 1621 testimonium
1994 1585 2052 1621 dat
2076 1587 2289 1625 Sereniffima
2312 1587 2427 1628 Vene—

376 1631 498 1666 tiarum
524 1629 737 1675 Respublica
756 1653 768 1671 ‚
793 1641 868 1676 quae
893 1631 980 1664 Eum
1001 1629 1107 1664 noscit
1129 1641 1266 1674 germen
1293 1630 1384 1665 illins
1412 1631 1607 1672 Bragadeni
1631 1631 1797 1678 stipitis,
1830 1645 1875 1666 ex
1900 1645 1972 1677 quo
2000 1634 2104 1668 Rami
2125 1635 2293 1671 Senatorii
2318 1635 2429 1672 hono-

265 1678 338 1722 ris,
365 1678 401 1714 &
430 1677 586 1712 militaris
611 1675 693 1719 sagi
720 1676 881 1713 soecundii
911 1679 1042 1722 semper
1068 1677 1153 1711 serie
1181 1678 1398 1723 pullularunt
1425 1700 1435 1709 .
1470 1676 1673 1711 Claritatem
1709 1677 1908 1720 Religionis
1933 1681 2136 1725 comprobat
2159 1689 2284 1716 votum
2308 1705 2320 1725 ‚
2357 1695 2429 1729 quo

265 1727 346 1762 Deo
372 1724 441 1762 sese
469 1725 595 1769 ligavit
611 1746 624 1767 ,
647 1724 681 1760 &
705 1725 743 1759 vi
768 1724 868 1771 cujus
895 1725 986 1768 leges
1009 1723 1151 1760 Ordinis
1176 1725 1279 1763 nostri
1304 1725 1441 1767 servat,
1466 1723 1549 1758 dum
1575 1735 1674 1760 exrra
1697 1736 1775 1760 eum
1806 1734 1931 1760 extat.
1957 1725 2158 1762 claritatem
2182 1728 2322 1765 virtutis
2338 1739 2432 1765 com.

266 1773 403 1810 mendac
427 1773 627 1815 Scardona,
654 1771 830 1820 Liburnia<
856 1773 949 1810 Urbs
980 1796 992 1816 ,
1024 1772 1058 1806 &
1087 1773 1271 1810 Dalmatiae
1294 1774 1433 1816 Insula,
1457 1772 1542 1808 dum
1568 1773 1670 1809 lllum
1698 1771 1906 1822 Episcopum
1931 1772 2001 1810 sine
2023 1773 2162 1812 crimine
2175 1799 2190 1820 ,
2209 1776 2244 1811 &
2271 1776 2313 1813 de
2335 1774 2432 1814 clari·

264 1830 330 1859 tate
357 1821 391 1857 in
418 1820 631 1864 claritatem,
656 1819 691 1856 in
707 1821 763 1856 via
784 1820 957 1869 justorum
987 1821 1233 1867 procedentem
1253 1823 1391 1859 laudat.

294 1950 2397 1965 *————-———-————n—--———————

527 2048 1062 2092 DECRETUM

427 2165 520 2214 sac.
560 2164 902 2233 Congregationis
940 2166 1121 2217 Rituum
1140 2203 1151 2216 .

265 2298 340 2344 De
353 2292 684 2342 Commiffione
704 2291 1023 2345 reaffumendae
1040 2294 1180 2345 causae
1200 2301 1312 2347 Bea-

303 2361 566 2412 tificationis
584 2361 632 2414 &
651 2367 1028 2415 Canonizationis
1060 2369 1191 2416 Servi
1223 2368 1312 2417 Dei

302 2436 352 2483 P.
375 2435 608 2482 Laurentii
631 2431 656 2481 ai
677 2434 933 2484 Brundusio
949 2472 965 2494 ,
1002 2440 1117 2487 olim
1170 2440 1319 2487 Gene-

300 2505 406 2552 ralis
423 2538 441 2562 ‚
477 2503 731 2572 approbat,
765 2504 999 2575 &signam

469 2634 500 2671 B
533 2635 571 2674 R
604 2636 642 2675 U
673 2636 714 2676 N
748 2636 786 2676 D
818 2637 857 2678 U
885 2639 912 2679 S
944 2638 964 2678 I
996 2639 1037 2679 N
1068 2638 1106 2678 A

328 2746 556 2804 Beatificati
563 2752 644 2790 onis
672 2777 686 2800 ,
719 2750 768 2797 ὅ
796 2746 1112 2796 canonizationis
1142 2759 1261 2798 Servi

386 2810 461 2849 Det‘
479 2810 690 2851 Laurentii
703 2810 730 2849 d
742 2811 966 2864 Brundusio
982 2815 1199 2856 sacerdotis

437 2866 594 2908 Ordinis
613 2871 815 2912 Minorem
831 2874 1118 2926 Capucinorum
1129 2902 1141 2913 .

403 2981 433 3021 B
481 2981 794 3029 Eminentiffimo
816 3017 830 3040 ,
872 2990 913 3029 &
954 2989 1312 3034 Reverendiffimo

425 3041 475 3082 D.
507 3043 718 3086 Cardinali
751 3048 849 3089 Pico
875 3049 1012 3090 Causae
1039 3050 1310 3093 Beatificatio-

269 3100 328 3140 nis
345 3126 359 3148 ,
391 3098 431 3138 δι
458 3100 786 3145 canonizationis
812 3108 929 3148 Servi
954 3109 1034 3150 Dei
1059 3110 1270 3152 Laurentii
1291 3109 1312 3150 zi

270 3156 495 3199 Brundusio
510 3159 691 3202 Ponente
702 3189 716 3212 ‚
733 3175 784 3204 ex
795 3163 1089 3220 dispensatione
1105 3168 1313 3224 Apostoli—

273 3229 320 3256 ca
337 3242 351 3264 ·,
377 3215 418 3257 in
439 3219 558 3259 Sacra
576 3217 744 3262 Rituum
757 3225 1088 3277 Congregatione
1103 3228 1309 3270 ordinaria

272 3275 419 3327 absque
443 3275 678 3319 interventu
692 3278 981 3321 Consultorum
1002 3287 1232 3338 proposito,
1265 3300 1311 3328 ac

271 3329 439 3374 discusso
474 3329 728 3391 infrascripto
757 3337 914 3379 dubio:
944 3344 1008 3381 An
1026 3341 1087 3395 stt
1105 3343 1304 3399 signanda

277 3389 483 3445 Commffo
507 3394 816 3450 reaffizmptionis
844 3396 978 3453 Caqfae
1005 3401 1048 3439 in
1063 3399 1176 3455 statu
1193 3431 1206 3452 ,
1255 3404 1303 3451 ἐς

273 3451 447 3512 terminis
469 3452 508 3491 in
525 3453 639 3508 castr?
657 3455 737 3501 &a
755 3456 994 3499 sac.eadem
1007 3454 1178 3500 Rittium
1197 3463 1311 3502 Con-

277 3515 462 3558 gregario
479 3535 492 3556 2
508 3509 545 3549 in
564 3509 720 3567 scriptis
734 3539 748 3563 ‚
778 3514 870 3556 &in
888 3529 988 3556 voce
1005 3516 1113 3559 R.P.
1132 3519 1183 3558 D.
1201 3517 1311 3561 Fidei

277 3563 517 3628 Promotore
550 3570 659 3621 prius
687 3572 851 3622 audito,
883 3573 1184 3618 rescribendum
1210 3589 1306 3617 cen—

276 3620 352 3660 suit
372 3621 633 3685 ‘Affirmative
651 3656 664 3679 ³
695 3631 720 3670 fi
738 3629 980 3674 San‘eiiffimo
1008 3635 1128 3676 D-N-
1143 3632 1306 3677 visum-2

279 3675 400 3718 fuerit
422 3681 499 3720 Die
518 3694 647 3726 xxvii
666 3700 696 3727 ι.
713 3689 881 3743 Augusti
900 3705 1176 3735 moccxxxiv.

339 3737 536 3801 Faqt‘tzique
568 3740 715 3786 deinde
744 3760 816 3799 per
844 3763 906 3790 me
933 3751 1206 3794 secretarium
1223 3750 1312 3795 de)

280 3794 472 3843 praedicris
501 3798 743 3843 sanctissimo
778 3807 829 3845 D.
844 3808 895 3847 Ν.
913 3807 1131 3852 Relatione
1155 3839 1168 3862 ³
1211 3815 1310 3854 San-

1375 2050 1490 2092 &itas
1510 2051 1586 2090 Sua
1603 2048 1774 2102 benigne
1789 2049 1929 2091 annuit
1943 2080 1958 2100 ,
1989 2050 2029 2089 &
2054 2048 2422 2094 Commiffionem„

1374 2108 1535 2165 propria
1552 2120 1675 2149 manu
1698 2106 1887 2161 signavit.
1922 2107 2002 2149 Di'e
2018 2119 2148 2151 xxiv.
2177 2107 2323 2151 Mensis
2351 2114 2424 2153 Se-

1373 2166 1568 2224 ptembris
1586 2165 1766 2222 ejusdem
1779 2166 1887 2210 'Anni
1905 2180 2190 2209 moocxxxtv.

1512 2271 1573 2331 A.
1591 2270 1644 2320 F.
1663 2271 1790 2320 Card.
1803 2269 2046 2320 Zondadari
2062 2269 2296 2337 Pro-Praef.
2350 2286 2353 2290 ·

1434 2379 1565 2423 Locus
1588 2379 1644 2435 »Β
1667 2379 1799 2437 Sigilli
1816 2410 1827 2421 .

1522 2475 1576 2515 N.
1595 2476 1653 2516 M.
1675 2473 1850 2529 Tedcsthi
1868 2470 2183 2528 Arcbt‘epistopus
2199 2470 2420 2526 Apamenas

1607 2534 1647 2573 S.
1665 2534 1715 2574 R.
1736 2536 1778 2575 C.
1802 2534 2043 2573 secretarius
2057 2558 2069 2570 .

1433 2638 1682 2696 Autograph.
1711 2643 1818 2681 inter
1842 2651 1978 2681 manus
2012 2638 2053 2679 P.
2068 2636 2318 2696 Postulatoris
2332 2637 2425 2680 ivr-'2

1491 2702 1646 2741 scrinio
1667 2698 1799 2756 Causa
1815 2727 1828 2740 .

1620 2814 2222 2878 NOTA.

1373 2906 1446 2993 E
1460 2953 1495 2989 T
1520 2950 1588 2988 alia
1615 2950 1733 2987 dehoc
1748 2949 1863 2988 Servo
1877 2947 1945 2985 Dei
1963 2947 2042 2984 vide
2059 2931 2157 2996 supra
2170 2946 2231 2982 fol.
2243 2955 2299 2993 51.
2318 2944 2352 2981 &
2369 2954 2425 2992 52.

1867 3081 1925 3091 —..

1400 3084 1516 3097 ..-

1376 3183 1451 3229 Fr.
1471 3176 1764 3233 Franciscum
1795 3177 2054 3226 Antonium
2101 3173 2374 3224 Correrium
2404 3207 2420 3229 ,

1409 3250 1662 3300 Pro-vinciae
1697 3251 1881 3297 Venetae
1913 3242 2164 3297 Professum
2182 3279 2198 3302 ,
2226 3242 2420 3293 Patriar-

1408 3321 1543 3369 cham
1561 3319 1860 3370 Venetiaturn
1878 3318 2105 3367 renuntiat
2120 3351 2131 3362 .

1421 3419 1818 3469 CLEMENS
1871 3408 2352 3464 EPIsCOP'US

1370 3514 1511 3551 servus
1536 3509 1743 3548 Servorum
1780 3505 1858 3543 Dei
1888 3495 2043 3541 Ditem
2075 3495 2174 3538 Filio
2208 3490 2416 3548 Francisto

1427 3567 1599 3610 Antonio
1615 3564 1795 3607 Corra-rio
1824 3554 1951 3601 Eli-elo
1976 3556 2220 3597 Venetiarum
2239 3552 2357 3593 Salu-

1482 3634 1586 3672 tem,
1618 3621 1671 3671 &
1689 3615 1940 3674 apostolicam
1966 3613 2298 3655 Benedit‘lionem.

1515 3690 1669 3734 Nerosa
1709 3683 1917 3731 Pastoralis
1949 3681 2070 3726 officii
2099 3711 2113 3733 ‚
2157 3681 2410 3737 dispositione

1529 3746 1679 3791 Summi
1709 3744 1878 3786 Pastoris
1907 3772 1921 3794 ‚
1964 3742 2032 3798 qui
2055 3755 2128 3797 pro
2158 3740 2231 3782 suis
2269 3740 2408 3783 ovibus

1374 3821 1545 3852 animam
1587 3805 1693 3848 ssiam
1727 3816 1879 3859 ponere
1904 3816 1984 3844 non
2018 3796 2407 3912 fefflffiVi‘CsNPbss

2263 3865 2348 3895 icet
2382 3883 2398 3897 η
