2658 4244
1007 206 1171 295 Sub
1236 201 1482 290 Paula
1549 202 1676 291 III.
2237 245 2263 288 1
2290 246 2330 311 7

267 337 416 382 vicibus
444 331 698 391 aegrava‘ndo
731 356 746 381 ,
792 324 979 371 invocato
1007 324 1131 366 etiam
1161 318 1292 363 adhoc
1354 316 1633 367 Ecclefiastica
1649 316 1871 365 constitutae
1886 321 2394 382 munitis3eandempr0r-

264 394 324 450 (fi
353 407 452 451 opus
467 370 628 451 tsuerit)
668 387 813 434 auxilio
848 381 1007 426 Brachii
1044 380 1251 423 Saecularis
1278 409 1289 419 .
1351 378 1413 420 sus
1440 376 1560 419 fidem
1585 376 1807 444 in-Judicio
1830 406 1844 428 2
1871 380 2066 432 &extra‚
2093 385 2394 430 adhibendam„

266 458 360 498 Non
383 454 628 496 obstantibus
653 444 847 504 praemissis
873 471 886 493 ‚
915 454 960 482 ac
990 440 1063 495 piae
1092 437 1292 481 memoria:
1352 436 1472 487 fore,
1505 448 1599 502 quae·
1619 436 1708 491 ipfis
1731 435 1988 490 praesentibus
2017 440 2284 485 adhiberetur
2310 473 2325 496 ,
2365 445 2393 486 fi

268 510 460 554 Bonifacii
477 514 588 565 Papae
603 508 722 551 vm.
737 505 856 550 etiam
873 494 1174 543 Praedecefforis
1200 499 1289 539 No-
1350 495 1486 537 forent
1506 495 1693 536 exhibitae
1715 522 1730 545 ‚
1766 494 1832 537 vel
1857 494 2015 537 ostensae
2033 526 2043 536 .
2077 501 2225 544 Datum
2254 505 2398 545 Romae

268 569 360 620 stri,
383 569 436 612 de
460 582 534 611 una
552 594 567 615 ,
592 579 637 608 ac
650 561 824 606 Concilii
841 556 1058 601 Generalis
1072 554 1123 596 dc
1139 555 1290 596 duabus
1353 553 1458 607 apud
1474 556 1659 596 Sancstum
1688 555 1855 594 Petrum
1880 553 1948 593 sub
1968 556 2130 599 Annulo
2145 559 2362 613 Piscatoris
2379 590 2395 612 ‚

268 627 392 670 dietis
417 654 430 677 ,
453 629 493 668 &
515 623 603 666 aliis
630 619 873 675 Apostolicis
901 613 1289 658 constitutionibus.
1351 611 1420 652 die
1437 610 1854 664 xxx1x.Aprilis1v1.
1870 627 1914 654 n.
1933 617 2394 669 ΧΧΧιΧᾞοΠ-ῑῐῇςᾶωέ

268 689 440 729 Necnon
454 680 648 738 quibusvis
665 676 892 731 Privilegiis
906 702 920 726 ‚
947 676 986 714 &
1005 671 1171 715 indultis
1188 673 1300 725 Apo·
1362 669 1498 713 Nostri
1513 684 1615 715 anno
1634 668 1847 719 Secundo.

268 742 412 786 stolicis
439 737 507 781 sub
533 731 830 794 quibuscunque
860 732 1068 775 tenoribus
1106 758 1119 781 a
1146 731 1184 771 &
1218 729 1299 771 sor-

267 801 366 850 mis,
393 811 438 839 ac
465 810 555 838 cum
580 793 779 855 quibusvis
797 789 979 834 clausulis
996 816 1010 841 ,
1037 791 1077 831 &
1102 789 1297 830 Decretis

265 849 483 904 concessis,
509 868 555 897 ac
569 849 840 895 concedendis
856 879 868 902 ,
895 863 976 905 quae
996 847 1186 890 adversus
1202 860 1299 903 prce-

265 911 370 956 missa
395 912 624 955 nullatenus
647 909 847 965 suffragari
862 905 967 964 posse
986 907 1168 948 volumus
1183 934 1196 956 ‚
1223 919 1296 948 cae-

263 971 437 1026 terisque
464 971 677 1012 contrariis
698 966 1009 1024 quibuscumque
1032 979 1047 1007 ;-
1070 963 1296 1006 decernen-

264 1041 328 1071 tes
356 1030 629 1084 Transumptis
643 1027 892 1084 praesentium
915 1038 1031 1066 manu
1047 1023 1207 1068 Notarii
1223 1036 1295 1078 pu-

266 1088 389 1140 blici,
417 1103 462 1132 ac
488 1087 616 1145 figulo
644 1086 810 1144 alicujus
839 1085 1013 1140 personae
1029 1081 1070 1125 in
1083 1081 1295 1143 Dignitate

2106 792 2258 849 ''Blost'ur
2266 825 2279 836 .

1413 906 1625 961 Exemplar
1649 909 1693 947 in
1710 915 1950 963 pergamena
1964 909 2143 951 authent.
2162 914 2206 951 in
2222 910 2400 953 Archivo

1469 966 1654 1008 Generali
1670 966 1827 1008 Ordinis
1842 972 2005 1012 Armar.
2020 970 2222 1012 Authent.
2240 968 2392 1026 infafi.

1473 1025 1600 1090 collig.
1616 1036 1723 1072 num.
1745 1036 1807 1076 15.

1047 1241 1609 1306 NOTA.

370 1411 431 1446 On
445 1410 494 1446 ita
519 1418 578 1457 per
606 1405 814 1446 transennam
838 1405 892 1442 hie
911 1402 1136 1440 nominandus
1152 1402 1200 1439 est
1215 1404 1254 1439 P.
1273 1402 1527 1446 Bernardinus,
1552 1400 1634 1447 quin
1657 1400 1743 1437 Eum
1756 1426 1768 1447 ‚
1795 1404 2080 1451 Capucini‘nostri
2093 1404 2217 1453 lsrael,
2238 1407 2397 1448 Currum

385 1458 428 1498 &¹
448 1458 648 1503 Aurigam,
675 1456 709 1492 in
723 1454 839 1501 spiritu
851 1455 885 1489 8(
900 1453 1028 1489 virtute
1043 1450 1138 1486 fuisse
1151 1476 1165 1494 ,
1193 1462 1237 1486 ex
1254 1452 1349 1488 Illius
1363 1451 1443 1486 vitae
1455 1451 1487 1486 &
1498 1450 1652 1486 aetorum
1669 1451 1823 1497 epitome
1837 1477 1849 1495 ‚
1862 1455 2120 1490 commemorari
2133 1454 2259 1492 debeat
2272 1480 2281 1491 .

357 1505 488 1543 Traxit
516 1504 740 1541 Bernardinus
758 1502 924 1545 originem
947 1512 995 1536 ex
1016 1499 1138 1535 illustri
1166 1500 1337 1535 Paliorum
1362 1499 1524 1546 Prosapia
1541 1523 1555 1542 ,
1579 1497 1684 1534 Urbis
1710 1499 1801 1536 Astae
1825 1501 1861 1536 in
1895 1501 2044 1537 insubria
2068 1502 2187 1547 Cive,
2210 1515 2253 1539 ac
2279 1504 2397 1541 castr?

259 1553 368 1599 Ringi
395 1554 546 1589 Domina
558 1577 571 1597 ,
595 1552 725 1599 fuitque
755 1550 924 1587 studiosus
952 1549 1053 1585 haeres
1080 1548 1243 1590 virtutis,
1264 1550 1331 1596 qua
1344 1549 1381 1586 S.
1395 1548 1574 1584 Secundus
1586 1547 1717 1595 Martyr
1731 1573 1745 1593 ‚
1766 1548 1841 1586 fatae
1852 1548 1963 1596 stirpis
1976 1561 2116 1595 germen
2132 1573 2145 1593 ,
2171 1552 2393 1598 Consanguia

259 1615 329 1639 neae
340 1602 403 1639 suae
418 1601 565 1638 Familia:
585 1602 800 1648 splendorem
808 1599 964 1635 adauxit.
1005 1598 1042 1634 ln
1055 1598 1137 1633 flore
1151 1597 1261 1633 aetatis
1275 1622 1287 1643 ,
1321 1600 1341 1632 a
1356 1598 1455 1633 Patre
1476 1596 1536 1632 suo
1561 1596 1709 1631 Romam
1723 1622 1737 1641 ‚
1747 1597 1792 1634 ad
1805 1598 2007 1637 addiscenda
2023 1599 2212 1636 Nobilium
2227 1602 2399 1638 exercitia

257 1651 370 1691 miffus
397 1650 445 1687 est
456 1675 468 1694 ,
488 1651 523 1687 8(
540 1652 559 1685 a
574 1650 674 1685 Patre
687 1650 868 1684 Luminum
881 1648 929 1683 ibi
941 1646 1064 1683 duetus
1078 1645 1142 1680 fuit
1155 1646 1199 1681 ad
1212 1645 1375 1691 regularis
1391 1644 1473 1681 vitae
1486 1645 1670 1691 palaestram
1686 1669 1695 1678 .
1723 1646 1820 1684 Hanc
1835 1647 1923 1682 inter
1949 1648 2034 1683 RR.
2059 1647 2127 1682 ΡΡ.
2150 1649 2398 1690 Observantcs,

257 1701 308 1736 ita
319 1699 511 1741 inchoavit,
536 1709 575 1733 ut
591 1698 746 1744 primaria
760 1696 950 1731 Provinciae
965 1696 1129 1731 Romanae
1140 1693 1252 1730 officia
1265 1719 1277 1738 ‚
1295 1693 1384 1742 justa
1397 1693 1528 1740 semper
1541 1691 1668 1728 fuerint
1682 1695 1887 1735 meritorum
1901 1694 2040 1730 suorum
2063 1697 2200 1741 premia
2214 1722 2224 1732 .
2252 1699 2386 1735 illam...

258 1759 298 1784 ut
310 1748 371 1783 sub
384 1747 557 1792 rigidioris
569 1747 649 1782 vitae
661 1745 836 1792 disciplina
851 1745 1063 1780 continuaret
1074 1765 1086 1785 ,
1110 1754 1198 1778 anno
1218 1754 1321 1788 ¹5³4·
1340 1742 1462 1777 nostrae
1478 1741 1542 1776 sese
1558 1741 1739 1777 add1xerat
1752 1742 2033 1787 C‘ongregationi
2048 1767 2062 1786 ‚
2087 1744 2186 1791 cujus
2202 1745 2384 1792 postquam

262 1807 326 1844 per
349 1796 431 1832 anni
447 1795 590 1841 spatium
606 1804 678 1829 erat
707 1793 905 1831 Membrum
919 1816 933 1837 ‚
956 1791 1065 1828 &Eius
1078 1789 1252 1827 fuitillius
1267 1792 1384 1839 Caput
1398 1814 1411 1833 ‚
1433 1790 1490 1825 seu
1516 1789 1676 1826 Vicarius
1703 1791 1906 1828 Generalis.
1934 1791 2090 1837 Expleto
2112 1793 2263 1830 muneris
2283 1794 2392 1841 hujus

261 1843 407 1880 triennio
419 1867 431 1887 ‚
457 1842 693 1880 Procuratoris
720 1842 905 1877 Generalis
934 1851 1070 1876 munere
1094 1838 1302 1884 fungebatur
1320 1839 1426 1885 usque
1442 1840 1486 1875 ad
1500 1850 1628 1874 annum
1649 1839 1747 1883 1546.
1761 1852 1831 1886 quo
1846 1841 1931 1875 Eum
1946 1863 1959 1883 ,
1986 1839 2022 1874 in
2036 1840 2244 1877 Tridentino
2259 1844 2387 1879 Conci*
2402 1876 2405 1879 .

261 1892 312 1928 lio
324 1915 337 1935 ‚
357 1893 472 1928 causas
483 1893 517 1927 8(
530 1890 709 1928 commoda
720 1890 866 1925 Ordinis
879 1898 1050 1925 curantem
1064 1913 1076 1932 ,
1104 1888 1257 1923 Comitia
1275 1889 1431 1924 Romana
1445 1912 1459 1931 ,
1486 1887 1632 1925 secunda
1650 1886 1738 1922 Vice
1746 1912 1759 1931 ‚
1787 1888 1962 1924 Vicarium
1977 1888 2188 1925 Generalem
2213 1892 2389 1931 renuntia-⁴

259 1949 359 1977 runt.
385 1941 478 1976 Cum
489 1949 602 1977 autem
615 1952 658 1975 eo
671 1938 744 1984 ipso
759 1949 913 1983 tempore
930 1962 943 1981 ,
969 1949 1039 1985 quo
1055 1938 1096 1975 P.
1116 1937 1342 1974 Bernardinus
1357 1947 1444 1973 curae
1460 1936 1494 1971 8(
1511 1935 1667 1980 regimini
1695 1934 1860 1973 Generali
1879 1935 2074 1980 invigilaret
2088 1960 2101 1980 ,
2129 1935 2274 1982 Religio
2303 1938 2403 1984 foris,

262 1987 368 2025 variiS
392 1990 610 2037 impeteretur
621 1986 747 2036 pugnis
764 2011 776 2030 ,
808 1986 843 2027 8(
856 1986 948 2022 intus
962 1987 1005 2021 ad
1018 1984 1226 2032 periculosas
1240 1985 1371 2034 syrtes,
1398 1996 1462 2020 ceu
1475 1984 1624 2031 orphana
1645 1985 1761 2025 Navis
1773 2010 1787 2030 ,
1810 1985 2031 2027 allideretur,
2051 1984 2199 2032 exprimi
2223 1987 2314 2024 haud
2329 2000 2404 2034 pov

261 2036 322 2074 test
337 2061 350 2078 ‚
373 2049 440 2084 qua
451 2038 529 2073 cura
543 2038 576 2073 8(
589 2037 699 2073 studio
712 2035 939 2071 incolumitati
953 2034 1026 2082 ejus
1042 2033 1209 2078 firmandae
1224 2032 1434 2070 insudaverit
1450 2059 1460 2068 .
1487 2033 1665 2070 Reunioni
1688 2045 1765 2070 cum
1786 2034 1854 2070 ΡΡ.
1869 2033 2143 2069 Observantibus
2155 2058 2168 2078 ,
2194 2047 2296 2082 quam
2317 2037 2389 2072 Re-

260 2086 519 2122 verendiffimus
537 2087 575 2122 P.
591 2084 793 2121 Vincentius
810 2084 978 2119 Lunellus
996 2107 1008 2126 ‚
1023 2083 1145 2117 horum
1161 2083 1314 2119 Minister
1330 2081 1514 2119 Generalis
1527 2106 1542 2125 ,
1558 2082 1656 2118 vario
1671 2082 1747 2117 nisu
1758 2105 1770 2126 ‚
1782 2083 1887 2118 modo
1898 2106 1914 2126 ,
1938 2082 1973 2117 &
1989 2082 2102 2117 medio
2121 2086 2266 2127 urgebat
2277 2108 2290 2128 ,
2324 2097 2390 2132 po-

254 2130 372 2174 rtentet
386 2135 541 2177 obstitit,
565 2145 707 2181 eamque
722 2131 853 2170 Sebeda
866 2132 1019 2167 Domino
1033 2131 1208 2167 Cardinali
1223 2132 1447 2168 Sanseverino
1461 2130 1615 2177 perrefita
1625 2155 1637 2174 ‚
1664 2132 1720 2165 vel
1745 2131 1932 2175 nocivam„³
1958 2131 2014 2165 vel
2025 2162 2028 2165 .
2041 2130 2277 2177 impoffibilem
2307 2144 2387 2180 pro-

261 2183 359 2220 bavit
377 2210 386 2220 .
410 2184 460 2222 Ut
486 2183 650 2221 continuo
674 2182 885 2217 censurarum
897 2180 1052 2223 fulmini,
1076 2192 1148 2227 quo
1162 2181 1310 2227 receptio
1325 2182 1366 2220 ad
1377 2179 1541 2216 Ordinem
1554 2203 1568 2223 ,
1595 2180 1628 2215 &
1641 2178 1788 2216 Ordinis
1804 2178 1846 2214 ad
1860 2189 1993 2214 exteras
2014 2179 2171 2223 regiones
2184 2180 2316 2216 diffufio
2338 2193 2394 2217 re·.

260 2231 486 2277 stringebatur
513 2256 526 2276 ‚
549 2239 732 2279 poneretur
756 2229 831 2266 finis
855 2253 869 2273 ,
898 2228 1070 2267 humiliter
1094 2228 1214 2264 institit
1238 2254 1253 2272 ,
1280 2230 1315 2265 8(
1339 2229 1555 2276 aliquatenus
1578 2227 1758 2268 obtinuit:
1784 2226 2030 2264 Exterminium
2055 2251 2069 2271 ,
2096 2229 2203 2274 quod,
2226 2229 2403 2268 funesta-r

259 2280 329 2328 jam
343 2280 502 2327 praeludia
518 2305 532 2324 ,
553 2278 736 2323 ReIIgioni
748 2287 880 2316 certum
898 2278 1139 2320 minabantur,
1159 2278 1316 2314 oratione
1332 2302 1344 2322 ,
1358 2279 1393 2314 8(
1410 2276 1474 2312 suae
1489 2276 1692 2312 Sanffitatis
1712 2276 1800 2314 fama
1824 2275 2004 2324 impedivit
2020 2301 2029 2311 .
2053 2278 2105 2313 Ut
2130 2288 2247 2313 contra
2270 2277 2394 2322 sutura>

262 2328 454 2366 discrimina
474 2329 642 2365 Ordinem
666 2327 821 2363 solidaret
841 2326 965 2362 fortius
980 2350 993 2370 ‚
1012 2324 1167 2361 fundavit
1191 2338 1268 2369 eum
1296 2327 1395 2374 super
1416 2323 1500 2362 duas
1525 2325 1731 2371 potiffimum
1752 2326 1851 2362 Bases
1869 2348 1880 2364 ‚
1902 2324 2108 2361 Chai-itatem
2137 2326 2300 2363 videlicet
2314 2350 2327 2370 ‚
2352 2327 2388 2361 &

262 2377 502 2425 Paupertatem
517 2389 527 2411 ι
541 2377 751 2413 Charitatem
779 2377 821 2410 de
845 2375 948 2411 corde
971 2385 1088 2422 puro,
1110 2374 1144 2409 &
1168 2374 1372 2411 conscientia
1394 2386 1464 2409 non
1486 2374 1564 2409 ficta
1591 2373 1766 2409 Fratribus
1790 2372 1992 2421 paraenetica
2020 2374 2076 2408 sua
2091 2374 2234 2420 epistola
2247 2375 2303 2420 (a)
2319 2386 2384 2411 ceu
2485 2409 2492 2419 ,

262 2425 363 2461 lllam
376 2426 629 2463 commendavit
644 2448 657 2467 ‚
679 2436 754 2472 quae
768 2423 985 2466 integ-ramae
994 2421 1175 2470 perfefilam
1200 2423 1272 2459 Deo
1300 2421 1440 2470 Regulae
1467 2422 1733 2469 observantiam
1747 2423 1816 2458 Eos
1843 2420 1983 2456 reddere
2005 2421 2162 2466 doceret,
2190 2423 2223 2457 8(
2226 2423 2298 2470 fine
2319 2434 2387 2469 qua
2405 2408 2525 2477 §wgtde
2536 2424 2615 2448 “ffl-

265 2473 464 2520 Capacinus
487 2486 554 2508 non
581 2473 644 2521 nisi
656 2470 890 2518 nuncupative
903 2471 986 2506 talis
1003 2472 1099 2518 foret
1112 2495 1122 2505 .
1150 2471 1385 2517 Paupertatem
1398 2494 1412 2513 ‚
1437 2482 1539 2516 quam
1550 2469 1679 2504 Christi
1696 2470 1921 2505 haereditatem
1936 2470 2107 2514 appellare
2133 2471 2358 2506 consueverat
2374 2459 2455 2522 viil.
2470 2456 2594 2528 ζὲὲπι·

264 2521 392 2556 Ordini
404 2520 450 2555 ita
462 2522 708 2559 substantialem
721 2519 928 2557 encomiavit
939 2543 951 2562 ‚
969 2531 1008 2554 ut
1022 2542 1035 2562 ,
1054 2519 1135 2554 dum
1154 2519 1286 2561 Fratres
1296 2543 1309 2562 ,
1337 2518 1551 2562 Paupertatis
1563 2525 1728 2554 amatores
1741 2540 1754 2560 ‚
1773 2516 2034 2559 Ordinisdecus
2050 2519 2249 2565 appellabat
2263 2540 2276 2561 ‚
2290 2518 2385 2554 illius
2530 2512 2539 2522 '

263 2576 519 2614 contemptores
533 2577 672 2606 econtra
685 2591 700 2610 ,
721 2565 781 2604 Fr.
795 2565 878 2602 Eliae
892 2565 996 2601 Filios
1009 2589 1030 2613 ,ᾗ
1049 2578 1088 2600 ac
1100 2564 1294 2612 Religionis
1305 2563 1532 2614 Destrufiiores
1546 2588 1558 2607 ‚
1580 2563 1613 2598 in
1627 2565 1742 2600 eadem
1755 2563 1902 2611 epistola
1914 2587 1926 2607 ‚
1936 2564 2134 2610 nominaret
2148 2592 2158 2601 .
2184 2566 2384 2602 Abundans

265 2617 404 2652 tandem
420 2617 430 2651 l
436 2616 493 2663 pse
506 2616 715 2665 Paupertate
729 2638 741 2657 ‚
765 2614 822 2661 (b)
834 2614 876 2654 ὠ·
891 2613 1016 2649 cretius
1030 2612 1224 2650 humilitate
1237 2626 1325 2649 anno
1343 2623 1440 2659 1554.
1458 2612 1518 2648 sub
1543 2613 1739 2660 Antiphona
1753 2637 1766 2656 ,
1800 2611 2097 2648 Caelorumcandor
2115 2612 2295 2661 splenduit
2310 2614 2383 2654 &cn

263 2662 298 2697 in
315 2665 442 2700 Umbra
455 2664 570 2700 mortis
585 2663 776 2711 expalluit.
802 2662 957 2698 Virtutes
968 2661 1050 2698 alias
1070 2687 1082 2705 ,
1107 2662 1230 2710 quibus
1249 2665 1287 2699 P.
1304 2661 1529 2698 Bernardinus
1539 2661 1679 2703 eminuit
1690 2685 1704 2704 ‚
1725 2661 1852 2708 &quas
1881 2662 1978 2696 Deus
2002 2660 2248 2697 miraculorum
2272 2663 2384 2706 gloria
2402 2650 2498 2718 (Ibfflx
2507 2657 2611 2697 Fufi.

261 2712 408 2748 reddidit
425 2714 601 2755 coruscas,
624 2712 684 2758 qui
700 2713 809 2755 legere
822 2711 953 2753 ambit,
979 2710 1133 2756 inspiciat
1149 2712 1296 2747 Athenas
1309 2711 1445 2745 orthod.
1455 2709 1601 2746 Willoti.
1613 2709 1747 2744 Chron.
1774 2708 1862 2743 Min.
1888 2708 2046 2743 Barezzii
2068 2710 2122 2757 (c)
2141 2710 2273 2746 Vocem
2290 2712 2384 2746 Tur·
2425 2700 2455 2719 ι’
2470 2705 2501 2723 '⁰’
2524 2707 2571 2728 ¹²·

262 2761 349 2796 turis
375 2762 540 2799 Gravinae
553 2761 610 2807 (d)
624 2763 776 2797 Tomum
797 2758 1001 2794 1.Virorum
1028 2759 1215 2795 illustrium
1237 2759 1414 2794 Moncadae
1425 2783 1439 2802 ‚
1466 2756 1869 2809 SpeculumSet-aphicae
1892 2756 2009 2802 Relig.
2033 2758 2235 2795 Torrecillae
2256 2758 2321 2795 &c-
2347 2760 2383 2797 8(
2404 2759 2447 2793 (c)
2474 2760 2593 2802 Pm.4.

260 2809 448 2856 praeprimis
464 2822 503 2846 ac
524 2807 627 2847 fufius
646 2807 798 2847 Annales
811 2809 847 2843 P.
862 2807 1002 2849 Boverii
1016 2809 1123 2844 Tom.
1143 2820 1171 2845 1.
1185 2808 1226 2844 ad
1239 2819 1347 2847 annos
1365 2817 1463 2854 1549.
1481 2806 1516 2842 8(
1538 2817 1574 2852 15
1584 2815 1654 2852 54„
2399 2798 2596 2878 Ἀΐὲαἶίι.

2399 2888 2424 2910 c.
2438 2888 2487 2918 ²4·

358 2908 429 2953 θ’)
480 2909 534 2943 De
560 2904 790 2954 prohibitione
808 2904 965 2951 portandi
986 2905 1093 2940 nostri
1112 2903 1260 2941 ‘Ordinis
1282 2904 1447 2940 Habitum
1483 2903 1564 2939 vide
1587 2902 1672 2938 infra
1706 2903 1859 2940 Constit.
1883 2903 1936 2939 Pii
1964 2904 2030 2941 IV.
2069 2905 2241 2951 Gregorii
2270 2908 2379 2955 XIII.

263 2953 373 3000 Greg.
387 2955 494 2992 XIV.
512 2955 546 2990 &
570 2955 682 2999 Greg.
696 2953 783 2989 XV.
806 2965 846 2988 ac
860 2953 990 2990 Urbani
1002 2953 1106 2989 VIII.
1130 2953 1196 2988 ἃς.
1215 2953 1251 2988 8(
1279 2952 1439 2990 Ιηάἰεεῐη,
1458 2952 1666 2990 Generalem
1688 2951 1810 2988 Verbo
1821 2952 1980 2989 Habitus
1992 2978 2002 2989 .
2184 2951 2187 2959 ’“

256 3185 515 3239 Confirmat
530 3191 702 3239 Literas
723 3187 1007 3256 Apostolicas
1021 3190 1076 3239 de
1092 3189 1289 3240 Ereffio-
1381 3193 1436 3240 P.
1467 3191 1709 3240 Vicarium
1739 3194 2014 3242 Gener-alem
2037 3227 2055 3249 ,
2100 3196 2173 3243 vel
2203 3198 2391 3246 Fratres

287 3274 343 3307 ne
375 3258 530 3309 nostrae
561 3261 976 3328 Congregationis,
1013 3263 1040 3309 a
1064 3264 1151 3311 ΡΡ.
1184 3262 1289 3310 Cle·-

288 3344 436 3379 mente
457 3334 579 3380 VII.
598 3329 817 3379 concessas
834 3350 846 3378 :
865 3328 1033 3388 sancit,
1063 3345 1114 3379 ut
1151 3333 1287 3381 Vica-

291 3398 382 3446 rius
401 3403 635 3450 Generalis
668 3401 833 3449 elafius
853 3435 868 3457 ‚
893 3401 1009 3449 intra
1036 3399 1282 3451 triduum-³

289 3465 315 3511 ὲ
330 3469 717 3521 Reverendiffimo
747 3475 797 3522 P.
817 3470 1043 3539 Magistro
1067 3472 1281 3520 Generali

292 3538 682 3595 conventualium
699 3577 715 3599 ,
749 3540 885 3608 usque
907 3540 962 3589 ad
981 3543 1114 3590 aliam
1139 3545 1186 3591 S.
1206 3545 1282 3590 Se-

292 3604 361 3652 dis
377 3605 706 3674 dispositionem
719 3647 735 3669 ‚
756 3604 1055 3661 'confirmetur
1070 3632 1081 3659 :
1099 3611 1207 3678 quid
1212 3616 1231 3674 j
1238 3630 1283 3673 ur

290 3675 352 3724 ris
370 3676 474 3726 huic.
492 3679 539 3726 in
556 3684 814 3747 Capucinos
852 3697 1112 3750 competat,
1150 3679 1286 3748 speci-

293 3743 399 3795 ficat
418 3768 429 3797 :
449 3748 655 3800 omnibus
671 3749 917 3821 &smgulis
934 3788 950 3812 ‚
986 3771 1040 3806 ne
1072 3752 1285 3818 distuim

1380 3257 1462 3308 sub
1487 3266 1586 3323 ejus¹
1604 3260 1860 3320 obedientia
1890 3264 2093 3312 viventes
2112 3264 2208 3312 ullo
2236 3263 2385 3320 modo

1379 3329 1641 3390 molestent,
1675 3333 1872 3385 inhibet:
1886 3331 1935 3382 ὅ(
1953 3332 2076 3398 quod
2096 3335 2270 3382 Vicarii
2292 3337 2382 3383 Ge·-

1377 3399 1547 3451 nerales
1566 3399 1638 3450 seu
1659 3403 1971 3452 Provinciales
1992 3403 2018 3449 ὲ
2036 3398 2258 3452 Ministris
2288 3408 2380 3453 Ge-

1374 3471 1630 3529 neralibus‚
1667 3470 1755 3521 seu.
1778 3471 2137 3521 Provincialibus
2170 3491 2258 3523 non
2295 3472 2379 3524 nisi

1373 3543 1556 3590 nomine
1575 3539 1807 3592 differrent
1825 3577 1841 3599 ,
1863 3560 1914 3590 ac
1942 3540 2045 3596 ideo
2072 3546 2253 3593 Fratres
2276 3546 2378 3594 tali·-

1376 3611 1464 3661 bus*
1476 3612 1961 3669 Vicariisobedientes,
1983 3629 2203 3682 praecepto
2221 3619 2376 3684 Reguss

1376 3683 1453 3731 lae:
1471 3697 1517 3729 ut
1547 3681 1734 3731 obediant
1746 3682 1837 3747 fitis
1858 3680 2073 3749 Mimstris
2093 3721 2109 3745 ,
2141 3685 2280 3754 plene,
2311 3683 2376 3743 sa:

1376 3749 1604 3809 tisfaciant
1618 3787 1647 3811 ‚,
1666 3752 1864 3809 declarat
1878 3789 1901 3810 .,

1660 3825 1698 3874 C
2160 3828 2193 3874 P
2209 3829 2243 3870 A
2260 3828 2319 3869 U·-
