2704 4296
282 396 470 476 prout
515 386 688 469 supra
729 379 833 446 fol.
865 377 1042 444 XIV
1076 379 1301 442 dicium
1336 379 1449 443 est.
1490 382 1679 443 Fixus
1709 390 1829 466 jam
1868 381 2210 473 stabilisque
2239 396 2427 452 etiam

283 474 494 558 quoad
546 474 766 536 Brevia
819 463 1184 553 Apostolica
1237 484 1448 531 man-et
1499 466 1756 553 stylus,
1802 491 1945 531 curn
1992 479 2343 554 regulariter
2390 474 2427 537 a

285 561 639 626 Nativitate
670 559 933 619 Domini
956 599 974 626 ‚
1024 553 1090 616 id
1121 552 1203 614 est
1236 553 1451 619 XXV.
1492 556 1839 619 Decembris
1871 599 1886 626 ‚
1941 564 2198 623 Annum
2230 564 2424 644 auspi-

286 663 497 713 centur
522 650 693 725 juxta
729 666 829 712 ea,
862 664 995 726 quae
1030 641 1398 708 Concilium
1438 641 1810 704 Colonienie
1843 650 2032 709 Anno
2086 650 2424 714 MCCCX.

291 735 444 800 Can.
494 728 739 795 XXIII.
776 732 1062 796 sancivit:
1109 733 1405 790 Statuimus
1452 734 1638 800 etiam,
1686 747 1742 790 ut
1772 754 1837 787 ex
1867 753 2000 789 nunc
2030 739 2093 801 de
2126 753 2293 793 coetero
2324 745 2429 795 An-

286 840 382 880 nas
413 813 636 878 Domini
679 818 969 896 obſsrvetur
1002 864 1016 887 ‚
1063 828 1132 888 <5³
1164 822 1494 878 Nativitate
1541 820 1725 895 Christe·
1768 823 2051 878 innovetur
2083 834 2190 891 &a
2244 825 2438 893 Inde,v

283 903 327 969 fi
361 903 482 970 hoc
517 925 682 969 anno
715 903 1142 972 MDCCXL.
1170 905 1370 973 Breve
1402 904 1839 989 Apostolicum
1879 908 1997 973 Die
2027 909 2271 981 XXVI.
2311 912 2433 982 De-

282 992 535 1058 cembris
584 990 859 1077 expediri
905 993 1322 1075 contingeret,
1367 994 1433 1057 in
1479 1016 1554 1056 eo
1589 994 1778 1077 legere
1825 999 1933 1056 erit
1983 1002 2430 1059 Datum
2548 1047 2553 1051 .

286 1078 746 1146 MDCCXLI.
776 1080 1123 1164 Cespitavit
1165 1097 1373 1143 contra
1419 1080 1577 1144 hanc
1621 1082 1891 1168 regulam
1928 1088 1991 1146 &
2024 1086 2270 1169 Stylum
2325 1084 2434 1146 Pa·
2533 1116 2537 1129 τ

284 1164 655 1251 pebrochius
692 1209 708 1233 ,
752 1166 909 1246 dum
960 1176 1040 1243 (n)
1082 1171 1146 1230 in
1191 1167 1492 1231 Brevibus
1539 1190 1767 1233 annum
1813 1194 1849 1234 a
1893 1171 2193 1237 Kalendis
2219 1171 2647 1237 Janua-(n>Pr0·

284 1256 358 1315 rii
403 1253 676 1316 inchoari
722 1253 986 1338 scripsit.
1191 1284 1206 1310 ι
2453 1229 2654 1335 {sirmi}

461 1338 1653 1423 Exprimiturannus‚itagcalculatus,in
1687 1339 1984 1408 Brevibus
2017 1346 2281 1406 numeris
2304 1348 2437 1410 Ro·
2451 1330 2649 1434 §51343'

287 1429 480 1489 manis
509 1466 527 1491 ‚
591 1427 652 1486 ὃς
685 1467 702 1491 ,
746 1426 786 1487 si
843 1429 1215 1490 contrarium
1258 1428 1323 1487 in
1359 1430 1787 1513 Autographis
1849 1428 2394 1514 deprehenderetur
2420 1474 2438 1499 ‚

286 1512 676 1596 suspicionem
701 1510 828 1575 falsi
855 1516 981 1577 haec
1016 1518 1349 1597 ingererent
1378 1556 1394 1582 ‚
1439 1519 1726 1601 quamvis
1754 1537 1979 1581 errores
2013 1518 2439 1601 exemplorum

288 1601 534 1663 incuriae
577 1598 899 1663 scribarum
933 1646 949 1669 ‚
994 1602 1095 1668 vel
1140 1600 1323 1663 etiam
1354 1602 1779 1687 Typographi
1828 1604 2053 1687 poffint
2098 1602 2398 1684 adscribi.

465 1683 824 1771 Discrepant
871 1691 1059 1753 etiam
1105 1687 1317 1754 Brevia
1365 1686 1403 1748 ἓι
1447 1688 1635 1750 Bullis
1683 1691 1896 1772 quoad
1946 1691 2444 1775 Chronologiam

291 1782 354 1839 in
399 1774 522 1838 hoc
558 1818 574 1841 ‚
619 1775 790 1858 quod
834 1779 900 1838 in
945 1775 1062 1840 illis
1111 1776 1253 1840 data
1299 1773 1422 1837 diei
1469 1794 1611 1840 ante
1658 1779 2059 1864 Annum‚·in
2088 1771 2249 1841 hisce
2295 1782 2443 1845 vero
2530 1822 2535 1830 .

295 1862 431 1949 post
462 1862 725 1927 Annum
772 1861 1203 1928 Incarnationis
1251 1879 1563 1948 ponatur.

713 2006 1636 2098 SECTIO
1836 2008 2034 2098 IV*

529 2153 666 2241 De
731 2151 1154 2237 Secretario
1192 2219 1214 2248 ,
1283 2151 1567 2246 Brevia
1629 2149 2200 2268 rSZthscribem‘ec

298 2301 624 2458 FUerat
667 2303 811 2368 olim
857 2304 1196 2367 institutum
1237 2323 1336 2390 24.
1383 2307 1856 2370 Secretariorum
1905 2299 2451 2389 Apostolicorum

448 2389 803 2472 Collegium
839 2395 1000 2473 „cui
1039 2411 1260 2454 munus
1292 2394 1527 2456 Literas
1562 2396 1623 2455 in
1662 2387 1860 2457 forma
1891 2390 2100 2454 Brevis
2134 2386 2451 2471 expeditas

298 2476 710 2541 subscribendi
766 2477 1158 2543 incumbebat
1199 2524 1216 2536 -
1265 2479 1548 2543 Tandem
1597 2480 1697 2542 vel
1744 2484 1854 2542 uni
1897 2499 1973 2544 ex
2020 2475 2182 2537 dieto
2242 2471 2453 2535 Colle-

301 2566 402 2643 gio
437 2610 453 2633 ,
495 2566 598 2627 vel
639 2568 822 2626 etiarn
866 2565 1121 2627 Praelato
1164 2577 1332 2622 extra
1377 2561 1538 2623 illud
1582 2563 1807 2625 collata
1839 2578 1966 2624 erat
1996 2560 2124 2629 haec
2162 2556 2452 2642 potestas,

303 2652 444 2712 Hac
475 2647 670 2710 nostra
698 2666 870 2712 aetate
899 2646 1211 2711 subscribit
1240 2667 1311 2707 ea
1328 2649 1686 2711 Secretarius
1704 2693 1718 2716 ,
1753 2647 2023 2730 expresse
2051 2642 2416 2707 constitutus
2435 2686 2450 2710 ,

307 2733 523 2800 &ideo
544 2736 909 2799 Secretarius
928 2731 1226 2798 Brevium
1256 2747 1646 2817 nuncupatus
1664 2737 1896 2817 ,qui‘eo
1924 2733 2056 2817 ipso
2080 2779 2094 2803 ‚
2121 2729 2291 2818 quod
2326 2749 2455 2812 gra-

305 2827 413 2885 via
461 2822 635 2907 Papae
684 2821 1084 2905 negotia'per
1127 2818 1354 2885 Brevia
1398 2818 1840 2905 expediantur,
1886 2819 2094 2903 ampla
2130 2826 2453 2889 Sacrorum

307 2910 654 2972 Canonum
701 2956 715 2978 ,
772 2909 1201 2973 Conciliorum
1235 2953 1250 2976 ‚
1312 2907 1814 2991 Apostolicarum
1877 2906 2454 2971 constitutionum,

307 2998 555 3059 scientia
587 3044 601 3066 ,
647 3002 712 3060 &
757 2997 949 3078 sagaci
980 2996 1195 3078 quoad
1226 2999 1439 3079 gratias
1461 3035 1476 3062 2
1510 2998 1574 3055 in
1605 2994 1790 3081 Stylo
1824 2993 2052 3063 Sanfiae
2098 2991 2269 3062 Sedis
2314 3011 2453 3052 con-

308 3083 445 3145 cedi
488 3084 683 3147 solitas
710 3081 937 3168 <peritia
981 3083 1210 3168 semper
1254 3080 1474 3167 pollet.

483 3171 726 3236 Munus
773 3172 895 3231 hoc
943 3169 1287 3257 aliquando
1323 3169 1605 3237 Praelatos
1637 3213 1653 3241 ,
1692 3169 2030 3255 aliquando
2068 3175 2171 3244 (ὃς
2202 3162 2455 3253 quidem

315 3257 691 3333 novissime)
737 3256 1097 3322 Cardinales
1143 3251 1349 3319 obiiffe
1395 3258 1643 3321 millena
1687 3256 1962 3341 produnt
2008 3257 2274 3321 Brevia:
2322 3248 2460 3346 fun-

314 3347 476 3426 gitur
522 3367 596 3406 eo
642 3344 1173 3429 impraesentiarum
1213 3340 1734 3415 Eminentiffimus
1777 3344 2145 3414 cardinalis*
2177 3340 2456 3415 Domini-

319 3451 418 3492 cus
455 3431 800 3494 Paffioneus
823 3471 839 3498 ,
884 3430 946 3492 in
976 3451 1103 3515 quo
1130 3432 1470 3516 praetaetam
1504 3430 1840 3494 Canonum
1867 3474 1882 3499 ,
1915 3434 2056 3513 juris
2086 3436 2201 3493 &a
2234 3422 2456 3488 doari-

320 3534 460 3578 nam
516 3523 776 3580 eminere
816 3563 831 3587 ‚
891 3537 1015 3579 non
1061 3518 1259 3581 solum
1319 3517 1579 3582 Urbium
1635 3518 1824 3582 Orbis
1886 3518 2092 3580 Roma
2122 3557 2138 3583 ‚
2181 3517 2296 3596 jam
2341 3509 2455 3571 du-

322 3598 474 3662 dum
521 3623 770 3667 noverat
797 3651 813 3673 ‚
860 3608 1082 3668 verum
1128 3607 1309 3667 etiam
1359 3603 1547 3688 sparsa
1590 3603 1736 3667 hinc
1782 3602 1928 3666 inde
1974 3602 2054 3666 ab
2090 3605 2178 3669 Eo
2205 3603 2270 3662 in
2303 3599 2456 3664 Pon-

321 3683 520 3748 tificiis
567 3689 1008 3774 Legationibus
1057 3707 1460 3754 monumenta
1503 3690 1799 3754 clamant.

495 3772 714 3842 Brevia
748 3821 763 3846 ‚
810 3799 938 3860 quae
968 3778 1176 3861 gratias
1210 3781 1522 3841 continent
1567 3796 1932 3840 communes
1958 3821 1973 3847 ‚
2018 3772 2329 3841 subscribit
2354 3769 2457 3834 hic

2182 3864 2376 3927 Secre-
