2704 4296
928 175 1089 265 Sub
1149 174 1531 266 Clemente
1596 181 1692 267 V
1682 181 1773 269 II.
2314 226 2348 290 5

290 305 361 340 vim
370 325 384 346 ‚
399 302 434 338 &
448 298 607 338 effeaum
621 295 782 348 exprzmit
792 318 806 338 ‚
819 296 902 332 dum
915 293 1023 328 Bullae
1037 292 1137 348 verba
1150 316 1163 347 ‚³
1177 291 1268 349 aqu&
1275 293 1521 351 pr{nfipaliter
1534 317 1546 337 ,
1570 295 1682 352 inserit
1696 320 1709 340 ‚
1721 296 1758 331 in
1774 298 1875 334 finem
1886 322 1899 343 ‚
1923 311 1963 337 ut
1979 302 2157 351 pr1vi‘legia
2172 307 2346 347 Minorum
2360 335 2372 353 ‚
2384 312 2419 350 &

288 350 599 387 Camaldulenfium
612 347 735 385 Ordini
749 343 864 381 nostro
876 351 945 380 non
961 350 1010 381 ex
1020 341 1136 380 alieno
1140 352 1231 394 juris
1244 343 1455 385 adminiculo
1465 365 1479 391 ρ
1493 341 1549 383 scd
1561 355 1606 385 ex
1618 345 1688 397 lpsa
1699 369 1713 389 ³
1725 345 1759 382 &
1771 349 1911 398 propria
1929 350 2033 403 lpfius
2046 366 2155 393 mente
2168 380 2182 401 ‚
2205 357 2297 406 aeque
2318 360 2420 410 prin-

286 397 445 449 cipaliter
455 397 604 453 ronceffiz
627 395 854 447 intelligantur
866 415 877 431 μ

283 647 547 700 Confirmat
557 679 573 705 ,
589 643 639 696 ὅ(
653 655 891 693 enumerat
903 643 1120 693 nonnulla
1135 645 1317 694 PP.Ca-

312 712 665 769 maldulenfiurn
701 714 944 783 Privilegia
961 747 977 770 ‚
1012 712 1199 764 Indulta
1225 712 1317 764 ὅτε.

286 846 288 849 v
313 786 558 853 Capucinis
591 782 839 852 respective
871 785 1178 854 con-propria
1193 819 1211 846 ‚
1241 782 1319 838 seu

310 856 434 926 aeque
451 857 762 926 principaliter
783 850 985 906 conceffa
1001 889 1015 905 .

361 999 764 1051 CLEMENS
815 1002 1031 1052 PAPA
1082 1006 1222 1055 VII.

451 1116 519 1161 Ad
538 1126 770 1176 perpetuam
797 1123 861 1163 ret·
888 1123 1137 1167 memoriam.

346 1234 455 1277 Nter
481 1235 729 1293 multiplices
755 1251 898 1290 curas,
926 1239 1069 1295 quibus
1096 1254 1229 1284 rerum
1243 1252 1313 1281 oc·

362 1294 609 1337 currentium
628 1296 825 1340 varietate
838 1297 1095 1342 distrahimur
1108 1326 1123 1351 2
1138 1298 1246 1340 illam
1261 1296 1313 1339 li-

270 1350 419 1393 benter
441 1352 717 1406 amplectimur
731 1381 746 1404 ,
771 1366 845 1408 per
857 1368 975 1411 quam
995 1355 1201 1411 Religiosa
1219 1355 1310 1398 loca

267 1407 454 1461 fundari,
482 1411 520 1454 &
537 1409 655 1456 status
671 1411 965 1467 Religiosarum
980 1413 1239 1470 personarum
1269 1412 1308 1453 in

267 1466 350 1508 illis
378 1482 453 1524 pro
481 1479 668 1524 tempore
694 1469 930 1526 degentium
955 1472 1136 1527 ampliari
1161 1501 1175 1523 ,
1203 1471 1310 1527 ipfae-

267 1538 347 1581 que
373 1528 547 1582 personae
562 1529 653 1570 Deo
670 1530 786 1570 Duce
809 1530 1051 1582 commode,
1080 1533 1118 1573 &
1145 1529 1309 1574 honeste

267 1584 412 1628 vivere
431 1584 597 1640 posfint.
622 1586 727 1630 Sane
747 1601 822 1642 pro
847 1600 963 1644 parte
986 1590 1228 1635 dilectorum
1245 1590 1311 1634 Pi-

266 1642 415 1685 liorum
434 1643 618 1701 Majoris,
637 1644 914 1700 visitatorum,
933 1650 1117 1694 Priorum
1133 1678 1146 1700 ,
1163 1650 1200 1690 &
1216 1650 1312 1695 Fra-

267 1712 378 1744 trum
394 1702 614 1744 Societatis
642 1705 909 1749 Eremitarum
937 1709 1068 1750 sanni
1085 1706 1309 1753 Romualdi

266 1760 438 1802 Ordinis
451 1760 770 1806 Camaldulenfis
800 1764 916 1807 nobis
936 1779 1064 1820 nuper
1084 1765 1309 1820 expositum

269 1818 347 1861 fuit
365 1847 378 1869 ‚
402 1819 509 1875 quod
538 1819 743 1875 postquam
768 1821 838 1865 fel.
854 1825 1015 1871 record.
1035 1828 1121 1872 Leo
1139 1828 1241 1881 Papa
1257 1826 1311 1872 X·

267 1876 537 1921 Praedecesl'or
563 1878 694 1922 noster
719 1881 922 1936 quondam
949 1884 1078 1927 Paulo
1103 1886 1269 1926 Veneto
1296 1910 1311 1934 ,

267 1937 305 1977 &
321 1934 553 1990 quibusdam
569 1936 658 1982 aliis
686 1937 724 1979 in
743 1938 874 1982 literis
890 1950 986 1984 tunc
1001 1943 1189 1997 expreffls
1207 1944 1309 1985 Ere-

267 1994 378 2037 mitis
400 1997 528 2037 Sacrae
552 1997 691 2038 Eremi
715 1998 879 2041 Ordinis
905 2000 1308 2050 Camaldulenfium..

267 2052 431 2096 Aretin.
450 2054 643 2100 Dioecefis
658 2054 845 2111 expresse
867 2058 1046 2113 profestis
1062 2059 1208 2102 ardore
1224 2075 1307 2104 ma-

269 2111 365 2169 joris
378 2110 638 2177 observantiae
660 2115 697 2156 &
712 2113 962 2169 perfectioris
976 2119 1068 2161 vitae
1082 2120 1305 2175 Eremiticg

269 2167 523 2222 fruentibus,
548 2171 655 2215 inter
669 2172 772 2224 alia,
797 2174 907 2231 quod
924 2176 963 2220 in
979 2177 1178 2233 quibusvis
1204 2178 1306 2225 locis,

270 2228 396 2273 etiam
409 2229 526 2273 extra
542 2231 702 2276 Italiam
722 2260 736 2285 ,
748 2233 890 2278 &loca
904 2235 1165 2280 ultramarina
1181 2265 1195 2288 ,
1219 2239 1308 2281 Mo·

269 2287 438 2330 nasteria
453 2315 467 2338 ,
487 2289 730 2334 Eremitoria
744 2320 758 2344 ,
783 2294 821 2334 &
839 2293 1043 2350 Religiosa,
1059 2296 1148 2338 loca
1172 2297 1308 2349 erige-

268 2359 317 2390 re
333 2374 347 2396 ‚
360 2347 397 2388 8(
414 2345 615 2404 postquam
630 2353 766 2394 erecta
781 2350 937 2404 forent,
952 2354 1138 2398 omnibus
1150 2383 1163 2405 ‚
1177 2355 1215 2395 &
1232 2353 1307 2396 fin*

268 2404 373 2460 gulis
404 2404 571 2448 indultis
596 2435 611 2458 ‚
637 2409 674 2449 &
698 2409 921 2465 privilegiis
945 2413 1255 2466 quomodolibet
1286 2413 1307 2457 εὶ

268 2461 379 2528 Sede
400 2463 626 2517 Apostolica
650 2468 841 2512 Eremitis
867 2473 994 2513 Sacrae
1014 2471 1149 2513 Eremi
1178 2469 1309 2527 hujus-

269 2518 416 2570 modi,
444 2534 488 2563 ac
521 2524 838 2577 Congregationi
868 2526 1043 2582 ejusdem
1078 2529 1241 2578 Emmi,
1269 2529 1306 2574 ὃς

268 2575 400 2620 δεηέὶί
425 2577 640 2624 Michaelis
664 2581 717 2624 de
744 2585 917 2626 Murano
939 2585 1133 2630 conceffis
1155 2583 1307 2640 gaude-

266 2649 340 2686 re,
365 2637 403 2678 &
429 2637 611 2683 habitum
636 2639 816 2694 ejusdem
836 2642 1060 2697 Religionis
1085 2644 1174 2686 aliis
1191 2644 1306 2686 exhi-

267 2693 366 2735 bere
381 2693 534 2748 poffent
548 2721 562 2744 ³
589 2711 663 2751 per
682 2698 770 2741 suas
797 2700 836 2741 in
853 2699 980 2742 forma
996 2702 1137 2747 Brevis
1160 2702 1305 2747 literas

266 2750 477 2795 licentiam
492 2754 741 2800 concesserat
756 2771 767 2800 :
784 2759 839 2803 Et
856 2758 937 2812 ipse
959 2760 1100 2803 Paulus
1118 2775 1208 2803 cum
1225 2775 1304 2805 uno

263 2811 387 2854 socio
402 2813 582 2855 Eremita
609 2815 749 2871 vigore
773 2816 1031 2860 conceffionfs
1050 2819 1273 2874 hujusmodi
1288 2849 1303 2871 ‚

264 2868 314 2912 ad
331 2868 370 2911 id
385 2871 541 2923 eleeto,
554 2873 604 2915 ad
620 2874 753 2916 locum
766 2878 1015 2930 Cryptarum
1031 2888 1302 2934 nuncupatum

263 2927 394 2972 Castri
410 2927 590 2983 Massam,
606 2933 741 2978 AEsinae
756 2934 970 2985 Dioeeesis³
982 2937 1055 2991 qui
1069 2946 1164 2980 tune
1183 2952 1305 2980 mem—

260 2985 374 3031 brum
393 2989 694 3035 Heremitarum
710 2995 832 3051 sacre
847 2994 983 3037 Eremi
996 2995 1189 3050 praediaae
1200 3005 1305 3048 erat,

258 3043 477 3111 accesserat
491 3076 503 3089 .
534 3051 590 3092 Et
606 3050 657 3092 ad
676 3050 838 3095 eosdem
857 3052 1023 3097 Paulum
1038 3081 1052 3103 ,
1078 3055 1116 3095 δε
1135 3054 1301 3101 Soeium

256 3102 419 3148 duversae
434 3107 647 3153 multarum
662 3110 835 3165 partium
851 3139 864 3163 ‚
890 3120 972 3153 tam
988 3111 1272 3157 Ecclesiasticae
1285 3140 1299 3163 ,

255 3163 295 3205 δε
313 3163 526 3218 Religiofae
544 3195 558 3218 ‚
583 3169 703 3224 quam
718 3170 937 3212 Saeculares
961 3169 1135 3224 personae
1151 3172 1190 3214 in
1211 3171 1300 3215 dies

256 3219 307 3264 ad
335 3222 498 3266 eosdem
527 3227 765 3279 venientes,
792 3242 884 3271 cum
910 3228 1058 3270 eodem
1080 3230 1231 3281 Paulo,
1258 3231 1297 3273 δι

257 3281 380 3323 Socio
406 3280 445 3324 se
468 3284 789 3341 conjunxerant,
815 3288 855 3327 &
872 3284 1044 3340 praefatis
1065 3288 1188 3331 Paulo
1206 3316 1219 3338 ‚
1248 3302 1294 3333 ac

257 3339 378 3381 Socio
392 3369 405 3391 ,
431 3343 470 3384 &
485 3340 697 3387 succeffive
716 3345 887 3394 receptis
902 3344 1078 3396 personis
1102 3347 1294 3390 nonnulla

257 3395 347 3438 loca
375 3400 593 3444 Eremitica
620 3402 766 3458 partim
790 3401 877 3444 fere
902 3402 1062 3458 diruta,
1088 3405 1126 3447 &
1145 3405 1292 3458 partlm

257 3453 576 3515 aedificaricaepta
593 3488 607 3510 ,
633 3475 716 3516 quae
739 3460 988 3516 postmodum
1014 3462 1079 3516 ipfi
1098 3462 1292 3505 restaura-

258 3525 430 3566 verant,
455 3519 493 3558 &
507 3518 611 3574 quali
626 3521 680 3562 de
696 3535 802 3563 novo
827 3518 1124 3564 aedificaverant
1139 3549 1152 3571 ‚
1173 3521 1254 3564 tim
1268 3521 1290 3564 εὶ

257 3570 366 3637 Sede
381 3575 610 3627 Apostolica
626 3606 640 3629 ,
665 3579 784 3635 quam
810 3578 830 3621 ὲ
854 3578 1017 3623 diverfis
1034 3579 1290 3624 christifide-

256 3628 362 3671 libus
390 3632 674 3678 Ecclefiasticis
699 3665 712 3687 ,
750 3640 788 3678 &
819 3637 1082 3680 Saecularibus
1110 3638 1288 3693 personis

254 3686 400 3732 donata
417 3717 430 3739 2
454 3692 491 3731 ἃ
507 3693 687 3736 concessa
703 3694 863 3738 fuerant
879 3725 892 3747 ,
920 3696 1139 3754 vidensque
1156 3695 1292 3752 ips&

255 3746 405 3791 Paulus
422 3746 461 3791 se
477 3759 540 3792 tot
557 3751 770 3807 Personis,
803 3756 840 3798 &
859 3755 959 3800 locis
985 3755 1167 3815 quotidie
1187 3755 1291 3800 mul-

1695 517 2393 544 ·-—-—-———-—.-.-.-.

1372 642 1574 699 tiplicari‚
1603 641 1654 685 ad
1679 650 1776 687 tunc
1803 644 2144 699 Congregationis
2175 653 2301 695 Sacrae
2317 652 2420 693 Ere-

1377 702 1431 745 mi
1459 730 1473 753 ‚
1513 703 1552 744 &
1595 701 1726 745 Sansti
1759 702 1972 745 Michaelis
2012 703 2065 744 de
2093 710 2265 751 Murano
2295 711 2416 752 Vica-

1378 760 1481 805 rium
1515 760 1763 806 Generalem
1788 789 1804 811 ‚
1846 760 1898 802 ad
1933 761 2099 817 praesens
2137 769 2417 812 Generalem..

1376 829 1650 875 nuncupatum
1677 847 1692 874 ,
1716 820 1755 859 8(
1783 817 2020 862 Vifitatorcs
2047 824 2265 868 accesserat
2291 852 2305 876 ‚
2342 825 2418 867 eis.

1378 878 1554 933 demque
1580 876 1722 922 seriem
1738 876 1828 921 facti
1847 877 2151 934 explicaverat3
2176 885 2415 938 νεΗεςιιω

1377 937 1461 979 tam
1483 934 1565 992 ipse
1588 964 1603 987 ‚
1638 936 1758 993 quam
1789 937 1953 984 Coeteri
1984 939 2093 982 Socii
2124 942 2312 984 Eremitae
2340 943 2419 982 hu-

1373 994 1544 1056 jusmodi
1560 994 1627 1037 sub
1641 1009 1781 1041 eorum
1795 995 2027 1040 obedientia
2043 1023 2057 1045 2
2082 1000 2121 1042 &
2135 998 2418 1044 visitatione„-

1374 1056 1515 1098 vivere
1529 1052 1834 1098 declaraverat.
1851 1057 1966 1101 Tunc
1985 1056 2193 1108 Vicarius,
2208 1072 2312 1102 nunc
2330 1061 2417 1100 Ge-

1375 1114 1525 1160 neralis
1541 1112 1765 1169 pradictus,
1782 1114 1955 1164 habens,
1974 1123 2017 1155 ut
2031 1113 2227 1160 afferebat
2241 1146 2254 1168 ,
2277 1116 2296 1157 a*
2314 1130 2416 1158 con-

1375 1173 1614 1230 gregatione
1641 1170 1866 1228 hujusmodi
1891 1173 2162 1219 omnimodam
2196 1176 2416 1218 auctorita-

1372 1244 1456 1276 tem
1481 1259 1496 1281 ‚
1544 1229 1813 1276 sinceritatem
1846 1231 1966 1275 animi
1998 1230 2094 1273 dieti
2122 1235 2234 1280 Pauli
2266 1247 2416 1288 cogno.

1371 1291 1486 1334 scens
1503 1316 1515 1339 ,
1531 1287 1715 1343 praedic‘ta
1734 1289 1993 1339 Eremitoria‚
2010 1291 2203 1337 videlicet
2220 1294 2414 1348 quinque,

1370 1348 1607 1403 criptarum
1623 1344 2094 1407 Maffani‚S.Hie1-onymi
2108 1351 2161 1392 de
2172 1351 2414 1405 Pascelupo,

1369 1406 1522 1460 Criptae
1535 1405 1787 1450 &benedicti
1802 1407 1839 1447 in
1852 1409 1997 1452 Monte
2008 1411 2414 1462 Conero,S.Leonai-.

1371 1465 1413 1508 di
1429 1464 1483 1505 de
1502 1463 1718 1514 Velubrl'02
1733 1478 1779 1506 ac
1795 1468 1975 1511 S.Mariae
1992 1468 2045 1513 de
2066 1468 2217 1523 Spiritu
2239 1469 2384 1510 Sancto
2397 1496 2414 1518 ‚

1370 1522 1580 1570 AEfinenfis
1596 1551 1610 1573 ‚
1625 1523 1843 1578 Eugubinae
1857 1553 1871 1576 ‚
1888 1529 2156 1574 Anconitanae
2169 1556 2183 1578 ,
2202 1527 2412 1577 Firmanae,

1370 1586 1410 1627 &
1427 1583 1579 1627 Larinae
1595 1579 1832 1626 Dioecesfim
1849 1585 1869 1627 ἐι
1885 1586 1993 1632 Sede
2004 1585 2235 1642 Apostolica
2248 1584 2414 1640 aliisque

1371 1639 1712 1687 christifidelibus
1734 1641 1928 1695 praedidlis
1945 1644 2097 1689 eisdem
2115 1643 2240 1689 Paulo
2253 1673 2268 1695 ,
2282 1646 2320 1686 &
2339 1647 2413 1685 So-

1369 1703 1506 1751 ciis‚ut
1522 1696 1749 1756 Pl'aefeffflf,
1764 1703 1964 1755 concessa,
1980 1706 2017 1745 &
2035 1703 2239 1745 Eremitas
2259 1704 2296 1743 in
2314 1701 2412 1754 illis,

1369 1761 1421 1807 fic
1435 1769 1734 1802 commorantes
1751 1758 1789 1802 in
1802 1775 1942 1803 eorum
1956 1758 2330 1818 Congregationem
2349 1774 2414 1801 re·

1370 1829 1538 1876 ceperat
1554 1847 1568 1870 ,
1584 1815 1761 1874 ipsosque
1778 1821 1947 1868 Paulum
1963 1849 1978 1872 ‚
2009 1823 2047 1862 &
2065 1820 2203 1863 Socios
2220 1829 2411 1874 receptos

1368 1880 1408 1922 in
1432 1878 1663 1926 Eremitas‚
1688 1891 1909 1935 eorumque
1933 1878 2208 1930 Eremitoria‚
2227 1880 2264 1918 &
2292 1876 2412 1919 Reli-

1369 1936 1477 1995 giosa
1506 1937 1596 1980 loca
1622 1934 1847 1991 hujusmodi
1876 1938 1914 1985 in
1943 1937 2180 1981 societatem
2211 1935 2414 1979 Eremita-

1370 2011 1458 2040 rum
1475 2000 1516 2041 S.
1528 1994 1745 2044 Romualdi
1762 2009 1835 2050 per
1851 1995 2050 2050 Maiorem
2063 2024 2078 2049 ,
2092 1997 2130 2038 δι
2147 2006 2241 2039 tunc
2257 1998 2412 2037 Corre-

1366 2059 1499 2098 &ores
1515 2083 1529 2107 ,
1562 2068 1666 2097 nunc
1685 2064 1821 2096 autem
1846 2053 2115 2106 Vifitatores,
2143 2053 2413 2109 Capitulum,

1365 2117 1404 2161 δε
1421 2113 1760 2160 Eremitoriorum
1787 2111 2008 2169 hujusmodi
2037 2113 2279 2168 fingulorum
2297 2111 2414 2155 Prio-

1368 2187 1433 2217 res
1457 2203 1472 2226 ‚
1508 2172 1716 2229 perpetuis
1743 2170 1886 2218 futuris
1921 2173 2173 2228 temporibus
2201 2171 2412 2227 regenda„

1367 2235 1405 2279 &
1423 2231 1681 2286 gubernanda
1698 2241 1914 2278 erexerat:
1947 2233 2001 2275 Et
2023 2229 2175 2274 eisdem
2194 2230 2320 2273 Paulo
2334 2257 2347 2279 ,
2372 2229 2411 2269 ὅτ.

1368 2291 1563 2337 Eremitis
1581 2288 1769 2345 praedistae
1783 2290 1987 2338 societatis
2003 2289 2234 2339 condendi,
2248 2290 2285 2329 δε
2302 2287 2411 2330 cele-

1367 2349 1509 2393 brandi
1527 2347 1746 2392 Generalia
1761 2348 1951 2404 Capitula
1968 2347 2146 2404 eiusdem
2164 2346 2378 2390 Societatis
2392 2373 2409 2397 ‚

1367 2410 1407 2454 &
1426 2409 1464 2450 in
1482 2408 1540 2450 eis
1555 2408 1718 2455 Priores
1733 2435 1747 2458 ‚
1763 2409 1959 2453 Renores,
1976 2434 1990 2456 a
2018 2408 2056 2454 ὃς
2085 2407 2181 2454 alios
2205 2403 2410 2447 Ministros

1367 2465 1545 2521 eligendi
1564 2479 1576 2507 :
1608 2467 1660 2508 Et
1676 2479 1749 2520 pro
1765 2464 1945 2521 ejusdem
1963 2465 2179 2514 Soc-ieratis
2193 2464 2410 2505 conserva·
2472 2474 2474 2476 ·

1366 2525 1479 2567 tione
1492 2551 1507 2573 a
1528 2525 1566 2570 ὅς
1580 2533 1826 2578 augumento
1845 2521 1974 2566 Missas
1993 2551 2008 2573 ‚
2033 2524 2071 2571 &
2100 2521 2245 2566 Divina
2262 2519 2408 2567 Officia

1367 2583 1407 2626 in
1422 2595 1561 2627 eorum
1577 2580 1778 2636 Capitulis
1794 2580 2057 2631 celebrandi,
2075 2579 2267 2634 Capitula
2285 2592 2410 2633 gene—

1367 2639 1469 2689 ralia
1486 2638 1664 2695 ejusdem
1680 2639 1897 2687 Societatis
1913 2667 1927 2690 ‚
1955 2641 1992 2681 &
2019 2639 2055 2679 in
2082 2637 2170 2694 ejus
2193 2637 2410 2683 observan-

1367 2701 1466 2744 tiam
1492 2711 1752 2755 quaecumque
1781 2701 1941 2745 Statura
1965 2726 1978 2748 ‚
2004 2695 2301 2751 Ordinationes.
2324 2724 2341 2752 ³.-
2368 2696 2408 2742 δε

1362 2757 1680 2806 constitutiones
1698 2755 1849 2803 edendi
1872 2785 1886 2809 ,
1912 2757 1950 2797 &
1968 2770 2042 2809 pro
2057 2767 2242 2811 tempore
2258 2755 2408 2798 edite,

1361 2816 1590 2872 corrigendi
1620 2843 1636 2866 ‚
1659 2813 1935 2864 reformandi,
1959 2816 1998 2855 &
2022 2814 2226 2857 mutandi:
2251 2816 2350 2871 Qae
2380 2809 2406 2853 fi

1363 2885 1504 2922 contra
1533 2873 1799 2920 substantialia
1831 2873 2001 2930 Regulae
2036 2873 2165 2922 Sancti
2195 2870 2406 2916 Benedicti

1365 2950 1443 2979 non
1459 2932 1610 2985 effrem,
1622 2935 1642 2974 εἰ
1658 2933 1845 2988 praedic'to
1859 2961 1873 2983 ‚
1885 2943 1979 2979 tunc
1996 2933 2031 2977 V
2038 2932 2160 2977 icario
2171 2959 2189 2983 2
2203 2933 2241 2973 &
2259 2929 2404 2978 Visita—

1365 2993 1544 3044 toribus,
1557 3001 1624 3043 aut
1640 2991 1829 3048 praedictae
1845 2991 2189 3046 congregationis,
2198 2988 2400 3045 Capitulis

1362 3053 1576 3108 derogari,
1593 3061 1663 3093 aut
1687 3051 1901 3101 innovari,
1926 3050 2006 3092 fine
2025 3048 2225 3096 dic'torum
2244 3046 2401 3097 Eremi-

1360 3122 1491 3157 tarum
1514 3110 1698 3158 constetxfu
1716 3124 1792 3153 non
1812 3107 1993 3166 possent:
2012 3111 2071 3150 Ac
2090 3108 2167 3156 alia
2183 3107 2273 3155 loca
2289 3119 2399 3162 quae-

1357 3183 1554 3226 cumque,
1569 3171 1607 3210 &
1624 3167 1811 3224 personas
1825 3167 2093 3225 quascumque
2112 3167 2149 3208 in
2163 3166 2304 3213 eadem
2323 3167 2396 3205 So-

1357 3228 1507 3271 cietate
1531 3227 1784 3283 recipiendi3
1809 3241 1965 3270 necnon
1984 3225 2091 3282 quod
2120 3222 2298 3279 ejusdem
2324 3227 2399 3264 So-

1354 3287 1516 3330 cietatis
1531 3287 1749 3343 Superior,
1765 3297 1926 3333 extunc
1943 3283 2077 3338 Major
2091 3281 2397 3336 nuncupandus,

1354 3359 1426 3401 per
1439 3344 1618 3403 ejusdem
1636 3344 1982 3401 Congregationis
1996 3341 2232 3395 Capitulum
2259 3340 2312 3381 de
2328 3354 2398 3383 an·-

1353 3418 1405 3448 no
1421 3406 1458 3445 in
1474 3418 1621 3447 annum
1633 3403 1865 3459 eligendus,
1880 3402 2036 3453 loca,&
2054 3399 2238 3454 personas
2254 3397 2306 3440 de
2322 3399 2400 3441 tri-

1350 3463 1472 3505 ennio
1485 3463 1523 3504 in
1540 3463 1817 3511 triennium,&
1834 3458 2126 3515 frequentius,si
2147 3456 2213 3500 fibi
2230 3456 2398 3499 videre·-

1351 3530 1416 3563 tur
1432 3551 1446 3573 ‚
1472 3520 1633 3563 vilitate
1654 3520 1831 3562 deberet
1847 3548 1861 3569 ‚
1891 3519 2096 3563 licentiam
2115 3513 2363 3562 concelserat
2382 3532 2396 3563 ε

1348 3581 1387 3621 &
1404 3580 1536 3622 omnia
1551 3608 1564 3630 ,
1587 3581 1625 3625 &
1640 3577 1788 3634 lingula
1807 3577 2016 3631 privilegia
2030 3605 2045 3628 ‚
2058 3577 2212 3631 gratias,
2225 3604 2240 3634 2
2267 3576 2306 3623 ὅ(
2322 3575 2398 3617 im-

1350 3639 1570 3680 munitates
1592 3637 1784 3680 Eremitis
1813 3635 2014 3683 concessas
2032 3664 2044 3686 ‚
2074 3636 2113 3676 &
2140 3633 2399 3689 quomodoli,

1355 3697 1426 3739 bet
1442 3695 1729 3741 concedendas.
1745 3723 1758 3746 ,
1792 3704 1874 3740 tam
1892 3696 2001 3738 Sacri
2019 3694 2157 3742 Eremi
2174 3693 2398 3738 Camaldu-

1353 3755 1433 3801 len.
1445 3754 1591 3813 ,squam
1609 3754 1732 3799 totius
1747 3753 1941 3812 praedictae
1957 3753 2320 3854 congregatiopiis,
2338 3754 2401 3799 ei*

2212 3857 2216 3864 ,
2276 3826 2340 3858 οη]
