2704 4296
344 264 558 358 xxvi.
971 258 1018 346 ¹I
1074 257 1286 345 SA
1336 253 1410 342 G
1468 255 1539 346 O
1605 256 1676 342 G
1738 258 1808 340 E

285 397 404 433 cum
438 386 507 446 &¹
533 376 811 455 privilegia
841 380 900 434 in
932 375 1271 457 poffeffiom'bus
1304 377 1632 433 abradantm·
1658 416 1672 442 ,
1721 384 1788 441 (ς’
1829 375 2011 432 litere
2049 375 2107 431 in
2134 385 2448 443 nar-‘ratione

263 464 408 543 fad‘t't‘
456 463 481 545 [
492 467 545 542 st
584 481 814 524 erratum
856 467 963 547 est]
1013 471 1213 545 poffunt
1246 468 1607 522 incundanter
1638 462 1870 525 abradi.
1916 465 2127 548 Qam
2174 471 2446 549 regulam

278 554 386 615 suo
432 569 713 638 quoque
710 552 1013 616 Oraculo
1060 553 1263 615 firmat
1311 554 1716 616 Innocentius
1765 550 1870 612 111.
1916 548 2066 613 Lib
2090 549 2173 615 V.
2223 553 2447 618 Deera

278 640 382 701 tal.
417 639 506 702 tit.
544 637 692 702 XX.
723 638 799 703 de
835 640 1092 704 crimine
1138 638 1268 701 falfi
1322 659 1459 721 cap.
1494 640 1594 705 lX.
1636 637 1743 700 ubi
1791 635 1919 700 haec
1964 636 2194 703 sancit.
2221 644 2447 702 Literas

274 727 465 805 ipsas,
511 747 618 807 qua
663 728 942 807 redarguta
961 731 1186 811 fuerant
1219 730 1531 807 falsttatis,
1576 728 1884 804 diligentius
1940 731 2199 785 intuentes
2229 732 2446 790 nullum

273 819 332 873 in
378 816 448 873 eis
487 815 744 899 falsitatis
793 818 1002 896 signum
1032 861 1049 889 ‚
1097 814 1188 872 vel
1237 818 1529 892 suspicionis
1575 818 1882 873 invenimus
1912 854 1928 880 ,
1971 819 2073 892 nisi
2127 833 2446 893 paucarum,

272 906 575 961 Literarum
621 905 878 981 rasuras,
922 925 1026 983 qua
1077 922 1417 982 nequaquam
1461 906 1741 982 Sapientis,
1792 906 2027 963 animum
2070 906 2128 962 in
2172 906 2449 975 dubitatio-

270 1010 383 1050 nem
432 1006 632 1048 vertere
678 992 1008 1062 debuerunt3
1060 1010 1200 1053 cum
1251 994 1417 1051 enim
1463 990 1608 1053 tales
1647 989 1851 1052 rasurae
1888 994 1963 1051 in
1989 991 2127 1053 loco
2175 1014 2296 1056 non
2334 997 2447 1058 sus-

266 1075 448 1165 pecto
491 1076 656 1140 fastae
685 1037 1143 1163 snpponaiitur,
1171 1073 1251 1136 ab
1282 1074 1420 1161 ipss
1456 1079 1664 1141 Curiae
1702 1075 1995 1143 Ministris
2034 1082 2097 1140 in
2130 1079 2438 1144 correctio

266 1184 413 1229 nem
444 1160 624 1226 'saclas
656 1159 795 1233 effe,
822 1161 1100 1245 praesumi
1131 1159 1333 1223 debet.
1355 1167 1416 1225 Si
1449 1182 1656 1228 tamen
1696 1167 1891 1228 rasura
1923 1163 2186 1230 afficeret
2220 1169 2446 1236 locum,

265 1250 375 1335 vel
406 1249 668 1316 verbum
711 1248 1140 1317 substantiale,
1184 1251 1418 1312 vitium
1452 1250 1886 1332 Diplomatis,
1930 1273 2003 1315 ex
2035 1252 2446 1341 praesumptio-

263 1357 391 1409 ne,
438 1338 598 1401 vitio
645 1334 709 1398 id
743 1335 1084 1398 exhibentis
1130 1331 1324 1424 posset
1373 1333 1658 1399 adscribi.

438 1422 678 1522 Qinta
721 1422 977 1507 regula.
1004 1421 1310 1503 solaecismus
1358 1426 1529 1481 vitiat
1561 1427 1895 1503 Apostolicum
1925 1425 2267 1505 Refiriptum,
2314 1432 2440 1497 san-

264 1513 422 1578 civit
487 1515 572 1574 ita
623 1510 856 1572 Lucius
903 1511 1017 1574 111
1080 1508 1183 1572 lib
1233 1512 1284 1573 Ι.
1333 1512 1633 1575 Decretal
1681 1516 1770 1576 tit.
1818 1512 1924 1575 111.
1972 1515 2048 1574 dc
2101 1517 2445 1603 Rescriptis

261 1621 399 1684 cap
440 1597 555 1662 XI.
590 1620 702 1685 per
741 1613 1019 1661 textum:
1065 1599 1140 1655 ad
1170 1599 1495 1658 audientiam
1530 1604 1788 1675 nostram,
1819 1604 1879 1654 ‘T
1874 1623 1899 1656 e
1932 1604 2298 1680 significante,
2327 1625 2442 1685 per.

261 1694 398 1748 venit
425 1729 440 1751 ,
481 1690 629 1765 quod
668 1690 744 1742 H.
885 1687 946 1742 de
985 1687 1182 1743 „sanilo
1227 1687 1494 1761 „stephano
1524 1692 1681 1759 super
1727 1687 2042 1743 absolutione
2087 1694 2183 1761 sua
2230 1697 2440 1753 Literas

263 1773 379 1832 Tibi
421 1790 443 1849 <
475 1787 532 1831 ut
555 1780 732 1849 prima
756 1772 897 1847 facie
930 1770 1267 1840 videbatur.)
1310 1771 1619 1845 Apostolicas
1644 1773 2009 1845 praesentavit,
2054 1774 2288 1849 quibus,
2322 1797 2447 1851 quo-

265 1866 404 1918 niam
443 1858 760 1935 manifstum
797 1864 1057 1915 continent
1092 1864 1144 1914 in
1174 1853 1537 1934 constr-uitione
1576 1871 1886 1930 peccatum,
1921 1859 2088 1933 fidem
2123 1874 2174 1914 te
2217 1861 2448 1919 nolumus

265 1939 531 2009 adhibere.
579 1943 730 2028 Qa
777 1941 856 2004 de
900 1940 1078 2003 causa
1123 1938 1202 2002 ab
1231 1942 1455 2005 eodem
1508 1938 1876 2006 Alexandro
1923 1942 2249 2027 Rescripta
2298 1948 2445 2009 San-

268 2034 507 2099 ctorum
556 2026 931 2095 Pontificum
980 2026 1298 2095 Zachariae
1345 2030 1404 2094 8<
1446 2025 1666 2091 Leonis
1712 2027 1926 2110 rejesta
1970 2027 2143 2091 fuiffe
2190 2028 2441 2095 testatur

269 2119 544 2208 Epistola
579 2116 900 2181 CXXVI.
931 2115 1280 2181 Innocentii
1314 2118 1428 2182 111.
1461 2134 1645 2220 quarn
1677 2113 1947 2197 allegasse
1978 2117 2274 2186 sufficiat,
2298 2139 2442 2182 cum

270 2230 404 2274 eam
450 2204 772 2271 exscribere
819 2224 943 2268 non
989 2220 1222 2269 vacet.
1271 2203 1506 2290 Aptius
1551 2200 1651 2265 hic
1698 2202 1906 2266 denuo
1954 2222 2296 2267 monentur
2360 2206 2444 2270 ad

258 2295 672 2394 ⁴moderamen
734 2289 949 2376 judicii
1011 2295 1076 2353 ὅτ.
1129 2292 1346 2378 linguae
1405 2287 1746 2362 nonnulli,
1793 2290 1903 2377 qui
1962 2295 2110 2354 dum
2172 2292 2437 2357 latinita-

256 2388 348 2457 tis
366 2379 711 2468 Magistros
744 2381 798 2442 se
831 2376 939 2440 effe
975 2373 1085 2440 fibi
1118 2380 1482 2446 adulantur,
1521 2378 1880 2462 Diplomata
1916 2374 2439 2448 Pontific1a‚ceu

269 2468 492 2536 vitiosa
528 2465 861 2532 Latinitate
896 2465 1133 2549 polluta
1167 2463 1493 2535 lacessunt,
1542 2486 1672 2531 ne,
1713 2465 1864 2528 dum
1906 2465 2237 2530 Cicerones
2267 2462 2323 2530 se
2359 2471 2439 2553 ja-

272 2558 533 2625 efflant,
579 2555 742 2618 Socii
787 2554 951 2616 illius
999 2551 1301 2638 Scipionis
1351 2545 1618 2614 Gentilis
1665 2553 1985 2622 evadant,
2032 2577 2215 2635 quem
2265 2554 2442 2617 Gon-

61 2648 173 2737 (g>Dsn
169 2647 254 2735 Lib
275 2646 450 2708 zalez
510 2640 732 2706 Tellez
780 2646 885 2716 (g)
947 2639 1234 2718 plautino
1278 2637 1395 2700 sale
1439 2641 1528 2701 ita
1574 2636 1869 2703 defricat:
1917 2638 1956 2700 ὂ
1995 2644 2157 2718 impia
2190 2646 2439 2718 Scipionis

58 2750 108 2786 tit
93 2699 179 2784 t·Dde
190 2746 262 2783 Re-
247 2724 490 2793 verba,
528 2735 670 2807 quii
653 2737 729 2788 ita
767 2727 1019 2784 audenter
1063 2732 1116 2783 in
1143 2728 1326 2800 sacras
1357 2727 1763 2784 Constitutione?
1805 2734 2006 2784 irruis?
2037 2729 2125 2802 etsi
2163 2736 2294 2787 enim
2349 2731 2440 2787 ali-

50 2798 120 2882 stcirt.
112 2798 175 2931 zipl.
178 2795 264 2893 cjcloll
284 2818 492 2898 quando
526 2839 585 2875 ex
619 2822 820 2873 incuria
851 2814 1206 2894 Typographi,
1232 2829 1325 2870 aut
1344 2811 1634 2886 Bibliopolae
1669 2815 1864 2887 irrepsit
1890 2819 2069 2873 vitium
2098 2816 2439 2879 Latinitatis,

61 2894 146 2931 mh
213 2907 455 2972 ¹·3deone
487 2903 782 2982 arguendi,
834 2904 895 2961 Θ*
926 2899 1224 2979 increpandi
1246 2901 1374 2974 sunt
1406 2898 1683 2973 Religionis
1716 2899 1889 2974 nostrae
1919 2901 2123 2955 summi
2164 2902 2440 2975 Praesules,

280 3015 374 3072 qut
365 2994 730 3065 ’,statuerunt
773 2987 900 3047 adeo
945 2997 1125 3050 vitium
1159 2990 1468 3045 Latinitatis
1511 2985 1733 3044 alienum
1775 2984 1859 3069 effe
1877 2987 1990 3063 suis
2033 2987 2255 3052 litteris,
2288 3006 2348 3045 ut
2380 2996 2440 3048 ω’

276 3106 366 3142 eas
396 3088 578 3141 vitiare
602 3082 952 3138 decreverint?

454 3173 632 3231 Sexta
677 3170 741 3227 &
787 3165 997 3230 ultima
1043 3159 1291 3251 Regula
1336 3158 1461 3225 est.
1508 3163 1563 3240 st'
1614 3179 1755 3221 tenor
1798 3160 2120 3238 Diplomatis
2166 3159 2299 3238 poffit
2343 3163 2436 3239 effe

265 3257 570 3332 suffetius,
608 3254 712 3330 fiat
757 3251 960 3308 collatio
998 3253 1058 3310 de
1089 3253 1231 3330 falfa
1262 3249 1417 3307 Bulla
1465 3250 1584 3322 (id
1630 3248 1708 3311 est
1751 3249 2001 3331 Sigillo.
2039 3248 2072 3330 )
2118 3269 2230 3303 cum
2278 3268 2441 3307 vera,

261 3343 559 3413 wBullam
597 3347 699 3407 seu
744 3339 1040 3423 Diploma
1085 3358 1159 3404 ex
1203 3335 1355 3401 falso
1401 3338 1612 3424 Sigillo
1659 3336 1898 3399 nullam
1946 3336 2251 3420 judicavit
2288 3336 2441 3399 Aie-

279 3432 506 3495 xander
552 3431 657 3494 111.
692 3469 708 3496 2
756 3423 915 3488 dum
964 3428 1040 3490 de
1086 3430 1267 3510 supra
1311 3443 1646 3491 memorato
1695 3425 1925 3488 Leonis
1971 3422 2305 3508 privilegio
2353 3427 2436 3483 ita

278 3514 601 3598 loquitur:
637 3520 1045 3596 Privilegium...
1079 3535 1297 3597 propter
1330 3519 1535 3577 Bullam
1566 3512 1707 3589 (seu
1740 3511 2067 3595 Sigillum)
2109 3532 2220 3592 quae
2251 3513 2285 3568 ἃ
2315 3511 2438 3570 Bul·

279 3607 343 3663 Iis
380 3610 594 3685 ejusdem
625 3619 847 3677 Leonis,
882 3634 996 3691 quae
1024 3632 1192 3672 coram
1223 3613 1393 3671 Nobis
1422 3608 1687 3686 produHae
1702 3605 1932 3681 fuerunt
1958 3646 1972 3669 ,
2013 3613 2214 3663 omnino
2246 3623 2440 3680 compa-

280 3705 425 3762 rebat
466 3706 517 3761 d
503 3708 567 3782 ff
551 3710 737 3770 milis
781 3729 894 3767 cum
924 3709 1020 3767 illae
1052 3714 1194 3766 inter
1215 3708 1272 3781 Je
1303 3715 1651 3782 comparerent
1676 3717 1774 3774 per
1808 3708 1979 3759 omnia
1995 3703 2217 3776 similes,
2246 3702 2438 3788 suspe-

281 3794 494 3869 tflum,
539 3809 606 3869 (ς’
642 3802 754 3876 fide
797 3823 924 3865 non
970 3801 1223 3888 dignum
1260 3800 1686 3874 judicavimus.
1738 3795 2015 3860 Modum
2065 3808 2324 3943 agtlem
2375 3796 2440 3854 &.

2151 3900 2162 3939 1
2196 3898 2354 3961 igen-
