2658 4244
917 202 1080 290 Sub
1139 199 1515 288 Clemente
1580 203 1714 288 IX.

250 321 287 365 k
309 322 516 366 occasione
538 322 608 367 suae
635 319 865 367 visitationis
880 347 896 371 ‚
921 318 988 360 vel
1006 317 1128 367 alias,
1154 318 1177 359 si
1195 345 1209 368 ‚
1235 318 1274 358 δε

246 382 664 440 quandojudicaverit
689 377 967 425 neceffarium.

306 446 384 484 ΙΙΙ.
447 447 694 486 Procurator
712 437 921 484 Generalis
950 449 1031 477 non
1055 443 1274 475 concurrat

251 500 303 542 ad
332 502 622 544 Generalatum
646 501 684 541 in
714 496 912 555 Capitulis
934 495 975 536 in
994 493 1194 550 posterum
1211 505 1276 534 ce.

247 559 454 602 lebrandis
466 559 662 602 duntaxat
683 587 694 598 .

303 619 375 662 IV.
408 618 659 660 Diffinitores
674 614 849 656 aetuales
870 614 910 653 in
935 611 1135 667 posterum
1166 608 1277 665 (du-

244 687 514 718 rante-eorum
532 673 712 729 Officio)
735 687 812 714 non
825 670 969 728 poffint
983 669 1079 724 eligi
1096 671 1132 710 in
1151 671 1278 710 Guar.

244 734 384 776 dianos
410 747 423 775 :
453 732 655 775 habebunt
684 740 821 772 tamen*
846 743 987 772 vocem
1009 728 1049 769 in
1084 726 1277 782 Capitulo

242 791 510 841 Provinciali‚
553 804 643 831 cum
659 793 746 832 ac'tu
772 788 844 831 fint
871 787 1122 830 Diffinitores
1151 813 1166 836 ,
1208 784 1274 826 vel

241 848 432 892 Custodes
451 850 500 891 ad
519 849 748 904 Capitulum
764 847 975 890 Generale
991 874 1005 897 ,
1027 845 1178 886 etiamsi
1197 857 1274 885 non

238 918 481 950 concurrant
510 906 559 948 ad
591 906 884 949 Discretatum.
918 902 1271 946 Ex-Provincialis

238 967 342 1007 vero
357 967 443 1022 post
467 979 613 1008 annum
643 967 795 1020 poterit
818 964 913 1020 eligi
927 964 970 1005 in
990 960 1272 1004 Guardianum

236 1023 348 1081 juxta
366 1025 685 1068 Constitutiones
698 1053 713 1064 t

297 1086 354 1125 V.
417 1082 666 1126 Diffinitores
717 1081 923 1137 completo
975 1076 1270 1122 Diffinitoratfis

233 1142 382 1185 Officio
425 1142 571 1184 nullam
613 1141 784 1184 habeant
810 1138 1118 1196 praecedentiam
1146 1168 1163 1188 ,
1203 1136 1272 1178 sed

236 1202 357 1244 illum
383 1199 539 1242 tan-tum
567 1200 702 1242 locum
721 1199 958 1248 obtineant,
985 1199 1051 1253 qui
1081 1198 1169 1253 ipsis
1194 1209 1271 1238 non

237 1274 290 1302 ex
316 1257 461 1300 officio
489 1257 566 1315 jam
594 1257 827 1313 completo,
856 1255 924 1298 sed
953 1269 1003 1297 ex
1028 1256 1271 1311 antiquitate

236 1316 487 1373 professionis
505 1317 700 1358 debetur.

295 1376 369 1417 VI.
429 1376 570 1415 Patres
581 1371 861 1421 Getierales‚&
875 1369 1148 1412 Provinciales
1161 1382 1272 1411 com-

241 1434 358 1489 pleto
373 1445 511 1474 eorum
543 1431 691 1473 Officio
728 1429 888 1471 sedeant
919 1428 1125 1481 (durante
1145 1427 1271 1480 Capi-

232 1492 356 1546 tulo)
383 1492 425 1530 in
450 1488 595 1530 ultimo
622 1489 715 1529 loco
730 1485 994 1528 Sacerdotem
1010 1512 1024 1534 ‚
1049 1486 1087 1525 δε
1102 1499 1174 1539 per
1191 1485 1265 1525 ali-

231 1559 331 1605 quot
345 1547 430 1589 dies
455 1546 620 1588 abluant
647 1544 859 1594 utensilia,
886 1544 1069 1585 similiter
1095 1543 1133 1584 in
1162 1544 1266 1583 Pro-

230 1605 501 1655 ceffiwibus,
529 1619 614 1659 quae
632 1603 730 1645 fiunt
744 1603 921 1645 durante
951 1602 1172 1656 Capitulo,
1195 1615 1266 1641 oc-

229 1675 382 1720 cupent
397 1664 584 1705 ultimum
599 1663 732 1703 locum
749 1659 1012 1702 Sacerdotum
1026 1688 1037 1699 .

291 1725 387 1764 VII.
449 1720 671 1763 Guardiani
699 1729 884 1773 tempore
912 1714 1123 1760 Adventus
1155 1715 1268 1757 nullo

232 1781 358 1823 modo
378 1779 673 1821 concionentur
697 1787 809 1818 extra
828 1777 960 1818 locum
976 1775 1049 1818 suae
1067 1774 1268 1817 Guardia-

228 1840 304 1884 niae
321 1867 335 1889 ,
365 1837 478 1894 quod
496 1838 619 1879 etiam
635 1837 816 1878 servetur
832 1846 1014 1890 tempore
1025 1833 1266 1890 Qadrage-

231 1899 348 1947 iimae,
364 1895 430 1938 nifi
446 1906 586 1949 agatur
602 1894 654 1935 de
670 1893 1035 1935 concionatoribus
1048 1891 1264 1946 insignibus

230 1955 298 1997 vel
340 1967 485 2008 urgens
517 1950 720 1994 neceffitas
744 1949 906 1992 suaserit
935 1951 1046 1992 Patri
1075 1950 1269 1991 Generali

226 2027 298 2056 eos
328 2013 365 2052 iii
395 2010 547 2052 casibus
573 2008 884 2065 particularibus
910 2008 1161 2064 dispensandi
1188 2037 1202 2057 ‚
1230 2009 1268 2049 &

229 2083 324 2114 tunc
361 2069 467 2112 idem
494 2068 711 2110 Generalis
737 2068 949 2122 provideat
967 2066 1268 2111 Conventuide

227 2129 398 2172 Vicario
413 2128 527 2182 gravi
543 2156 557 2179 ,
585 2129 623 2169 &
642 2127 818 2169 idoneo.
849 2128 1174 2170 Concionatores
1199 2139 1266 2167 ve—

227 2189 276 2230 ῐὸ
305 2187 478 2242 praedieti
502 2200 583 2228 non
614 2186 827 2228 mittantur
842 2187 911 2228 nisi
927 2187 976 2230 ad
1001 2185 1264 2234 Provincias,

228 2245 368 2288 &loca
386 2245 579 2288 viciniora
593 2273 603 2285 .

288 2307 406 2346 Vm.
470 2306 563 2346 Non
598 2302 818 2358 praedicent
857 2305 1047 2346 Leaores
1081 2311 1266 2356 tempore

228 2361 579 2420 Qadragesimae,
609 2363 675 2404 sed
692 2377 763 2417 per
778 2362 1009 2404 totuinanni
1025 2361 1181 2402 cursum
1206 2359 1267 2400 le-

229 2420 423 2462 &ionibus
448 2420 938 2463 incumbant:Studcntes
951 2434 1030 2461 non
1061 2429 1270 2459 mutentur

228 2478 270 2519 in
285 2478 406 2519 aliam
434 2479 484 2518 ab
508 2477 575 2518 illa
602 2476 751 2519 familia
769 2507 783 2528 ,
806 2479 843 2519 in
859 2493 934 2533 qua
951 2477 1108 2518 student
1123 2489 1136 2515 :
1157 2474 1271 2515 Nulli

229 2535 482 2576 concedatur
504 2535 652 2580 *tenor
683 2537 938 2588 particularis
954 2548 967 2575 :
989 2534 1170 2574 studeant
1196 2544 1269 2585 per

230 2591 482 2647 septennium
497 2591 724 2646 integrum,
758 2592 873 2648 super
886 2592 1027 2648 quibus
1054 2588 1268 2647 dispensari

232 2665 312 2693 non
334 2649 447 2704 poffit
462 2680 475 2692 .

287 2711 362 2750 IX.
426 2708 751 2750 Concionatores
777 2723 852 2750 non
881 2708 1173 2750 concionentur
1195 2721 1267 2748 ex-

233 2776 295 2808 tra
313 2769 395 2809 suas
411 2765 663 2818 Provincias,
678 2766 744 2807 nisi
767 2766 1139 2808 siiit‘Praedicatores
1157 2766 1263 2821 insig⁴

226 2839 298 2866 nes
315 2852 329 2874 ,
361 2827 399 2865 ὃς
414 2825 645 2866 concionari
670 2825 844 2867 debeant
877 2826 916 2867 in
933 2825 1261 2874 Cathedralibus,

228 2882 295 2925 seu
313 2882 401 2924 aliis
417 2882 633 2938 conspicuis
650 2884 836 2925 Ecclesiis
850 2912 861 2924 .
1245 2885 1254 2892 ⁶

291 2943 344 2981 X.
397 2939 648 2984 Confeffores
662 2955 743 2983 non
756 2942 1022 2983 admittantur
1036 2941 1085 2983 ad
1100 2941 1266 2984 audien-

230 2998 302 3040 das
327 2998 590 3041 confessiones
616 3003 827 3050 Fratrum,
853 3002 890 3040 &
915 3002 1105 3042 Lectores
1133 3000 1180 3040 ad
1203 3000 1262 3042 le-

229 3061 384 3100 &uram
397 3087 412 3107 ,
443 3056 510 3099 nisi
529 3060 733 3113 approbati
749 3057 898 3100 fuerint
915 3061 1061 3111 praev'o
1086 3058 1261 3113 rigoroso

228 3116 412 3159 examine
427 3145 441 3167 ,
469 3130 514 3158 ac
529 3131 601 3171 per
617 3127 710 3160 vota
738 3115 892 3159 secreta
910 3118 1256 3160 Examinatorum.

285 3176 360 3219 x1.
424 3174 674 3217 Diffinitores
709 3175 930 3218 Generales
959 3177 1155 3217 resideant
1175 3179 1259 3217 Ro-

227 3247 297 3275 mae
315 3261 328 3284 ,
355 3233 495 3288 quibus
521 3247 596 3289 pro
631 3235 867 3288 urgentibus
900 3262 912 3283 ,
945 3237 984 3276 &
1009 3236 1258 3289 gravioribus

225 3291 398 3348 negotiis
414 3288 638 3346 Religionis
655 3294 698 3333 sit
712 3293 933 3334 communis
949 3291 1165 3334 commissio
1175 3296 1260 3334 Ge-

223 3349 411 3401 neralis2
444 3347 544 3393 facta
574 3351 681 3393 Patri
718 3351 976 3393 Procuratori
1013 3353 1207 3393 Generali
1237 3352 1257 3391 a

222 3410 270 3450 Ρ.
297 3408 488 3451 Generali
514 3423 526 3451 :
553 3411 634 3459 ita,
666 3420 710 3451 ut
741 3409 963 3465 procedant
987 3408 1138 3450 insimul
1171 3437 1184 3459 ,
1220 3411 1256 3449 &

222 3464 473 3521 conjunCtim
501 3467 622 3524 usque
637 3467 687 3510 ad
703 3468 938 3524 Capitulum
953 3467 1160 3511 Generale
1177 3496 1190 3518 ‚
1219 3468 1257 3509 in

221 3539 303 3581 quo
329 3524 470 3578 singuli
499 3526 704 3570 habebunt
738 3540 885 3570 vocem
905 3527 1144 3575 elee‘iivam,
1172 3537 1258 3567 tan-

220 3597 340 3639 quam
367 3597 466 3624 unus
494 3597 545 3626 ex
572 3586 812 3629 Custodibus
843 3585 1001 3628 suarum
1030 3586 1258 3628 Provincia-

219 3656 311 3684 rum
329 3672 340 3682 .
1236 3652 1239 3654 ·

279 3702 380 3742 XII.
440 3701 739 3753 Provinciales,
783 3704 848 3759 qui
875 3703 1050 3746 nondum
1078 3701 1251 3757 comple-

222 3770 369 3816 verunt
385 3759 631 3813 triennium,
658 3760 830 3814 durent,
858 3763 988 3806 donec
1009 3764 1256 3819 compleant.

2152 242 2292 307 113

1334 320 1477 362 Oratio
1507 318 1690 358 mentalis
1712 346 1728 366 ,
1767 329 1849 373 quae
1875 327 2058 375 tempore
2085 325 2216 366 aestivo
2241 323 2363 365 fiebat

1331 376 1416 435 post
1430 375 1646 418 meridiem
1661 405 1677 426 ‚
1706 374 1775 417 fiet
1790 378 1907 419 mane
1921 381 1968 421 ad
1987 381 2162 424 Primam
2175 412 2186 423 .

1454 495 1704 545 Hieronymus
1717 493 1920 534 Cardinal.
1937 498 2137 551 Farmstus
2157 499 2360 542 Proteft'or.

1453 554 1527 595 Fr.
1546 554 1786 594 fortunatus
1802 552 1986 608 Minister
1999 557 2198 598 Generalis
2212 586 2223 597 .

1455 613 1527 654 Fr.
1541 614 1816 651 Bona-ventura
1828 611 1854 650 a*
1868 612 2044 652 Recineto
2064 617 2214 655 Procur.
2223 619 2362 658 Gener.

1400 708 1402 710 ,
1456 671 1527 711 Fr.
1543 668 1750 725 Aloysz'usa*
1772 671 1912 711 Verona
1933 670 2134 724 Diffinitor
2147 676 2360 716 Generalis.

1453 730 1527 770 Fr.
1545 730 1663 769 Lucas
1682 730 1906 781 Maringms
1921 728 2127 783 Diffiniror
2144 734 2359 774 Generalis.

1450 788 1523 828 Fr.
1542 787 1768 842 Francifius
1793 786 1836 826 de
1864 789 1978 828 Xeres
1998 788 2201 843 Diffim'tor
2217 795 2358 832 Gener.

1455 845 1524 887 Fr.
1540 846 1725 888 Claudius
1739 845 1986 901 Bituricenst's
2000 846 2207 901 Dtfflnitor
2220 851 2361 890 Gener.

1390 965 1497 1006 Cum
1509 972 1662 1014 autem,
1677 962 1775 1004 sicut
1789 961 1931 1005 eadem
1946 962 2138 1018 expositio
2155 961 2370 1017 subjunge-

1329 1023 1398 1064 bat
1412 1049 1425 1071 ,
1437 1019 1564 1064 didius
1581 1022 1852 1076 Hieronymus
1875 1021 2103 1064 Cardinalis
2121 1051 2134 1073 ,
2164 1025 2339 1063 Decreta
2353 1049 2368 1071 ‚

1331 1086 1399 1127 seu
1411 1080 1602 1135 Capitula
1618 1079 1840 1136 hujusinodi
1855 1108 1868 1131 ‚
1880 1081 1959 1135 quo
1972 1079 2123 1122 firmius
2141 1079 2336 1122 subsistant
2352 1109 2369 1130 ,

1329 1141 1369 1181 &
1383 1137 1593 1182 serventur
1609 1138 1781 1181 exac'tisis
1795 1167 1809 1189 ‚
1838 1139 2074 1193 Apostolicae
2095 1138 2368 1181 confirmatio·-

1329 1202 1390 1243 nis
1418 1198 1553 1240 nostrae
1573 1199 1721 1239 robore
1749 1198 1989 1239 communiri
2015 1199 2266 1253 summopere
2293 1198 2367 1238 de-

1333 1257 1480 1300 fideret
1496 1268 1510 1308 3
1528 1260 1610 1298 Nos
1620 1256 1696 1310 piis
1711 1255 1887 1310 ejusdem
1906 1257 2146 1311 Hieronymi
2166 1255 2367 1298 Cardina-

1333 1316 1380 1357 lis
1409 1317 1516 1356 votis
1533 1313 1834 1363 favorabiliter,
1861 1316 2050 1368 quantum
2066 1330 2156 1355 cum
2190 1315 2368 1355 Domino

1329 1370 1527 1429 possumus
1543 1400 1557 1421 ,
1572 1385 1748 1413 annuere
1765 1372 1996 1424 cupientes,
2010 1371 2366 1426 supplicationibus

1330 1429 1445 1485 ipsius
1473 1429 1712 1482 Hieronymi
1742 1429 1974 1470 Cardinalis
2004 1430 2129 1471 Nobis
2158 1430 2273 1482 super
2291 1431 2366 1469 hoc

1326 1486 1534 1532 humiliter
1544 1487 1738 1541 porrectis
1752 1486 1934 1527 inclinati
1950 1513 1964 1535 ‚
1983 1489 2156 1529 Decreta
2175 1516 2189 1538 2
2203 1488 2265 1528 seu
2285 1489 2367 1527 Ca-

1324 1546 1450 1604 pitula
1464 1545 1949 1602 praeinserta‚austoritate
1963 1545 2210 1600 Apostolica‚
2222 1555 2367 1586 tenore

1329 1605 1576 1661 praeseiitium
1600 1601 1907 1652 confirmamus,
1928 1604 1968 1644 &
1991 1606 2259 1657 approbamus
2277 1631 2291 1653 ,
2321 1603 2369 1644 il-

1329 1662 1454 1717 lisque
1477 1661 1721 1703 inviolabilis
1747 1661 1982 1715 Apostolicae
2003 1660 2203 1703 firmitatis
2239 1664 2366 1702 robur

1327 1721 1534 1774 adjicimus
1551 1747 1565 1769 ‚
1593 1734 1636 1761 ac
1654 1731 1796 1759 omnes
1809 1746 1823 1767 ,
1847 1720 1887 1759 δε
1903 1717 2071 1773 singulos
2085 1719 2179 1772 juris
2196 1746 2209 1768 ,
2237 1720 2277 1759 &
2305 1716 2364 1760 fa-

1325 1780 1374 1820 eii
1402 1777 1610 1826 defeetm,
1639 1778 1666 1816 fi
1696 1778 1765 1831 qui
1790 1775 1960 1832 desuper
1975 1778 2287 1834 quomodolibet
2303 1778 2368 1818 in-

1327 1837 1597 1885 tervenerint,
1615 1833 1856 1891 supplemus.
1873 1838 2110 1878 Mandantes
2126 1841 2380 1890 propterea,‘

1325 1899 1361 1937 δι
1380 1896 1652 1950 praecipientes
1678 1896 1718 1936 in
1743 1894 1896 1935 virtute
1924 1897 2070 1937 Sanstae
2082 1893 2334 1936 Obedientiae
2351 1920 2366 1943 ,

1328 1967 1374 1995 ac
1391 1954 1457 1995 sub
1474 1953 1709 2009 privationis
1725 1952 1835 1992 vocis
1853 1953 2038 2002 activae&
2059 1952 2210 2005 paffivae
2224 1966 2364 2006 poena,

1327 2026 1399 2068 per
1413 2007 1709 2066 transgressores
1723 2008 1807 2064 ipso
1825 2009 1928 2051 ΐαέὶο
1941 2010 2186 2052 incurrenda
2202 2037 2216 2059 2
2233 2011 2361 2051 omni.

1329 2072 1427 2122 bus,
1455 2072 1494 2111 &
1520 2069 1678 2123 singulis
1707 2069 1915 2111 memorati
1947 2069 2109 2111 Ordinis
2139 2068 2365 2124 Superiori-

1326 2130 1399 2172 bus
1413 2158 1426 2180 ,
1443 2129 1643 2172 Fratribus
1658 2157 1671 2178 ‚
1687 2131 1723 2170 &
1740 2127 1913 2183 personis
1926 2156 1938 2177 ,
1953 2126 2001 2168 ad
2018 2142 2118 2183 quos
2137 2127 2281 2181 speetat
2299 2156 2311 2178 ,
2324 2128 2363 2167 &

1328 2203 1402 2245 pro
1416 2199 1602 2242 tempore
1619 2187 1807 2240 spectabit
1820 2212 1833 2234 a
1851 2196 1894 2227 ut
1913 2189 2086 2227 Decreta
2103 2217 2118 2237 ‚
2151 2185 2214 2227 seu
2234 2185 2362 2239 Capi-

1325 2247 1410 2289 tula
1424 2245 1645 2302 praeinserta
1661 2243 1954 2287 inviolabiliter
1968 2243 2195 2287 observent.
2213 2247 2272 2286 Ac
2289 2243 2363 2288 de.—

1326 2315 1538 2348 cernentes
1555 2303 1650 2359 ipsas
1666 2301 1874 2359 praesentes
1890 2303 2027 2344 literas
2043 2331 2056 2352 ,
2087 2305 2126 2344 ὃ(
2141 2302 2332 2358 Capitula
2347 2328 2362 2351 ,

1330 2363 1395 2406 seu
1415 2368 1589 2405 Decreta
1622 2360 1846 2416 praeinserta
1863 2361 2018 2414 semper
2034 2359 2144 2402 firma
2158 2390 2173 2410 ,
2201 2359 2330 2402 valida
2346 2387 2360 2407 ,

1330 2424 1367 2461 &
1393 2420 1569 2462 efficacia
1593 2421 1784 2466 existere,
1818 2420 1856 2457 &
1883 2416 1999 2466 fore,
2027 2418 2188 2474 suosque
2221 2420 2362 2472 plena-

1332 2479 1408 2518 rios
1422 2505 1436 2526 ,
1465 2478 1504 2515 &
1531 2476 1707 2528 integros
1724 2475 1885 2515 effestus
1906 2474 2065 2524 sortiri,
2094 2480 2130 2517 &
2150 2476 2357 2526 obtinere,

1329 2535 1497 2581 acillis,
1521 2532 1570 2573 ad
1599 2547 1695 2587 quos
1709 2531 1856 2586 spe-stat
1872 2561 1885 2582 ,
1912 2534 1951 2573 &
1975 2535 2011 2573 in
2042 2533 2220 2576 futurum
2235 2547 2359 2588 quan-

1327 2594 1540 2646 docunque
1558 2591 1768 2646 spectabit,
1786 2592 1822 2631 in
1840 2593 2046 2641 omnibus,
2070 2594 2110 2632 &
2137 2606 2209 2646 per
2225 2593 2358 2634 omnia

1326 2649 1542 2707 pleniffime
1570 2649 1797 2705 suffragari,
1823 2650 1953 2703 sicque
1991 2650 2032 2690 in
2057 2649 2250 2704 praemissis
2285 2664 2358 2702 per

1324 2708 1579 2766 quoscunque
1603 2708 1763 2765 Judices
1779 2707 2003 2749 ordinarios
2019 2736 2032 2756 ‚
2057 2709 2097 2748 &
2111 2709 2320 2762 delegatos
2338 2734 2353 2756 ‚

1325 2769 1449 2810 etiam
1475 2766 1676 2810 causarum
1704 2765 1845 2809 Palatii
1876 2766 2094 2820 Apostolici
2134 2767 2354 2808 Auditores

1322 2825 1492 2885 judicari
1519 2855 1532 2878 ,
1560 2829 1599 2868 &
1626 2823 1785 2868 definiri
1811 2823 1990 2876 debere,
2016 2841 2059 2867 ac
2084 2827 2246 2867 irritum
2277 2853 2290 2876 ‚
2319 2827 2355 2866 δι

1324 2888 1441 2928 inane
1456 2886 1506 2936 ‚si
1523 2887 1633 2927 secus
1657 2884 1768 2939 super
1783 2884 1844 2924 his
1858 2883 1878 2923 a
1891 2897 2088 2939 quoquam
2104 2914 2118 2935 ‚
2132 2884 2269 2939 quavis
2285 2898 2356 2925 au-

1324 2946 1509 2986 ctoritate
1538 2945 1711 2987 scienter
1737 2973 1751 2994 .,
1780 2940 1844 2983 vel
1868 2943 2103 2996 ignoranter
2133 2942 2353 2996 contigerit

1324 3004 1539 3045 attentari.
1573 3006 1664 3046 Non
1686 3001 1929 3044 obstantibus
1950 3003 2314 3044 Constitutionibus
2334 3030 2350 3051 ,

1321 3064 1360 3104 &
1372 3061 1702 3104 Ordinationibus
1718 3059 1952 3115 Apostolicis
1972 3088 1986 3110 ,
2006 3075 2051 3102 ac
2061 3061 2154 3102 dieti
2170 3059 2351 3108 Ordinis,

1318 3123 1358 3162 ὃς
1382 3120 1467 3163 aliis
1481 3119 1677 3176 quibusvis
1690 3148 1705 3171 ‚
1730 3119 1854 3162 etiam
1870 3117 2095 3172 juramento
2110 3147 2123 3168 ,
2149 3120 2189 3158 ὃς
2202 3115 2351 3158 confir-

1321 3179 1494 3221 matione
1519 3178 1777 3234 Apostolica‚
1807 3177 1871 3219 vel
1898 3179 2036 3232 quavis
2063 3176 2256 3217 firmitate
2272 3175 2350 3215 alia

1321 3238 1516 3279 roboratis
1544 3238 1721 3288 statutis,
1745 3239 1784 3278 &
1815 3236 2196 3284 consuetudinibus,
2227 3233 2351 3288 privi-

1320 3296 1435 3350 legiis
1448 3310 1603 3352 quoque
1619 3295 1784 3338 indultis
1800 3323 1815 3345 ,
1850 3294 2027 3335 &literis
2053 3286 2291 3347 Apostolicis
2306 3292 2350 3332 in

1318 3356 1560 3397 contrarium
1597 3353 1875 3408 praemissorum
1913 3350 2221 3406 quomodolibet
2249 3364 2350 3391 con-

1317 3410 1424 3454 ceffis
1441 3440 1455 3461 a
1479 3413 1723 3455 confirmatis
1740 3440 1753 3461 ‚
1775 3410 2024 3452 &innovatis
2038 3439 2049 3450 .
2081 3410 2240 3466 Qibus
2259 3415 2349 3450 om'-

1316 3473 1458 3521 nibus,
1485 3475 1523 3513 &
1547 3471 1706 3526 singulis
1730 3469 1894 3511 illorum
1922 3478 2084 3511 tenores
2112 3482 2184 3523 pro
2200 3467 2348 3523 plene,

1316 3530 1608 3573 &sufficienter
1625 3526 1835 3583 expresliS,
1862 3529 1901 3568 &
1927 3526 1980 3569 de
2005 3527 2144 3569 Verbo
2171 3526 2223 3567 ad
2239 3527 2348 3567 Ver-

1317 3591 1410 3631 bum
1427 3589 1581 3631 insertis
1600 3589 1793 3629 habentes
1808 3616 1823 3636 ,
1851 3585 1928 3627 illis
1944 3586 2039 3629 alias
2056 3586 2094 3629 in
2112 3585 2181 3630 suo
2198 3585 2348 3626 robore

1252 3669 1255 3672 -
1315 3646 1645 3703 permansuris‚ad
1662 3642 1939 3701 praemissorum
1955 3644 2231 3696 effectuiii‚hac
2259 3645 2347 3686 vice

1316 3706 1509 3749 duntaxat
1525 3733 1537 3755 ,
1552 3704 1782 3761 specialiter
1798 3705 1858 3754 ‚&
1873 3703 2057 3758 expresse
2074 3705 2316 3759 derogamus
2332 3732 2348 3752 ,

1317 3766 1545 3821 caeterisque
1565 3760 1774 3807 contrariis
1790 3762 2116 3821 quibuscunque.
2151 3763 2347 3804 Volumus

1748 3825 1779 3866 P
2121 3831 2260 3864 autem
2275 3850 2290 3871 ,
