2658 4244
930 193 1089 283 Sub
1150 195 1576 286 Innocentio
1639 193 1818 284 XII.

336 316 575 369 confirmat
590 351 605 374 ,
636 333 687 364 ac
719 315 818 365 eam
852 313 987 362 etiam
1000 311 1047 360 in
1064 311 1250 366 tranfitu
1276 313 1334 361 ad

336 392 445 438 RR.
465 391 550 438 ΡΡ.
566 381 877 440 Cistercienses
892 379 1186 432 Reformatos
1203 384 1329 441 (vul-

335 456 399 527 go
416 458 469 506 de
487 459 529 506 la
544 459 755 522 Trappe)
769 452 1002 520 'observari
1019 451 1181 509 debere
1194 486 1212 517 ‚
1245 450 1326 502 sub

335 526 531 584 censuris
560 525 766 582 mandat,

420 654 1010 714 INNOCENTIUS
1046 653 1202 703 XII.

487 782 557 827 Ad
568 782 764 840 futuram
792 785 852 832 rc>⁸
884 775 1107 833 memoriam
1123 810 1134 829 φ

308 902 312 906 “
378 897 603 944 Ollicitudo
619 901 833 945 Pastoralis
847 899 980 950 Officii
997 929 1011 952 ,
1035 914 1118 956 quo
1145 897 1327 946 Ecclefiae

304 1014 308 1017 ξ
391 958 611 1007 Catholicae
631 962 815 1016 regimini
840 975 916 1016 per
942 957 1199 1005 infallibilem
1225 958 1328 1004 divi-

292 1017 349 1066 nae
363 1016 551 1065 bonitatis
567 1018 876 1068 abundantiam,
905 1018 1019 1060 nullo
1034 1015 1132 1065 licet
1159 1019 1331 1065 merito-

293 1091 382 1125 rum
394 1077 623 1125 nostrorum
639 1073 825 1133 suffragio
840 1076 1093 1134 praefidemus
1111 1104 1125 1125 ,
1157 1078 1242 1122 Nos
1260 1090 1331 1118 ur-

292 1145 363 1191 get
374 1164 388 1192 ,
417 1145 537 1191 atque
556 1134 733 1190 impellit
748 1136 768 1188 ,‘
791 1145 835 1178 ut
851 1146 1063 1192 paternam
1077 1133 1331 1181 Christifide·

291 1194 392 1241 lium
411 1191 595 1243 Altiffimi
609 1193 807 1250 obsequiis
826 1194 896 1238 sub
912 1195 1093 1237 arctioris
1111 1192 1199 1242 vita:
1214 1192 1332 1236 Insti-

293 1261 385 1298 tuto
400 1251 658 1298 laudabiliter
670 1253 997 1296 incumbentium
1013 1264 1151 1295 curam
1178 1265 1331 1309 geren-2

293 1319 354 1352 tes
368 1338 383 1361 ,
407 1308 601 1365 religiosae
619 1323 760 1358 eorum
775 1312 975 1358 stabilitati
990 1339 1004 1363 ‚
1021 1320 1067 1353 ut
1090 1310 1129 1349 in
1145 1323 1191 1353 ea
1208 1324 1330 1356 voca-

290 1369 402 1409 tione
417 1395 430 1418 ,
450 1369 490 1408 in
505 1381 582 1425 qua
598 1372 727 1412 vocati
743 1369 847 1423 sunt,
870 1368 1126 1425 perseverent
1152 1367 1328 1424 usquein

289 1425 427 1478 finem,
440 1423 631 1481 quantum
647 1428 776 1469 Nobis
795 1441 845 1468 ex
860 1428 945 1469 alto
958 1425 1213 1481 conceditur,
1228 1440 1324 1485 pro-

286 1483 439 1538 spicere
454 1484 702 1536 satagamus.
736 1485 899 1533 Dudum
915 1483 1111 1537 siquidem
1137 1481 1208 1523 fel.
1236 1495 1320 1527 rec,

286 1542 455 1583 Urbano
483 1541 562 1586 PP·
595 1541 716 1581 VIII.
756 1539 1040 1589 Praedeceffori
1076 1540 1211 1582 nostro
1247 1554 1322 1595 pro

283 1607 403 1655 parte
453 1607 551 1640 tunc
589 1596 794 1645 existentis
831 1598 1112 1647 Procuratoris
1139 1601 1323 1641 Genera-

284 1657 338 1698 lis
348 1654 516 1704 Ordinis
541 1657 727 1697 Fratrum
741 1659 947 1702 Minorum
964 1656 1094 1702 Sanffi
1121 1653 1324 1703 Francisci

286 1714 595 1767 Capucinorum
624 1724 946 1769 nuncupatorum
968 1714 1148 1766 exposito
1168 1743 1183 1764 ,
1216 1710 1325 1769 quod

290 1769 479 1816 nonnulli
518 1768 611 1810 disti
652 1772 815 1813 Ordinis
855 1769 1046 1826 Religiost
1098 1769 1212 1818 nulla
1253 1770 1325 1811 de„

289 1828 407 1883 super
434 1827 484 1869 ab
503 1828 734 1881 Apostolica
758 1831 862 1876 Sede
889 1859 902 1882 ,
939 1830 1006 1873 vel
1044 1829 1324 1885 Superioribus,

290 1887 367 1934 suis
389 1885 558 1933 obtenta
586 1886 780 1944 licentia,
807 1889 857 1933 ad
885 1889 983 1932 alios
1013 1889 1186 1937 Ordines
1217 1916 1232 1939 ,
1256 1885 1325 1929 seu

288 1943 640 1998 Congregationes
656 1946 693 1985 se
710 1946 932 1992 transferre
960 1943 1066 1999 posse
1097 1945 1325 2002 praetende-

286 2000 409 2053 rant,
437 2002 476 2047 ὃς
500 2002 831 2055 praetendebant,
853 2018 931 2050 non
960 2002 1039 2045 fine
1070 2004 1182 2063 gravi
1203 2017 1324 2059 regu-

289 2059 383 2107 laris
404 2057 617 2112 disciplfnae
632 2061 884 2106 detrimento
903 2091 917 2113 ,
944 2060 1136 2118 ipsiusque
1157 2061 1322 2105 Ordinis

288 2117 595 2174 inquietudine,
623 2118 733 2167 idem
760 2122 945 2171 Urbanus
970 2119 1262 2171 Praedeceffor,
1278 2132 1321 2169 ut

289 2174 582 2228 incommodis,
623 2178 806 2232 damnis,
844 2183 882 2230 ὃς
909 2176 1280 2235 perturbationibus
1307 2209 1321 2236 ,

288 2250 372 2295 quae
407 2249 455 2283 ex
479 2234 674 2290 ejusmodi
701 2239 1028 2286 translationibus
1055 2240 1321 2291 oriebantur,

260 2296 261 2300 ’
289 2306 557 2345 occurreret,
585 2295 939 2352 supplicationibus
955 2297 1048 2340 dicti
1079 2301 1319 2341 Procurato-

288 2353 341 2398 ris
367 2353 581 2397 Generalis
614 2356 774 2398 nomine
801 2357 1000 2414 fibisuper
1016 2358 1091 2407 hoc
1109 2358 1319 2401 humiliter

287 2412 482 2467 porrec'tis
507 2412 722 2457 inclinatus
739 2442 752 2466 ,
781 2431 830 2459 ne
858 2417 910 2460 de
935 2426 1082 2459 caetero
1109 2417 1319 2472 perpetuis.

287 2468 430 2510 futuris
457 2472 701 2525 temporibus
726 2474 836 2518 ullus
861 2474 1040 2528 ejusdem
1055 2474 1217 2518 Ordinis
1236 2474 1320 2513 Re·-

289 2525 450 2581 ligiosus
471 2527 522 2568 ad
549 2529 741 2572 laxiorem
764 2531 911 2587 absque-
934 2530 1094 2586 speciali
1122 2530 1232 2571 dietae
1248 2532 1321 2571 Se-

289 2584 376 2635 dis,
405 2583 454 2629 ad
479 2586 802 2634 Carthufiensem
830 2590 929 2632 vero
955 2617 969 2639 ,
1005 2588 1071 2635 seu
1101 2599 1318 2644 quemcun-

289 2658 366 2699 que
380 2642 500 2684 alium
517 2644 739 2697 Ordinem,
759 2646 820 2693 vel
836 2647 1203 2702 Congregationem
1219 2673 1232 2697 ,
1249 2646 1319 2693 nisi

286 2702 341 2742 de
366 2702 535 2742 Ministri
563 2704 779 2747 Generalis
806 2721 881 2760 pro
906 2717 1089 2761 tempore
1113 2704 1316 2749 existentis

286 2758 452 2801 Ordinis
468 2758 677 2811 supradic‘ti
694 2763 858 2807 licentia
870 2792 883 2815 ,
909 2766 946 2806 in
961 2764 1115 2819 scriptis
1128 2765 1321 2808 obtinen-¹

286 2818 338 2863 da
355 2847 369 2869 ,
390 2819 531 2875 quovis
546 2830 742 2873 praetextu
756 2851 771 2871 ,
798 2833 868 2864 aut
882 2837 929 2871 ex
953 2822 1092 2878 quavis
1118 2836 1234 2865 causa
1250 2823 1316 2864 sub

288 2874 478 2931 apostafiae
494 2904 507 2926 ,
540 2878 579 2918 δε
593 2877 757 2927 infamiae
772 2890 972 2939 perpetuat
987 2891 1084 2928 nota
1099 2909 1113 2932 ,
1145 2895 1220 2923 nec
1235 2895 1314 2923 non

286 2935 712 2979 excommunicationis
730 2965 743 2987 ,
770 2952 814 2980 ac
831 2938 1064 2993 privationis
1095 2941 1206 2982 vocis
1221 2942 1315 2982 aeti-

285 2992 345 3035 vae'
356 3021 368 3044 ,
382 2994 421 3032 &
433 2993 582 3048 paffivae
595 2996 724 3049 poenis
737 3024 751 3040 2
771 2997 853 3054 ipso
871 2995 974 3040 fano
990 2998 1134 3052 absque
1148 2997 1230 3039 ulla
1245 2999 1316 3040 de-

283 3052 507 3094 claratione
528 3051 782 3096 incurrendis
797 3087 813 3107 ,
845 3056 1011 3098 tranfire
1025 3056 1314 3110 quoquomodo

283 3109 451 3153 auderet
468 3140 483 3161 ,
499 3114 565 3152 seu
582 3109 859 3166 praesumeret,
875 3115 1106 3170 Apostolica
1122 3114 1313 3156 Auctori,

283 3179 367 3212 tate
393 3169 638 3220 interdixit,
666 3173 702 3213 δε
718 3174 953 3226 prohibuit,
984 3175 1022 3214 &
1045 3172 1142 3214 alias
1158 3201 1171 3222 ,
1192 3181 1312 3226 prout

281 3229 319 3270 in
337 3228 448 3282 ipfius
463 3228 616 3270 Urbani
632 3229 928 3276 Praedecessoris
945 3232 1094 3277 Literis
1110 3260 1122 3283 ,
1136 3230 1311 3288 desuper

283 3287 320 3328 in
337 3285 447 3328 simili
463 3285 589 3331 forma
605 3289 744 3335 Brevis
761 3291 837 3332 Die
862 3304 921 3335 tx,
942 3293 1047 3345 Aug.
1070 3305 1309 3335 MDCxxvni.

283 3344 502 3400 expeditis,
545 3360 713 3401 quarum
739 3360 922 3392 tenorem
953 3347 1206 3404 praesentibus
1235 3363 1310 3404 pro

282 3402 428 3457 plene,
455 3403 748 3452 &sufficienter
767 3405 948 3464 expresso
963 3435 977 3457 ,
1007 3409 1045 3455 &
1062 3404 1212 3449 inserto
1239 3408 1313 3448 ha,

284 3461 369 3508 beri
382 3461 567 3505 volumus
580 3493 595 3516 ,
612 3466 775 3508 uberius
791 3468 1021 3509 continetur
1033 3495 1044 3511 ·,

342 3521 447 3561 Cum
464 3532 598 3563 autem
611 3554 627 3574 ,
640 3523 735 3566 sicut
750 3525 920 3568 dilec‘tus
938 3524 1059 3571 Pilius
1077 3522 1304 3570 Franciscus

283 3578 412 3620 Maria
439 3579 487 3619 ab
515 3582 656 3624 Aretio
675 3584 889 3629 modernus
903 3586 1146 3629 Procurator
1168 3585 1306 3625 Gene*

282 3636 379 3678 ralis
408 3636 501 3678 dini
529 3638 694 3683 Ordinis
722 3644 852 3691 Nobis
879 3656 1006 3698 nuper
1027 3642 1173 3696 exponi
1206 3637 1302 3683 fecit

283 3710 360 3738 non
377 3696 528 3738 minora
544 3698 794 3743 incommoda
809 3730 823 3752 ,
849 3702 990 3744 damna
1005 3730 1020 3752 ,
1033 3702 1069 3742 &
1085 3700 1300 3755 perturba-

282 3755 409 3801 tiones
428 3768 649 3813 memorato
668 3759 812 3817 Ordini
825 3760 1057 3806 immineant
1077 3788 1091 3812 ,
1111 3759 1301 3818 quinimo

1392 310 1616 360 Provinciae
1633 311 1860 355 Galliarum
1889 309 2002 365 ipsius
2021 314 2187 358 Ordinis
2204 331 2249 358 ea
2266 319 2342 373 jam
2359 319 2426 359 ρκ’-

1395 370 1517 426 periri
1538 369 1760 422 coeperint,
1778 382 1828 409 ex
1844 372 2011 412 tranlitu
2028 375 2212 415 Fratrum
2234 377 2335 419 Ord.
2356 377 2430 417 hu-

1390 426 1559 488 jusmodi
1588 427 1637 473 ad
1657 426 1943 471 Monasterium
1959 431 2002 468 B„
2023 433 2153 473 Marjae
2177 433 2228 474 de
2244 435 2279 477 la
2298 437 2430 490 Trap-

1389 501 1442 543 pe
1458 484 1917 539 nuncupatum,Ordinis
1934 485 2254 532 Cistercienssum
2271 495 2435 547 Sagien.

1391 541 1616 593 Dioecelis,
1645 542 1694 583 ad
1711 543 1817 598 quod
1835 543 1996 597 quidam
2017 558 2067 586 ex
2095 546 2195 600 illis,
2225 565 2304 605 quo
2320 550 2432 606 spiri-

1390 613 1438 649 tu
1451 603 1576 658 ducti,
1586 600 1766 644 nescitur
1781 629 1794 652 ,
1809 612 2009 656 praetextu
2025 614 2158 647 tamen
2175 610 2355 650 arffioris
2372 610 2434 650 vi-

1392 671 1439 708 tae
1464 660 1688 709 ducendae,
1714 659 1751 702 se
1791 661 2015 704 transferre
2048 660 2228 718 satagunt
2255 680 2269 719 3
2301 666 2429 710 Nobis

1388 730 1611 779 propterea
1624 718 1749 765 dietus
1768 718 1994 763 Franciscus
2023 723 2152 763 Maria
2178 726 2429 768 Procurator

1388 778 1607 827 Generalis
1634 777 1843 821 humiliter
1870 780 2081 837 supplicari
2105 777 2203 823 fecit
2230 812 2243 834 ,
2279 794 2324 823 ut
2357 791 2429 827 iti-³

1388 837 1584 895 praemiffis
1609 836 1663 878 de
1697 838 2137 893 opportuno‘remedio
2169 841 2389 894 providere
2417 870 2431 892 ‚

1383 910 1534 951 nempe
1547 924 1561 947 ,
1585 894 1693 952 quod
1711 899 1870 944 Fratres
1884 897 1981 943 dit‘ti
2011 896 2176 941 Ordinis
2194 900 2429 952 Capucino—

1385 970 1477 1002 rum
1493 954 1681 1010 expresse
1695 954 1855 1010 profesti
1876 955 1925 998 ad
1936 965 2212 1000 memoratum
2228 957 2431 998 Monaste-

1390 1016 1499 1058 rium
1529 1015 1660 1060 Beatae
1687 1016 1823 1061 Mariae
1849 1015 1902 1058 de
1928 1015 1966 1059 la
1985 1017 2148 1071 Trappe
2170 1013 2336 1058 Ordinis
2353 1014 2426 1056 Ci-

1391 1073 1577 1117 stercien.
1607 1073 1741 1119 animo
1771 1075 1810 1117 se
1835 1073 1874 1116 se
1900 1073 2051 1117 ibidem
2079 1071 2293 1116 associandi
2315 1100 2328 1124 ,
2362 1072 2431 1115 seu

1391 1131 1678 1186 incorporandi
1695 1159 1708 1181 ,
1732 1130 1811 1177 fine
1826 1129 2006 1188 expressa
2029 1131 2148 1178 solius
2165 1132 2332 1174 Ministri
2348 1134 2432 1174 Ge-

1392 1190 1545 1239 neralis
1570 1187 1752 1243 ejusdem
1780 1191 1946 1234 Ordinis
1972 1191 2282 1247 Capucinorum
2303 1190 2431 1233 licen-

1391 1251 1498 1293 tiain
1518 1247 1672 1303 scriptis
1695 1248 1917 1295 obtinenda
1933 1278 1948 1301 2
1974 1250 2089 1291 nullo
2110 1249 2235 1292 modo
2259 1247 2430 1291 tranfire

1388 1308 1550 1365 poffint,
1566 1307 1717 1348 etiamst
1732 1307 1811 1349 alia
1827 1307 2021 1354 servanda
2037 1308 2298 1350 servarentur
2310 1338 2325 1358 ,
2357 1307 2429 1348 sub

1385 1381 1509 1423 poena
1536 1366 1965 1409 excommunicationis
1980 1366 2069 1408 latae
2086 1367 2317 1417 sententiae,
2332 1363 2429 1409 sedi

1385 1425 1623 1480 Apostolicae
1638 1422 1847 1465 reservatae
1860 1455 1873 1475 ,
1899 1435 1979 1468 tam
1996 1439 2069 1480 pro
2085 1425 2264 1479 receptis
2279 1451 2292 1473 ,
2309 1422 2428 1480 quam

1384 1497 1460 1542 pro
1476 1480 1720 1534 recipiendis
1737 1483 1955 1534 prohibere
1971 1510 1985 1532 ,
2012 1482 2351 1538 quemadmodum
2369 1480 2424 1522 ob

1383 1540 1545 1585 easdem
1561 1536 1690 1584 ferme
1709 1539 1887 1582 rationes
1912 1541 2321 1586 rec.mem.Clemens
2341 1539 2392 1591 X.
2411 1565 2426 1588 ,

1384 1602 1421 1646 δε
1454 1598 1714 1639 Innocentius
1734 1599 1808 1640 XI.
1841 1600 2014 1641 Romani
2031 1599 2250 1642 Pontifices
2268 1595 2428 1642 Praede-

1385 1653 1559 1701 ceffores
1588 1654 1709 1695 nostri
1736 1655 1777 1695 id
1804 1654 1927 1709 ipsum
1955 1658 2165 1699 Monachis
2187 1660 2427 1715 Congrega—

1385 1713 1506 1761 tionis
1541 1713 1675 1754 Sansti
1702 1713 1835 1754 Mauri
1855 1713 2019 1755 Ordinis
2053 1715 2182 1756 Sanfii
2218 1713 2426 1755 Benedicti

1386 1771 1707 1828 prohibuerunt,
1732 1770 1784 1813 de
1814 1771 2062 1834 benignitate
2106 1772 2332 1831 Apostolica
2362 1770 2425 1813 di-

1387 1843 1627 1887 gnaremur·

1391 1888 1398 1894 “
1442 1892 1531 1931 Nos
1559 1889 1684 1943 igitur
1710 1887 1834 1943 ipsum
1861 1890 2116 1937 franciscum
2135 1888 2306 1931 Mariam
2321 1889 2423 1929 Pro-

1385 1956 1616 1989 curatorem
1651 1948 1897 1989 Generalem
1925 1947 2161 2001 specialibus
2187 1946 2421 2002 favoribus,

1383 2007 1422 2049 δι’.
1446 2004 1581 2060 gratiis
1596 2004 1779 2058 prosequi
1806 2005 2016 2055 volentes,
2042 2007 2080 2049 &
2095 2005 2115 2045 a
2132 2004 2329 2059 quibusvis
2349 2018 2420 2045 ex-

1380 2062 1782 2113 communicationis,
1808 2060 2089 2118 suspensionis,
2127 2062 2385 2109 &interdid'ti
2403 2091 2418 2112 ,

1382 2122 1546 2178 aliisque
1579 2119 1860 2166 Ecclefiasticis
1877 2121 2112 2172 sententiis,
2141 2120 2346 2171 censuris,
2379 2122 2420 2161 &

1382 2183 1512 2237 poenis
1529 2182 1548 2222 εὶ
1564 2181 1652 2237 jure
1668 2209 1681 2230 ,
1709 2179 1772 2220 vel
1788 2181 1836 2221 ab
1853 2182 2018 2221 homine
2033 2208 2046 2230 ,
2075 2181 2212 2237 quavis
2243 2180 2418 2224 occafio-

1384 2255 1463 2291 ne,
1491 2239 1555 2283 vel
1585 2239 1695 2282 causa
1725 2238 1844 2291 latis,
1873 2241 1899 2279 fi
1927 2238 2071 2292 quibus
2103 2238 2417 2296 quomodolibet

1380 2300 1596 2345 innodatus
1620 2297 1781 2350 existit,
1809 2297 1858 2340 ad
1894 2299 2079 2344 effet‘tum
2124 2297 2415 2352 praesentium„

1379 2359 1575 2404 duntaxat
1602 2355 1931 2412 consequendum
1949 2386 1961 2407 ,
1989 2357 2130 2403 harum
2152 2356 2253 2398 serie
2288 2354 2417 2400 absol-

1380 2426 1549 2462 venteS,
1576 2417 1613 2454 δι
1633 2413 1859 2459 absolutum
1884 2414 1971 2455 fore
1994 2413 2205 2456 censentes
2229 2443 2242 2464 ,
2277 2410 2409 2469 hujus-

1378 2473 1491 2513 modi
1521 2470 1877 2525 supplicationibus
1904 2471 2115 2520 inclinati,
2150 2470 2203 2511 de
2230 2472 2414 2512 Venera-

1378 2530 1519 2570 bilium
1549 2532 1737 2573 Fratrum
1763 2529 2004 2574 Nostrorum
2021 2532 2060 2572 S.
2077 2531 2128 2571 R.
2147 2530 2192 2575 Ε.
2211 2529 2413 2575 Cardina-

1379 2588 1478 2634 lium
1508 2587 1711 2641 negotiis,
1734 2589 1771 2628 &
1803 2585 2162 2634 consultationibus
2194 2586 2413 2641 Episcopo-

1378 2661 1501 2697 rum,
1541 2648 1577 2687 &
1609 2645 1874 2701 Regularium
1903 2645 2195 2700 praepositorum
2218 2644 2410 2696 consilio,

1378 2720 1431 2750 ne
1454 2707 1617 2749 Fratres
1642 2702 1827 2760 expresse
1855 2701 2014 2760 professi
2028 2702 2123 2744 dicti
2142 2703 2308 2747 Ordinis
2328 2706 2411 2749 Ca-

1377 2765 1619 2821 pucinorum
1646 2761 1694 2805 ad
1724 2775 2004 2820 quemcunque
2033 2761 2154 2806 alium
2176 2761 2372 2803 Ordinem
2391 2789 2405 2812 ,

1377 2825 1416 2867 &
1435 2821 1721 2868 Monasterium
1737 2849 1749 2872 ,
1779 2819 1846 2861 seu
1861 2820 1981 2865 alium
2010 2819 2239 2875 regularem
2273 2819 2409 2866 locum

1377 2881 1548 2936 cujusvis
1569 2878 1733 2926 alterius
1748 2878 1913 2922 Ordinis
1929 2907 1943 2928 ‚
1965 2880 2028 2924 seu
2045 2879 2407 2934 Congregationis,

1377 2938 1862 2984 etiamCarthufianorum
1876 2967 1891 2989 2
1913 2939 1951 2978 &
1965 2935 2179 2992 praesertim
2195 2937 2246 2981 ad
2263 2940 2407 2980 Mona-

1376 2999 1537 3051 sterium
1553 2999 1682 3043 Beatae
1697 2997 1833 3038 Mariae
1858 2996 1910 3038 de
1925 2996 1963 3041 la
1977 2999 2138 3051 Trappe
2163 2994 2406 3052 hujusmodi,

1375 3059 1444 3099 nisi
1475 3055 1630 3102 servata
1655 3053 1910 3111 praefatarum
1934 3056 2082 3098 Urbani
2098 3052 2404 3098 Praedecefforis

1373 3117 1583 3158 literarum
1607 3113 1738 3160 forma
1752 3115 1939 3167 ,transire
1955 3114 2042 3156 ullo
2062 3114 2186 3156 modo
2199 3111 2401 3162 audeant,

1371 3174 1440 3217 seu
1466 3172 1727 3231 praesiimant,
1762 3171 2019 3217 Austoritate
2046 3169 2276 3228 Apostolica
2304 3196 2317 3219 ,
2339 3177 2403 3210 te-

1372 3245 1463 3276 tore
1502 3230 1749 3287 praesentium
1781 3231 2039 3286 prohibemus
2063 3257 2075 3269 .
2115 3232 2397 3271 Decernentes

1372 3289 1532 3338 easdem
1544 3290 1756 3348 praes'entes
1771 3290 1911 3333 literas
1924 3287 2078 3340 semper
2104 3285 2233 3331 firmas
2249 3314 2263 3334 ,
2291 3284 2394 3330 vall-

1371 3349 1470 3401 das,
1497 3352 1534 3391 &
1561 3349 1744 3397 efficaces
1771 3349 1970 3395 existere,
1994 3344 2164 3396 &fore,
2194 3342 2396 3399 suosque.)

1369 3409 1568 3464 plenarios
1588 3438 1603 3459 ,
1630 3409 1864 3458 &integros
1879 3403 2039 3447 effectus
2053 3402 2209 3452 sortiri,
2234 3403 2394 3448 &obti-

1366 3481 1493 3518 nere,
1517 3482 1562 3511 ac
1592 3465 1672 3507 illis
1688 3495 1702 3516 ,
1728 3463 1778 3508 ad
1806 3477 1905 3518 quos
1934 3459 2106 3518 (pestat,
2129 3463 2171 3506 ὃς
2195 3474 2267 3514 pro
2281 3471 2392 3502 tem-

1361 3540 1461 3582 pore
1489 3524 1709 3580 spec'tabit,
1740 3523 1780 3563 in
1807 3521 1991 3564 omnibus
2018 3549 2032 3572 ‚
2066 3521 2107 3566 8<
2128 3533 2200 3574 per
2225 3521 2393 3562 omnia-2

1361 3582 1575 3639 plenissime-
1605 3580 1831 3636 suffragari,
1862 3582 1902 3627 &
1925 3581 1973 3621 ab
1999 3581 2055 3620 eis
2085 3577 2304 3634 respective
2335 3580 2393 3618 in-

1361 3642 1614 3689 violabiliter
1637 3639 1839 3682 observari
1856 3668 1867 3684 2
1909 3640 2059 3692 Sicque
2099 3638 2139 3678 in
2190 3635 2389 3692 praemiffis

1359 3715 1432 3756 per
1447 3698 1703 3757 quoscunque
1722 3697 1886 3755 Judices
1903 3697 2140 3740 Ordinatios
2162 3723 2174 3746 ,
2201 3697 2240 3735 &
2265 3694 2390 3735 Dele-

1360 3769 1499 3822 gatos,
1523 3759 1647 3802 etiam
1664 3757 1882 3802 Causarum
1897 3756 2037 3803 Palatii
2063 3752 2283 3859 ΑροίέφΙὶςί
2305 3755 2390 3794 Au-

2187 3823 2334 3858 nores
