2658 4244
905 236 1065 327 Sub
1126 235 1507 323 Clemente
1567 233 1744 320 XII.

262 362 306 410 ,ἀ
327 362 378 405 ad
405 361 623 405 audiendas
662 355 912 401 Saecularium
950 353 1215 397 confeffiones
1243 356 1291 394 ab

263 421 481 464 Ordinatio
498 421 576 464 loci
588 413 818 475 approbatis
831 413 1075 463 concedere,
1092 413 1237 462 libere,
1253 413 1292 452 δι

261 479 376 522 licite
391 478 503 535 possit
521 508 536 531 ,
563 481 602 520 &
635 477 767 519 valeat
784 501 799 524 ,
816 485 1097 531 quamcunque
1130 469 1302 514 necessa-

264 539 362 581 riam
374 566 390 589 ,
420 540 461 580 &
474 548 741 595 opportunam
755 530 994 577 facultatem
1009 560 1023 582 ,
1038 531 1301 573 Auaoritate

262 597 522 652 Apostolica,
547 606 692 638 tenore
707 590 954 650 praesentium
982 589 1195 634 tribuimus
1218 617 1234 639 ,
1262 590 1302 629 &

263 655 520 710 impertimur
536 686 552 708 ‚
582 651 917 711 quemadmodum
937 653 973 693 in
1002 649 1199 703 Capitulo
1213 650 1300 690 Ge-

262 713 394 756 nerali
406 713 587 770 ejusdem
603 710 764 755 Ordinis
777 708 924 754 servari
942 707 1148 751 consuevit
1161 737 1172 749 .
1202 709 1297 748 Non

261 771 510 816 obstantibus
534 768 705 829 praefatii*
722 768 947 813 Clementis
966 765 1264 811 Praedecesloris
1279 793 1294 816 ‚

263 830 431 884 aliisque
459 829 824 874 Constitutionibus
853 857 867 879 ,
897 831 937 870 &
968 823 1298 869 ordinationibus

254 887 498 946 apostolicis
513 916 528 940 ,
557 901 716 931 necnon
732 886 827 929 disti
843 888 1010 931 Ordinis
1028 914 1042 937 ,
1056 886 1174 929 etiam
1190 882 1299 938 jura·-

257 955 420 999 mento,
453 944 761 990 confirmatione
775 946 1011 1000 Apostolica
1025 974 1041 994 ,
1072 944 1137 985 vel
1152 941 1299 998 quavis

252 1004 449 1049 firmitate
470 1004 549 1049 alia
571 1004 775 1047 roboratis
801 1004 959 1046 statutis
976 1032 990 1054 ‚
1022 1004 1062 1043 δε
1087 1000 1298 1043 consuetu-

255 1064 417 1106 dinibus
432 1091 448 1115 ,
479 1062 704 1118 privilegiis
717 1076 877 1118 quoque
894 1091 907 1113 ,
938 1060 1105 1104 indultis
1124 1089 1137 1110 ,
1166 1061 1206 1100 &
1225 1060 1291 1102 Li-

254 1122 356 1164 teris
367 1120 609 1177 Apostolicis
623 1148 638 1171 ,
651 1121 689 1163 in
711 1121 956 1164 contrarium
971 1118 1293 1176 praemifforum.)

253 1179 564 1237 quomodolibet
578 1179 793 1229 concessis,
823 1179 1087 1229 confirmatis,
1121 1180 1159 1220 &
1174 1178 1291 1219 inno-

253 1239 385 1281 vatis.
415 1239 573 1294 Qibus
596 1238 806 1289 omnibus,
836 1239 876 1279 δι
897 1238 1056 1294 singulis
1082 1266 1097 1287 ,
1130 1236 1292 1278 illorum

257 1307 426 1340 tenores
440 1296 696 1352 praesentibus
713 1311 790 1352 pro
812 1295 962 1350 plene',
993 1299 1031 1338 &
1048 1293 1291 1336 sufficienter

255 1354 448 1411 expressis
463 1381 477 1404 ,
505 1368 551 1398 ac
582 1354 635 1397 de
659 1356 781 1398 verbo
794 1354 1030 1398 adverbum
1048 1352 1205 1396 insertis
1226 1355 1291 1395 ha.

254 1416 400 1456 bentes
416 1443 431 1464 ,
462 1411 544 1454 illis
568 1413 666 1455 alias
680 1413 718 1455 in
735 1413 802 1455 suo
818 1415 966 1456 robore
995 1411 1262 1468 permansuris
1277 1439 1291 1461 ,

255 1470 310 1515 ad
337 1469 619 1527 praemifforum
646 1471 828 1513 effectum
860 1473 934 1513 hac
971 1472 1060 1512 vice
1090 1471 1290 1512 duntaxat

254 1530 488 1580 specialiter
502 1557 517 1579 ,
529 1531 570 1571 δε
581 1530 765 1584 expresse
780 1529 1019 1583 derogamus
1033 1554 1047 1576 ,
1061 1527 1290 1581 caeterisque

252 1586 468 1630 contrariis
482 1585 778 1642 quibuscunque
793 1615 804 1627 .
838 1589 999 1630 Datum*
1019 1586 1158 1626 Romae
1184 1583 1290 1638 apud

250 1646 438 1687 Sanctam
451 1645 621 1686 Mariam
638 1645 837 1699 Major-em
850 1645 918 1684 s'ub
932 1641 1097 1683 Annulo
1116 1639 1290 1683 Piscato-

249 1702 308 1744 ris
324 1703 404 1743 Die
417 1714 466 1742 xi
477 1716 525 1743 v.
538 1699 636 1756 Maji
654 1713 910 1744 mcccxxxv.
924 1696 1184 1742 Pontificatus
1202 1703 1291 1742 No-

255 1759 324 1802 stri
338 1761 459 1802 Anno
474 1757 656 1818 Qinto.

738 1819 788 1862 F.
821 1815 1044 1860 Cardt'nalis
1077 1817 1289 1858 oliverius.

312 1932 562 1988 Autograpb.
599 1936 643 1975 in
672 1931 791 1975 Arch.
818 1938 960 1976 secret.
982 1937 1098 1974 Brev.
1127 1932 1294 1988 Apostol.

369 1993 466 2046 Reg.
482 1989 591 2045 Majx·
615 2002 734 2045 1735.
748 1991 830 2047 fol.
850 2004 912 2043 14.
927 1991 971 2030 de
984 2004 1058 2045 quo
1073 1994 1192 2033 Breve
1197 1991 1293 2048 for·

368 2058 520 2090 matum
536 2051 578 2090 in
594 2049 715 2092 Arch.
722 2063 813 2107 gen.
825 2050 918 2091 Ord.
929 2051 1030 2092 Tom.
1046 2052 1098 2092 R.
1113 2062 1292 2101 num.27.

254 2282 646 2335 Constitutionem
673 2283 707 2334 s.
740 2303 804 2334 m.
837 2285 1016 2341 Urbani
1033 2288 1287 2336 PP.V111.

286 2353 342 2404 de
367 2356 612 2405 filiatione
641 2355 864 2414 Ordinis,
885 2374 941 2405 ex
975 2374 1083 2405 vera
1107 2355 1154 2406 ὅ(
1182 2374 1289 2404 nun—

285 2442 424 2492 quam
441 2426 695 2494 interrupta
705 2424 1030 2476 S.P.Francisci
1048 2427 1183 2476 Linea
1197 2425 1286 2476 &a

284 2493 563 2563 Apostolicae
607 2495 963 2548 confirmationis
1005 2498 1287 2546 munimine„

285 2564 503 2614 innovat.

318 2684 728 2735 CLEMENS
779 2689 995 2744 PAPA
1047 2689 1215 2736 XII.

454 2776 524 2817 Ad
534 2775 729 2833 fhturam
754 2780 815 2819 rei
841 2782 1084 2821 memoriam.

247 2859 344 2971 E
357 2856 395 2897 A
411 2883 426 2907 ‚
455 2871 540 2912 quae
558 2859 580 2900 a
595 2861 791 2903 Romanis
807 2862 1066 2907 Pontificibus
1090 2893 1103 2916 ,
1123 2865 1283 2908 Praede-

373 2913 596 2959 cefforibus
611 2919 750 2961 nostris
765 2949 780 2970 ,
794 2935 868 2975 pro
884 2923 1070 2976 religiosa
1085 2924 1283 2966 christifi-

243 2974 401 3014 delium
430 2974 578 3018 divinis
603 2977 803 3034 obsequiis
828 2979 898 3021 sub
922 2981 1027 3022 suavi
1053 2982 1280 3037 Religionis

241 3029 340 3086 jugo
358 3035 678 3088 mancipatorum
707 3038 846 3092 quiete
873 3039 1044 3094 provide
1070 3037 1167 3082 fae‘ta
1195 3070 1209 3092 ‚
1243 3045 1285 3085 δε

243 3088 451 3133 declarata
471 3091 584 3135 fuilse
600 3093 818 3139 noscuntur
831 3125 845 3147 ,
878 3108 920 3138 ut
939 3098 1117 3141 solidiori
1134 3101 1280 3143 robore

243 3148 445 3214 persistant
477 3178 491 3201 ,
536 3153 755 3208 Apostolici
801 3157 1028 3198 muniminis
1075 3159 1251 3213 pra-sidio
1266 3189 1280 3210 ,

242 3218 336 3249 cum
353 3211 393 3250 id
405 3210 428 3250 a
442 3211 571 3252 Nobis
587 3212 940 3265 petitur,libenter
958 3217 1277 3260 constabilimus.

299 3265 464 3309 Dudum
494 3268 687 3324 siquidem
715 3268 847 3313 felicis
893 3276 1052 3316 record.
1091 3277 1279 3319 Urbanus

239 3324 321 3389 ¹³¹3
338 3325 456 3367 Vm.
474 3326 740 3371 Praedecessor
754 3330 884 3372 noster
900 3360 912 3381 ,
938 3333 1098 3375 Fratres
1114 3335 1279 3378 Ordinis

239 3383 447 3425 Minorum
467 3388 509 3428 S.
525 3388 724 3429 Francisci
739 3391 1038 3443 Capucinorum
1066 3406 1278 3448 nuncupa-

239 3448 375 3506 torum
400 3441 539 3495 fuiffe,
569 3447 609 3487 δε
637 3443 713 3488 effe
738 3461 787 3489 ex
817 3461 937 3500 vera,
970 3451 1010 3491 &
1035 3463 1278 3507 nunquam

238 3508 469 3557 interrupta
497 3502 603 3546 linea
633 3533 647 3554 ,
687 3519 732 3546 ac
763 3519 879 3550 veros
903 3535 917 3558 ,
957 3511 995 3550 &
1031 3509 1278 3553 indubitatos

2170 270 2316 317 201

1354 354 1392 395 in
1407 349 1651 392 limliforma
1681 348 1822 390 Brevis
1846 349 2048 406 expeditis
2066 379 2080 403 ,
2117 355 2300 404 tenoris,
2326 350 2392 408 qui

1351 411 1533 468 sequitur
1552 435 1566 460 ,
1590 407 1787 450 videlicet
1804 421 1817 448 :

1609 524 1810 577 Urbanus
1848 525 1965 592 Papa
2008 525 2150 577 VIII.

1529 654 1597 699 Ad
1618 663 1851 711 perpetuam
1882 657 1943 696 rei
1972 657 2198 697 memoriam
2213 686 2225 699 .

1441 763 1649 807 Alvatoris
1664 793 1679 814 ,
1712 764 1750 804 δε
1769 762 1930 805 Domini
1949 763 2113 813 Nostri,
2145 763 2212 819 qui
2227 765 2400 807 charitas

1460 823 1517 865 est
1533 851 1547 874 ,
1573 824 1612 864 &
1625 825 1734 864 Deus
1749 823 1863 864 Pacis
1878 851 1892 873 ,
1911 821 2020 863 vices
2036 851 2048 872 ,
2065 822 2162 879 licet
2179 824 2368 865 immeriti
2386 851 2400 873 ‚

1360 892 1551 940 gerentes
1576 882 1615 922 in
1642 882 1794 931 terris,
1827 883 1936 923 inter
1952 880 2191 936 graviffimas
2211 909 2226 930 ‚
2259 881 2400 922 multi-

1360 939 1564 999 plicesque
1582 940 1820 995 Apostolicae
1834 939 2055 983 servitutis
2069 953 2186 980 curas
2205 967 2219 988 ,
2253 939 2290 979 in
2306 953 2399 980 eam

1359 1000 1553 1057 peculiari
1572 997 1846 1042 sollicitudine
1861 997 2009 1055 jugiter
2027 997 2296 1039 incumbimus
2311 1025 2324 1047 ,
2356 1007 2403 1038 ut

1351 1057 1646 1103 Christifideles
1665 1087 1679 1109 ,
1711 1059 1777 1115 qui
1797 1059 1838 1099 in
1855 1060 2010 1100 {ortem
2040 1057 2203 1098 Domini
2232 1058 2398 1106 vocati,

1352 1118 1439 1174 ejus
1468 1118 1668 1173 obsequiis
1684 1143 1699 1166 ,
1729 1117 1798 1159 diu
1811 1118 2016 1173 noftuque
2042 1115 2258 1170 mancipati
2276 1113 2367 1155 sunt
2385 1141 2400 1164 ,

1352 1177 1517 1220 sublatis
1548 1176 1793 1232 quibuslibet
1819 1175 1953 1217 dubiis
1980 1205 1997 1226 ,
2042 1176 2082 1215 δε
2109 1171 2398 1216 controversiis

1353 1236 1553 1280 Altiflimo
1569 1234 1739 1277 reddant
1753 1233 2007 1278 abundanter
2023 1232 2172 1276 fruetus
2187 1234 2294 1283 suos;
2322 1245 2398 1273 nec

1352 1297 1401 1338 ab
1428 1296 1507 1345 iis,
1532 1309 1708 1350 quorum
1722 1295 1777 1337 est
1794 1293 2094 1349 Evangelizare
2124 1306 2264 1348 pacem
2296 1318 2310 1340 ,
2358 1291 2398 1331 &

1352 1356 1454 1396 bona
1472 1375 1487 1404 5
1517 1354 1735 1395 veritatem
1780 1353 1880 1394 vero
1923 1351 2079 1394 temere
2118 1348 2397 1405 impugnando

1350 1427 1494 1468 pacem
1511 1426 1601 1453 cum
1618 1411 1805 1455 scandalo
1823 1410 2056 1467 pusillorum
2077 1408 2262 1452 scindere
2279 1421 2395 1449 non...

1351 1481 1546 1513 verentur
1562 1500 1577 1520 ,
1593 1470 1614 1510 zi
1631 1468 1696 1511 sua
1718 1471 1845 1511 saneta
1863 1469 2077 1511 vocatione
2091 1469 2210 1510 disti-a
2220 1469 2366 1507 bantur
2384 1493 2398 1504 .

1350 1529 1461 1571 Alias
1478 1526 1666 1581 liquidem
1689 1527 1709 1567 :i
1727 1526 1796 1570 fel.
1825 1541 1908 1567 rec.
1934 1527 2064 1568 Paulo
2093 1529 2200 1579 Papa
2221 1527 2271 1566 V.
2291 1526 2398 1564 Prae-

1349 1582 1558 1627 decessore
1587 1586 1735 1626 Nostro
1761 1595 1934 1639 accepto
1962 1582 1985 1626 ἃ
2015 1584 2217 1627 nonnullis
2255 1583 2294 1623 in
2323 1582 2400 1623 du-

1353 1644 1462 1684 bium
1478 1643 1692 1692 revocari,
1724 1657 1773 1684 an
1804 1645 1972 1684 Fratres
1986 1642 2152 1684 Ordinis
2175 1642 2397 1697 ejusdem-a

1350 1700 1480 1743 Sancti
1497 1699 1898 1754 FrancisciCapucini
1914 1698 2276 1755 nuncupati,essent
2296 1698 2397 1740 vere

1352 1762 1516 1801 Fratres
1535 1758 1713 1800 Minores
1727 1789 1742 1809 ,
1757 1760 1796 1799 δε
1808 1759 1931 1799 etiam
1946 1788 1962 1808 ,
1979 1758 2170 1814 quoniam
2188 1757 2394 1813 Regulam

1352 1817 1483 1861 Sansti
1500 1816 1698 1858 Francisci
1716 1816 1958 1872 profitentur
1972 1846 1986 1868 ,
2005 1817 2097 1858 Filii
2115 1817 2247 1859 Sansti
2264 1819 2394 1858 Fran-

1353 1876 1477 1926 cisci,
1509 1889 1602 1916 cum
1623 1886 1809 1932 tempore
1833 1876 1964 1918 Sancti
1988 1875 2190 1917 Francisci
2219 1874 2394 1916 instituti'

1353 1948 1433 1978 non
1462 1932 1640 1975 fuerint?
1659 1936 1893 1990 pariterque
1908 1963 1922 1985 ,
1944 1948 1992 1975 an
2007 1947 2150 1976 eorum
2183 1934 2394 1977 Constitu-

1352 1995 1483 2035 tiones
1504 1992 1653 2047 aliquid
1677 1994 1873 2035 haberent
1890 2019 1903 2042 ,
1927 1992 2037 2047 quod
2070 1993 2235 2048 Regulae
2260 1993 2393 2034 Sanffl

1353 2051 1556 2095 francisci
1575 2062 1822 2106 repugnaret
1840 2053 1854 2092 ἓ
1876 2050 1983 2093 idem
2003 2051 2146 2093 Paul-us
2162 2050 2394 2093 Praedeces-

1351 2110 1498 2160 sor,sua
1517 2112 1715 2165 perpetuo
1733 2110 1906 2152 valitura
1924 2109 2229 2151 Constitutione
2250 2108 2393 2152 decla-

1351 2171 1490 2219 ravit,
1522 2171 1681 2212 Fratres
1708 2168 1938 2222 Capucinos
1971 2164 2051 2209 effe
2080 2167 2178 2209 vere
2221 2169 2391 2208 Fratres

1353 2228 1533 2269 Minores
1549 2254 1562 2277 ,
1593 2240 1638 2267 ac
1659 2226 1811 2277 etiam,
1835 2226 2015 2281 quamvis
2042 2235 2229 2282 tempore
2257 2226 2390 2268 §aneti

1354 2284 1554 2328 Francisci
1574 2284 1738 2326 minime
1754 2284 1923 2326 instituti
1942 2281 2096 2326 fuerint
2109 2314 2124 2337 ,
2142 2298 2232 2326 cum
2249 2294 2389 2326 tamen

1346 2344 1436 2398 ejus
1455 2343 1656 2399 Regulam
1669 2341 1944 2398 profiteantur
1961 2371 1974 2394 ,
2005 2353 2130 2398 atque
2156 2357 2296 2385 eorum
2323 2343 2387 2384 in-

1347 2403 1485 2444 stituta
1504 2413 1728 2457 congruant
1745 2413 1827 2443 tam
1853 2404 2022 2458 Regulae
2038 2400 2213 2444 statutis
2228 2431 2244 2451 ,
2265 2401 2389 2456 quam

1347 2460 1529 2514 ejusdem
1547 2461 1716 2515 Regula:
1731 2461 2097 2508 declarationibus,
2129 2473 2211 2515 quar
2231 2461 2388 2501 haben-

1348 2530 1413 2560 tur
1431 2519 1471 2558 in
1489 2519 1791 2561 Constitutione
1807 2518 1875 2559 fel.
1891 2532 1976 2560 rec.
1991 2518 2223 2560 Clementis
2242 2519 2319 2559 121³.
2332 2520 2386 2559 V.

1348 2575 1651 2619 Praedecefforis
1684 2577 1816 2620 Nostri
1843 2606 1858 2627 ,
1891 2577 1930 2618 in
1963 2577 2161 2619 Generali
2193 2576 2388 2618 Concilio

1350 2637 1552 2676 Viennen.
1569 2636 1704 2687 edita,
1734 2635 1971 2691 quaeincipit
1986 2649 1998 2677 :
2016 2638 2133 2677 Exivi
2153 2635 2198 2678 dc
2218 2635 2385 2676 Paradi-

1330 2694 1386 2752 ,fi
1412 2693 1496 2742 ὀνο.
1524 2694 1649 2735 Filios
1667 2698 1706 2736 S.
1724 2692 1940 2736 Francisci:
1975 2707 2120 2734 eorum
2143 2703 2377 2747 praeterea.‚

1346 2752 1664 2794 Constitutiones
1692 2752 1797 2794 nihil
1823 2751 2066 2802 continere,
2100 2751 2210 2807 quod
2227 2766 2304 2794 non
2337 2750 2385 2794 fit

1343 2811 1513 2865 Regulae
1540 2812 1670 2852 Sancti
1698 2809 1899 2853 Francisci
1942 2809 2135 2866 praedistae
2166 2810 2381 2852 consenta-

1343 2883 1490 2918 neum,
1522 2870 1708 2911 irritante
1726 2870 1849 2911 etiam
1873 2871 2053 2910 Decreto
2067 2867 2235 2925 desuper
2257 2883 2379 2925 appo.

1341 2929 1414 2968 sito
1431 2956 1444 2978 ,
1460 2930 1498 2968 &
1512 2928 1608 2970 alias
1621 2956 1635 2978 ,
1652 2938 1774 2983 prout
1789 2927 1826 2968 in
1841 2925 1934 2969 dieti
1948 2926 2060 2969 Pauli
2076 2926 2382 2970 Praedecefforis

1341 2986 1514 3041 desuper
1543 2987 1582 3028 in
1612 2985 1729 3028 simili
1753 2985 1880 3028 forma
1908 2986 2078 3036 Brevis,
2105 2984 2176 3027 sub
2201 2986 2268 3028 die
2303 3000 2379 3029 xv.

1341 3044 1526 3085 Ostobris
1542 3059 1688 3088 Mncvr
1704 3059 1718 3087 1
1731 3044 1984 3100 1.expeditis
2009 3045 2141 3087 literis
2158 3074 2171 3095 ,
2202 3059 2379 3102 quarum

1341 3113 1531 3145 tenorem
1548 3104 1799 3159 praesentibus
1816 3119 1889 3158 pro
1902 3101 2081 3160 expresso
2098 3104 2240 3145 haberi
2258 3102 2380 3144 volu-

1342 3175 1426 3202 mus
1441 3189 1454 3211 ,
1487 3161 1642 3216 plenius
1656 3163 1889 3205 continetur
1904 3191 1915 3202 .
1946 3167 2053 3206 Cum
2074 3172 2213 3202 aute-m
2226 3190 2242 3212 ,
2275 3161 2375 3202 ficut

1339 3220 1510 3262 dilectus
1537 3221 1660 3264 Filius
1688 3221 1919 3263 Franciscus
1935 3220 2184 3275 Genuenfis,
2210 3234 2375 3262 eorum..

1339 3278 1432 3334 dem
1447 3281 1638 3321 Fratrum
1654 3281 1952 3335 Capucinorum
1971 3281 2220 3320 Procurator
2234 3280 2375 3321 Gene-

1339 3336 1453 3388 ralis,
1470 3338 1597 3380 Nobis
1611 3352 1741 3394 nuper
1754 3338 1903 3392 exponi
1919 3335 2013 3379 fecit
2029 3367 2044 3388 ,
2063 3347 2263 3389 praetextu
2279 3337 2374 3379 illo..

1338 3409 1427 3437 rum
1444 3397 1657 3439 verborum
1671 3427 1685 3447 ,
1705 3396 1899 3439 videlicet
1916 3424 1930 3446 ,
1946 3409 2187 3450 quamquam
2200 3405 2376 3450 tempore

1337 3457 1451 3496 Beati
1465 3456 1666 3512 Francisci
1676 3455 1850 3510 instituti
1863 3468 1938 3496 non
1942 3452 2109 3512 fuerint
2120 3483 2134 3504 ,
2165 3454 2186 3495 a
2203 3455 2372 3497 nonnul.

1333 3512 1383 3555 lis
1405 3514 1447 3555 in
1473 3514 1639 3555 dubium
1669 3523 1886 3555 revocetur
1914 3543 1929 3564 ,
1975 3527 2022 3555 an
2057 3513 2181 3555 iidem
2205 3515 2371 3557 Fratres

238 3560 402 3602 Fratres
421 3561 515 3602 dieti
529 3562 695 3605 Ordinis
710 3567 845 3607 Sancti
864 3567 1060 3609 Francisci
1074 3597 1088 3620 ,
1110 3570 1274 3612 &illius
1331 3573 1529 3627 Capucini
1545 3586 1595 3614 ex
1615 3585 1709 3614 vera
1725 3599 1739 3621 ,
1754 3573 1793 3613 &
1810 3585 2008 3628 nunquam
2026 3570 2243 3614 intermissa
2259 3571 2370 3614 linea

237 3616 405 3673 Regulae
432 3618 723 3664 Observatores
738 3651 753 3674 ,
782 3623 932 3680 subque
962 3627 1076 3681 ipsius
1090 3631 1128 3670 S.
1145 3630 1271 3671 Pran-

1331 3632 1462 3672 Sanffl
1476 3629 1674 3673 Francisci
1685 3631 1883 3686 originem
1899 3631 2091 3673 habeant?
2099 3634 2187 3673 Nos
2197 3644 2367 3687 aequum,

237 3675 330 3717 Cfsci
357 3678 520 3745 Regula
552 3679 760 3732 militasse,
786 3682 827 3725 &
855 3685 1032 3727 militare
1054 3686 1242 3730 decrevit
1255 3715 1270 3738 ,
1327 3691 1366 3730 δε
1382 3690 1525 3733 rationi
1540 3687 1755 3731 consonum
1771 3689 1859 3732 fore
1874 3689 2095 3739 censentes,
2113 3701 2174 3741 ut,
2190 3691 2256 3746 qni
2272 3704 2365 3731 ver-

236 3733 528 3803 §cde-claravit,
540 3739 704 3790 &alias,
721 3753 840 3796 prout
860 3743 1021 3786 uberius
1038 3748 1270 3788 continetur
1329 3749 1406 3799 bo,
1436 3750 1476 3790 &
1491 3748 1679 3802 exemplo
1696 3762 1813 3791 veros
1830 3748 1911 3790 sese
1927 3750 2039 3790 Beati
2058 3749 2255 3800 Francisci
2272 3749 2362 3790 imi-

235 3806 275 3833 m
299 3793 392 3836 dic‘h
412 3796 566 3839 Urbani
584 3798 879 3845 Praedecelsoris
906 3803 1038 3846 literis
1054 3833 1068 3856 ,
1095 3804 1269 3862 desuper
1328 3817 1482 3850 tatores
1502 3806 1715 3851 ostendunt
1730 3837 1746 3859 ,
1777 3808 1882 3852 tales
1896 3809 1944 3852 ab
1958 3809 2142 3853 omnibus
2176 3808 2361 3864 abique-„0

2216 3867 2297 3910 ulla
