2658 4244
328 247 478 293 ‘112

260 331 385 379 verit,
402 325 669 376 habitare,ffiu
685 329 926 371 commorari
940 329 1104 377 audeat,
1119 324 1183 367 seu
1198 341 1298 382 quo-

260 390 318 430 vis
349 386 473 429 modo
494 384 728 439 praesumat,
750 388 1014 429 Authoritate
1038 385 1263 440 Apostolica
1282 412 1295 434 ,

258 455 404 490 tenore
430 447 677 499 praesentium
703 447 992 501 prohibemus,
1023 446 1062 485 &
1093 442 1303 485 interdici-

259 506 370 546 mus.
406 506 693 547 Decernentes
724 502 887 548 easdem
919 501 1129 560 praesentes
1165 502 1301 545 literas

260 563 417 617 semper
431 560 566 605 firmas
582 591 597 614 ,
628 562 783 605 validas
806 593 819 614 ,
842 567 881 605 &
895 563 1079 605 efficaces
1097 561 1272 603 existere
1286 586 1301 608 2

262 624 302 662 δε
318 620 429 672 fore,
451 618 619 677 suosque
635 621 836 679 plenarios
850 651 867 674 ,‚
889 623 1121 675 &integros
1137 619 1299 663 effeetus

261 680 425 728 sortiri,
449 681 717 732 &obtinere,
749 696 792 724 ac
809 681 953 724 abillis
971 708 985 731 ,
1015 678 1064 722 ad
1080 694 1177 735 quos
1207 677 1301 732 spe-

262 741 374 788 Ctat,
400 740 438 779 δι
464 752 538 793 pro
553 750 736 796 tempore
753 738 972 794 spet‘tabit,
1002 737 1297 780 inviolabiliter

263 796 500 848 observari,
523 798 651 855 sicque
666 799 705 841 in
726 797 923 854 praemiffis
943 810 1015 853 per
1029 795 1300 851 quoscumque

261 855 431 913 Judices
447 855 671 900 ordinarios
686 886 699 908 ,
729 859 766 898 &
784 857 995 912 delegatos
1011 881 1024 904 ‚
1055 853 1178 896 etiam
1205 864 1300 893 cau-

262 913 391 956 sarum
422 914 568 958 Palatii
594 913 814 972 Apostolici
849 915 1067 958 Auditores
1095 909 1304 970 judicari,

261 975 303 1014 δε
316 970 474 1015 definiri
489 971 640 1017 debere
655 1004 669 1026 a
684 988 728 1016 ac
741 974 919 1025 irritum,
933 973 1103 1015 &inane
1120 997 1134 1020 ‚
1151 972 1176 1011 fi
1191 968 1303 1011 secus

262 1032 381 1086 super
399 1031 460 1072 his
475 1029 496 1072 :t
512 1046 711 1088 quoquam
725 1034 866 1087 quavis
897 1030 1147 1074 authoritate
1175 1025 1304 1071 scien-

263 1101 329 1132 ter
347 1117 360 1139 ,
383 1089 448 1130 vel
466 1089 702 1141 ignoranter
717 1090 939 1143 contigerit
953 1085 1146 1131 attentari
1162 1112 1174 1122 ·
1209 1086 1305 1124 Non

264 1147 507 1189 obstantibus
546 1147 914 1189 Constitutionibus
945 1175 959 1198 ,
1002 1146 1042 1184 &
1067 1140 1308 1184 Ordinatio-

264 1205 379 1247 nibus
404 1203 646 1258 Apostolicis
664 1234 678 1256 ,
709 1218 783 1247 nec
816 1218 896 1247 non
922 1201 1157 1259 quorumvis
1183 1197 1308 1240 Ordi-

265 1277 378 1312 num,
396 1263 790 1316 Congregationum,
802 1265 840 1305 ὃς
857 1265 1137 1306 Institutorum
1150 1257 1312 1316 regula-

265 1321 372 1362 rium
388 1348 400 1371 ,
414 1321 537 1362 etiam
553 1320 797 1377 jurament0‚
812 1321 1122 1366 confirmatione
1136 1315 1311 1372 Aposto-

265 1380 345 1422 lica
364 1407 377 1430 ‚
411 1378 477 1421 vel
493 1381 633 1434 quavis
653 1380 845 1424 firmitate
862 1380 940 1424 alia
957 1377 1157 1424 roboratis
1185 1375 1311 1417 statu-

266 1439 320 1480 11⁵
337 1466 351 1488 a
381 1438 418 1478 &
433 1435 807 1489 consuetudinibus,
827 1438 1050 1494 privilegiis
1069 1447 1233 1490 quoque
1249 1433 1313 1474 in-

268 1496 422 1546 dultis,
463 1497 501 1536 δε
529 1497 676 1540 Literis
708 1498 950 1554 Apostolicis
987 1499 1025 1539 in
1058 1492 1310 1537 contrarium

267 1552 552 1611 praemifforum
563 1556 876 1610 quomodolibet
890 1550 1311 1604 conceffis,confirma—

270 1614 323 1654 tis
339 1641 353 1662 ,
379 1612 632 1655 &innovatis
645 1644 656 1655 .
678 1617 839 1672 Qibus
853 1614 1037 1655 omnibus
1055 1640 1069 1662 ,
1091 1612 1130 1650 &
1145 1608 1308 1662 singulis

269 1671 435 1712 illorum
448 1679 611 1712 tenores
626 1673 882 1725 praesentibus
899 1684 972 1723 pro
987 1667 1109 1723 plene
1121 1695 1134 1716 ,
1156 1667 1195 1705 ὅτ.
1206 1662 1310 1705 suffi-

271 1729 430 1770 cienter
457 1727 676 1780 expretus,
701 1730 741 1769 &
773 1727 931 1770 insertis
962 1727 1195 1773 habentes,
1225 1721 1306 1763 illis

270 1785 367 1828 alias
394 1786 435 1825 in
463 1782 530 1826 suo
548 1785 698 1828 robore
713 1787 980 1840 permansuris
996 1813 1012 1836 ,
1027 1783 1076 1826 ad
1094 1777 1307 1837 praemiffo-

271 1858 361 1886 rum
375 1842 560 1886 effeoum
577 1845 648 1887 hac
676 1845 765 1887 vice
787 1845 983 1888 duntaxat
995 1840 1250 1899 specialiter>
1274 1839 1315 1879 &

273 1901 459 1959 expresse
473 1900 734 1957 derogamus,
756 1904 990 1961 caterisque
1001 1899 1217 1945 contrariis
1227 1895 1315 1952 qui-

273 1963 506 2014 buscunque
525 1989 536 1999 .
571 1960 767 2002 Volumus
800 1972 964 2012 autem,
1003 1970 1048 2002 ut
1079 1957 1319 2002 earumdem

271 2018 524 2076 praesentium
539 2017 1044 2077 literarumtransumptiS,
1081 2019 1145 2060 seu
1173 2028 1318 2058 exem-

272 2077 495 2134 plis‚etiam
509 2077 720 2131 impressis,
737 2093 852 2121 manu
870 2077 1038 2134 alicujus
1058 2075 1225 2120 Notarii
1244 2087 1318 2126 pu·

273 2136 370 2179 blici
385 2133 612 2191 subscriptis
629 2164 643 2187 ,
665 2138 704 2176 &
720 2137 851 2191 sigillo
867 2136 1045 2191 personae
1063 2136 1100 2176 in
1117 2131 1315 2176 Ecclesia-

273 2196 368 2236 stica
382 2192 586 2248 dignitate
602 2194 825 2238 constitutae
841 2195 1008 2238 munitis
1035 2193 1182 2235 eadem
1197 2204 1315 2246 pror-

273 2252 334 2294 sus
362 2250 461 2292 fides
493 2252 734 2294 adhibeatur
760 2281 774 2303 ‚
799 2267 883 2309 quae
924 2252 1190 2308 praesentibus
1226 2247 1314 2304 ipsis

276 2309 568 2359 adhiberetur,
601 2309 624 2350 fi
650 2307 785 2352 forent
816 2311 1008 2353 exhibitae
1032 2309 1099 2351 vel
1132 2307 1318 2351 ostensae.

276 2372 430 2411 Datum
449 2369 586 2409 Romae
601 2367 705 2421 apud
733 2370 915 2410 Sanelam
934 2367 1104 2412 Mariam
1120 2365 1319 2420 Maiorem

276 2426 346 2469 sub
378 2426 545 2468 Annulo
577 2425 793 2468 Piscatoris
823 2427 901 2468 Die
926 2438 1052 2470 xvir.
1074 2424 1318 2465 Decembris

278 2498 493 2531 Mncrxtv.
523 2482 784 2527 Pontificatus
802 2483 937 2527 Nostri
968 2485 1090 2526 Anno
1120 2482 1318 2523 Decimo.

929 2602 969 2642 S.
986 2600 1174 2656 Ugolinus
1191 2627 1202 2638 .

336 2718 638 2774 Autograpbum
651 2722 693 2762 in
708 2719 827 2763 Arcb.
863 2722 1006 2761 Secret.
1035 2723 1154 2759 Brev.
1186 2714 1318 2772 Apost.

394 2780 489 2830 Reg.
513 2780 607 2818 Dec.
636 2777 848 2835 1664.fol.
874 2779 942 2820 60.
971 2779 1015 2819 de
1044 2790 1119 2832 quo
1140 2779 1322 2820 'Breve-2·

381 2831 612 2893 formatum
626 2840 669 2879 in
687 2837 858 2882 Archivo
865 2849 955 2895 gen.
973 2837 1068 2880 Ord.
1085 2838 1188 2879 Tom.
1204 2836 1319 2877 Η.Η.

401 2906 509 2934 num.
525 2906 595 2949 97.

513 3020 1076 3092 NOTA.

363 3176 431 3217 Uit
448 3178 517 3214 haec
532 3178 735 3216 constitutio
763 3179 878 3226 postea
902 3181 921 3217 A
938 3181 1315 3219 PP.1nnocentioXll.

377 3239 443 3264 tam
455 3227 682 3272 confirmata,
709 3229 811 3276 quam
838 3231 959 3275 poena,
986 3229 1209 3266 retinentibus
1234 3231 1318 3266 tales

280 3278 416 3313 Fratres
443 3275 654 3314 transeuntes
676 3277 806 3313 dietata
820 3299 835 3322 ,
858 3290 898 3313 ac
922 3277 1037 3313 addita
1063 3277 1319 3321 declaratione,

280 3327 375 3371 quod
401 3325 466 3361 suae
487 3324 735 3361 Constitutioni
761 3336 820 3372 per
843 3326 1007 3362 clausulas
1030 3327 1206 3371 generales
1232 3337 1319 3360 nun-

280 3385 381 3419 quam
395 3375 577 3419 derogetur
588 3398 601 3418 ,
620 3374 780 3421 ampliata
791 3398 805 3418 ,
829 3385 933 3422 prout
944 3373 1031 3410 infra
1047 3374 1164 3411 videre
1177 3374 1293 3410 licebit
1307 3400 1317 3410 .

307 3500 531 3519 ——Q
537 3501 1295 3521 -ι--υ-ὺ--ιὴ--ιι--ῌ--ι-μιιυ-η

457 3599 977 3652 CLEME'NS
1050 3604 1145 3652 IX.

285 3721 409 3765 Italus
421 3720 450 3760 ἅ
464 3722 841 3776 Pistorio,Hetruriae
860 3729 1116 3783 U2·be,7uliu·s
1133 3727 1324 3772 Cardina-

345 3781 391 3821 lis
405 3779 659 3839 Rqspigliostaes
675 3797 790 3828 antea
803 3788 947 3830 dmm.
972 3791 1102 3832 Roma:
1117 3803 1177 3831 xx.
1203 3789 1324 3841 ξῗιιηὶὶ

856 209 1017 299 'Sub
1077 201 1551 298 Alexandro
1613 202 1792 293 VII.

1416 335 1584 368 Mocrvr
1597 327 1810 365 1.Summus
1831 315 2008 375 Pantisbx
2023 322 2186 356 creatus.
2206 317 2317 360 Obiit
2336 323 2405 360 1x.‘

1415 389 1511 428 Dec.
1545 394 1736 442 mocttx.
1771 378 1979 435 postquam
2009 371 2171 433 fidfflt
2191 380 2317 420 Annos
2339 390 2352 418 1
2369 392 2401 418 1.

1424 441 1573 499 Meaefis
1590 457 1630 486 v.
1650 443 1743 484 Dies
1760 453 1822 481 xx-

1362 589 1564 640 Instante
1593 585 1960 639 Eminentiffimo
1995 584 2202 635 Domino
2239 583 2410 633 Hiero-

1395 660 1545 727 nymo
1563 659 1812 712 Cardinale
1844 654 2053 706 Farnefio
2080 654 2273 704 Ordinis
2308 657 2412 703 Pro-

1398 732 1569 780 tedtore
1585 732 1711 781 variet
1740 729 1944 796 Capituli
1968 727 2206 792 Generalis
2219 729 2419 776 Decreta

1396 800 1668 851 confirmat.
1700 812 1701 815 ’

2225 958 2324 1012 ΙΧ.

1543 1092 1610 1135 Ad
1635 1079 1869 1147 pesspetuam
1901 1092 1960 1133 ret·
1989 1091 2212 1132 memoriam
2226 1118 2238 1130 .

1449 967 1859 1015 CLEMENS
1929 966 2153 1013 PAPA

1504 1209 1664 1251 Ebitum
1690 1206 1900 1252 Pastoralis
1918 1207 2052 1250 Officii
2073 1231 2087 1255 ³
2113 1218 2192 1260 quo
2221 1202 2411 1245 Ecclesiae

1518 1268 1740 1312 Catholicae
1755 1265 1942 1323 regimini
1973 1266 2125 1308 Divina
2153 1261 2412 1318 dispositione

1372 1327 1659 1384 praesidemus,
1690 1327 1852 1381 exigit,
1890 1335 1934 1366 ut
1966 1327 2182 1367 Paternam
2216 1318 2415 1363 christifi-

1372 1386 1527 1428 delium
1565 1385 1720 1429 Divinis
1753 1383 1952 1438 obsequiis
1998 1381 2065 1424 sub
2099 1377 2206 1422 suavi
2232 1378 2412 1420 arctioris

1371 1445 1602 1500 Religionis
1616 1446 1714 1502 jugo
1725 1443 2045 1497 mancipatorum
2059 1467 2072 1490 ‚
2104 1436 2323 1492 uberesque
2339 1439 2414 1478 bo-

1371 1518 1517 1546 norum
1552 1518 1721 1559 operum
1745 1501 1895 1544 fruetus
1911 1528 1924 1550 ‚
1948 1497 2217 1541 benedicente
2234 1495 2410 1537 Domino

1372 1562 1558 1617 proferre
1571 1562 1720 1618 jugiter
1741 1559 2023 1614 satagentium,
2036 1569 2176 1599 curam
2187 1565 2381 1610 gerentes
2395 1581 2410 1604 2
2479 1580 2486 1587 -

1369 1621 1437 1663 illa
1453 1649 1467 1670 ,
1486 1634 1571 1675 quae
1587 1635 1661 1673 pro
1671 1619 1785 1661 felici
1804 1647 1817 1668 ‚
1846 1615 2118 1671 prosperoque
2134 1627 2274 1655 eorum
2299 1612 2408 1667 regi-

1371 1682 1480 1720 mine
1493 1677 1664 1732 provide
1677 1677 1893 1718 constituta
1909 1671 1998 1722 ‘esse
2013 1671 2226 1713 noscuntur
2240 1698 2252 1719 ‚
2281 1681 2323 1712 ut
2341 1669 2411 1710 fir·-

1368 1750 1430 1778 ma
1447 1764 1461 1785 ,
1477 1744 1598 1788 atque
1613 1733 1769 1776 illibata
1786 1731 1988 1787 persistant
2002 1756 2016 1779 ,
2031 1727 2251 1783 Apostolici
2280 1728 2412 1767 muni-

1376 1795 1492 1837 minis
1513 1791 1741 1847 patrocinio
1771 1791 2035 1832 roboremus.
2077 1784 2268 1841 Exposuit
2295 1785 2413 1841 fiqui-

1376 1856 1470 1898 dem
1488 1851 1614 1893 Nobis
1645 1864 1773 1905 nuper
1797 1848 1970 1890 dilectus
1987 1845 2091 1887 filius
2122 1845 2252 1886 noster
2264 1844 2416 1886 Hiero-

1380 1923 1522 1968 nymus
1542 1914 1585 1953 S.
1602 1911 1654 1950 R.
1675 1910 1722 1950 E.
1750 1906 1975 1960 Presbyter
2004 1902 2234 1946 cardinalis
2262 1905 2416 1944 Farne-

1380 1970 1453 2014 sius
1481 1977 1732 2022 nuncupatus
1747 1995 1760 2017 ‚
1787 1965 1891 2007 Ord.
1912 1965 2096 2005 Fratrum
2118 1961 2219 2002 Min.
2234 1963 2273 2003 S.
2291 1963 2419 2002 Fran·-

1380 2028 1472 2074 cisci
1489 2027 2162 2083 Cipucinorumnuncupatorum,
2191 2018 2298 2073 apud
2325 2021 2414 2061 Nos

1375 2085 1575 2132 &Sedem
1590 2084 1864 2141 Apostolicam
1884 2082 2098 2124 Protec'tor
2113 2107 2127 2129 ,
2158 2076 2268 2132 quod
2283 2090 2413 2132 nupe-

1377 2163 1424 2191 ro
1449 2145 1644 2202 Capitulo
1672 2142 1872 2187 Gener-ali
1900 2140 1993 2182 dieti
2010 2135 2173 2180 Ordinis
2207 2149 2299 2177 cum
2315 2149 2414 2177 con-

1376 2204 1485 2249 sensu
1499 2233 1511 2254 ‚
1528 2206 1568 2245 δε
1581 2203 1874 2257 approbatione
1889 2198 2068 2241 omnium
2080 2195 2292 2238 Vocalium
2308 2196 2346 2237 in
2358 2207 2411 2234 eo

1380 2270 1720 2317 congregatorum
1743 2258 1844 2302 faeta
1861 2287 1876 2309 a
1901 2260 1941 2300 &
1974 2257 2138 2300 stabilita
2156 2253 2322 2296 fuerunt
2340 2264 2414 2307 pro

1380 2319 1491 2363 felici
1509 2319 1691 2374 ejusdem
1706 2318 1871 2361 Ordinis
1897 2315 2094 2372 gubernio
2123 2317 2299 2356 Decreta
2314 2340 2328 2364 2
2347 2310 2410 2354 seu

1380 2378 1573 2432 Capitula
1592 2378 1739 2421 tenoris
1755 2407 1769 2430 ,
1791 2377 1858 2433 qui
1874 2376 2053 2431 sequitur
2067 2403 2081 2425 ‚
2105 2372 2299 2414 videlicet
2315 2397 2328 2411 .

1436 2439 1472 2479 1.
1543 2439 1651 2478 Cum
1677 2451 1758 2479 non
1783 2435 1896 2491 poffit
1913 2438 2037 2478 Pater
2056 2430 2271 2475 Generalis
2304 2441 2419 2469 com-

1379 2497 1496 2550 plere
1515 2502 1642 2538 totam
1675 2495 1904 2550 Religionis
1938 2492 2222 2535 Vifitationem
2248 2483 2419 2531 decursu

1379 2552 1584 2604 sexennii,
1610 2553 1775 2609 expedit
1803 2552 1969 2594 differre
1998 2549 2171 2592 officium
2190 2542 2419 2588 Generala-

1380 2611 1442 2654 tiis
1458 2612 1577 2667 usque
1600 2612 1649 2655 ad
1679 2611 1958 2667 septennium:
1984 2611 2024 2651 &
2039 2606 2146 2665 quod
2160 2634 2174 2657 ‚
2189 2605 2213 2647 fi
2242 2604 2419 2646 durante

1379 2670 1615 2726 septennio,
1639 2685 1717 2712 non
1737 2670 1941 2726 completa
1956 2667 2206 2715 visitatione,
2226 2661 2418 2711 decedat,

1381 2731 1532 2786 primus
1550 2728 1757 2772 Definitor
1772 2729 1839 2771 sub
1856 2728 2018 2770 nomine
2035 2722 2187 2766 Vicarii
2200 2720 2418 2762 Generalis

1380 2787 1568 2846 perficiat
1585 2787 1858 2829 visitationem
1879 2813 1893 2835 ‚
1922 2788 1959 2826 &
1973 2791 2133 2825 maneat
2152 2781 2189 2821 in
2206 2778 2340 2821 officio
2354 2776 2419 2819 us-

1380 2861 1461 2904 que
1479 2845 1527 2889 ad
1543 2845 1887 2901 complementum
1899 2843 1991 2898 dicti
2008 2838 2215 2897 septennii:
2244 2836 2326 2893 ipso
2343 2852 2414 2878 au—

1381 2916 1464 2949 tem
1481 2904 1703 2960 impedito,
1721 2904 1786 2947 vel
1805 2918 1882 2946 non
1900 2901 2089 2949 valente,
2110 2896 2296 2940 succedat
2313 2896 2416 2938 alius

1381 2962 1583 3008 Definitor
1616 2963 1816 3019 gradatim
1849 2962 1958 3014 juxta
1987 2957 2331 3002 Constitutiones.

1450 3026 1469 3064 1
1487 3026 1517 3065 Ι.
1602 3026 1709 3065 Cum
1754 3020 1945 3076 Capitula
1985 3015 2252 3061 Provincialia
2291 3012 2416 3055 modo

1381 3083 1456 3125 fint
1482 3081 1695 3131 annualia,
1727 3080 1920 3135 expedit,
1951 3087 1994 3118 ut
2027 3077 2063 3117 in
2090 3074 2290 3128 posterum
2313 3069 2414 3113 fiant

1378 3141 1534 3184 tantum
1561 3140 1614 3182 de
1629 3139 1804 3182 triennio
1832 3140 1871 3179 in
1905 3135 2125 3178 triennium
2145 3160 2159 3182 ‚
2187 3131 2226 3170 &
2253 3130 2413 3184 lingulis

1378 3200 1492 3244 annis
1507 3197 1575 3240 fiat
1589 3198 1866 3254 Congregatio
1881 3191 2120 3236 intermedia
2133 3219 2146 3241 ,
2173 3188 2211 3231 in
2228 3203 2304 3244 qua
2320 3187 2411 3230 sub-

1380 3267 1580 3314 rogentur
1593 3257 1687 3301 novi
1706 3254 1929 3299 Guardiani
1944 3253 2044 3302 illis,
2065 3251 2130 3306 qui
2146 3259 2306 3302 tempus
2333 3247 2413 3301 jam

1381 3317 1716 3375 compleverunt:
1735 3315 1852 3359 Sicut
1866 3313 1991 3357 etiarn
2008 3310 2103 3360 illis,
2121 3308 2185 3363 qui
2200 3307 2296 3349 licet
2310 3317 2415 3348 tem-

1380 3391 1450 3432 pus
1464 3386 1544 3420 non
1558 3375 1875 3431 compleverint,
1898 3372 2024 3413 minus
2041 3379 2174 3409 tamen
2191 3366 2272 3421 apti
2291 3381 2413 3419 repu-

1379 3437 1592 3478 tabuntur:
1624 3435 1661 3476 in
1687 3433 1830 3476 eadem
1845 3431 1967 3474 etiarn
1983 3426 2048 3472 fiat
2080 3424 2305 3467 Sindicatus
2335 3428 2413 3468 Pa-

1381 3490 1735 3537 trisProvincialis
1758 3504 1831 3546 per
1857 3498 2027 3547 quatuor
2055 3482 2334 3534 Definitores‚
2361 3483 2412 3526 ad

1380 3556 1455 3596 hoc
1470 3552 1699 3610 specialiter
1714 3550 1753 3591 in
1779 3550 1854 3590 hoc
1883 3544 2127 3588 Definitorio
2155 3556 2412 3598 congregan-

1380 3612 1485 3664 dos,
1511 3610 1578 3652 ubi
1607 3609 1717 3651 dicat
1733 3603 1854 3648 'suam
1879 3605 2041 3659 culpam
2061 3632 2076 3654 ‚
2103 3601 2343 3656 consignet,
2373 3602 2413 3641 &

1386 3670 1563 3726 deponat
1580 3666 1719 3722 Sigilla
1738 3665 1773 3706 in
1806 3665 1955 3719 lignum
1986 3660 2220 3704 humilitatis
2236 3689 2249 3712 ,
2273 3673 2413 3715 quam-

1387 3730 1445 3771 vis
1459 3725 1537 3784 ipse
1553 3738 1634 3769 non
1649 3722 1695 3764 fit
1710 3722 1911 3778 depositus
1931 3752 1944 3774 ,
1971 3721 2076 3762 calva
2093 3731 2225 3762 tamen
2246 3717 2412 3759 faculta-

1385 3797 1427 3829 te
1441 3784 1551 3829 Pa‘tri
1567 3781 1760 3827 Gener-ali
1772 3775 2022 3826 convocandi
2036 3778 2223 3877 praedit‘lta
2241 3775 2410 3829 Capitu-

2198 3850 2218 3877 a
2231 3847 2349 3876 occa,
