2704 4296
348 271 554 354 xviii.
926 266 1789 358 ISAGOGE.

290 385 457 446 &ura
486 429 504 458 ,
552 406 676 469 quae
723 384 759 445 ἐι
817 384 1028 469 Sigillo
1085 388 1245 466 quasi
1306 387 1591 451 ultimum
1640 379 1817 449 suum
1870 383 2428 468 complementum,

288 473 461 555 juxta
511 469 856 535 Rebuffum
893 518 907 543 ‚
957 482 1020 541 ὅ(
1067 474 1217 538 alios
1262 475 1700 536 nancile-,untur
1733 521 1746 536 .
1792 475 1944 560 Qo
1992 472 2326 558 praelibato,

460 558 742 643 Sigillum
778 581 917 630 cum
946 568 1299 627 concretive
1344 558 1656 644 sumptum
1705 563 1835 622 duo
1879 563 2038 622 dicat
2071 601 2085 625 ,
2132 558 2427 626 videlicet

287 643 593 710 materiam
624 686 641 712 ‚
684 649 748 707 &
791 646 1049 712 formam
1084 696 1098 720 ‚
1147 649 1527 730 deutraque
1585 664 1800 711 notatu
1858 649 2133 729 digniora
2180 645 2282 708 hic
2328 668 2431 730 ap-

289 746 551 814 ponere.
597 752 790 816 operae
835 740 1101 817 pretium
1147 736 1423 797 ducitur.

461 820 785 883 Materiam
813 821 989 904 quod
1021 827 1241 884 attinet
1263 862 1277 885 ‚
1307 839 1440 880 eam
1477 817 1625 880 olim
1653 838 1883 884 ceream
1918 819 2116 888 fuisse,
2137 821 2428 885 R.P.Ma-

78 926 204 993 (⁰)„L5
234 935 265 982 2„
287 899 570 969 billonius
620 915 720 981 (o)
772 929 845 970 ex
892 913 1205 973 communi
1251 909 1544 990 opinione
1591 905 1830 968 astruit.
1879 907 2144 971 Dimiffo
2191 907 2429 992 postea-2

69 974 430 1078 {ffcffcffijcerae
478 996 626 1064 usu,
676 994 933 1077 plumbo
982 993 1383 1059 pontificium
1444 992 1723 1074 Sigillum
1781 994 2280 1077 imprimebatur.
2330 995 2429 1055 De

74 1071 455 1157 ssl23{·s⁰‘·cujus
512 1083 684 1142 initio
733 1083 844 1144 Du
891 1081 1107 1161 Cange
1155 1089 1260 1157 (p)
1309 1085 1391 1139 ita
1440 1076 1757 1140 discurrit:
1814 1081 2064 1157 Stephano
2116 1086 2249 1139 Ill.
2279 1125 2292 1149 ‚
2359 1088 2428 1147 (5·

73 1170 263 1256 (ξζζὲίξῖεθζζ
285 1172 531 1228 Adriano
569 1175 612 1230 Ι,
657 1168 860 1224 tabulas
904 1168 1220 1243 Apostolicas
1263 1163 1461 1242 plumbo
1505 1165 1748 1243 obstgnari
1785 1169 2044 1245 placuisti,
2068 1171 2148 1226 ait
2189 1170 2429 1244 quidem,

72 1266 260 1304 bossullw
283 1258 564 1336 Poiydorus
604 1254 851 1331 Virgilius
877 1295 892 1320 ,
925 1273 1043 1308 cum
1076 1255 1351 1330 antiquius
1385 1253 1613 1326 Sigiffum
1641 1253 1926 1326 plumbeum
1954 1276 2051 1309 non
2082 1257 2292 1326 reperiri
2320 1256 2428 1327 opi-

70 1323 166 1409 242?
195 1317 455 1404 f0l'netor:
491 1357 550 1397 at
584 1331 869 1414 vetustiora
903 1343 1224 1397 Summarum
1261 1337 1575 1410 Pontificum
1610 1340 1915 1412 Diplomata
1949 1340 2012 1395 ab
2041 1343 2138 1415 ipso
2171 1359 2271 1394 non
2315 1339 2428 1413 visa

264 1431 447 1508 fuiffe,
476 1431 651 1504 arguit
683 1427 990 1484 Dominicus
1029 1426 1346 1505 Raynaldus
1368 1463 1382 1489 ,
1429 1425 1548 1481 olim
1580 1423 1883 1482 Bibliotheca
1927 1428 2175 1483 Vaticana
2208 1427 2391 1497 Custos
2411 1466 2427 1491 ,

273 1520 558 1597 adjungens
587 1559 601 1583 ,
643 1515 780 1594 quod
811 1528 1024 1589 tempore
1055 1517 1091 1568 S
1086 1514 1344 1595 ylvestri,
1379 1531 1480 1589 quo
1514 1512 1737 1587 Ecclesia
1768 1518 2005 1569 Romana
2035 1512 2100 1570 ab
2144 1511 2429 1586 immamffi-

274 1624 350 1659 mo
389 1607 638 1682 ‘Tyranno
676 1603 768 1655 diu
809 1604 1024 1676 opprcffae
1058 1601 1314 1675 respirare
1347 1600 1523 1674 coepit,
1560 1602 1732 1654 Litora
1767 1601 2042 1676 Apostolicae
2074 1596 2273 1676 plumbo
2311 1598 2425 1674 obfi-

261 1706 426 1765 gnata
449 1692 673 1764 fuerunt
695 1729 710 1753 ‚
742 1704 846 1761 qua
882 1689 1091 1762 quidem
1127 1684 1288 1741 Bulla
1328 1683 1557 1761 plumbea
1598 1691 1630 1739 S
1620 1687 1848 1762 ylvestri
1883 1690 2134 1760 reperitur
2161 1689 2214 1740 in
2247 1686 2424 1742 Archi-

269 1795 344 1830 vo
360 1777 572 1833 Aretino
591 1815 606 1830 .
643 1778 981 1850 Aſjervantur
1003 1788 1247 1850 ‚praterea
1281 1773 1448 1828 eodem
1484 1773 1631 1843 teste,
1659 1773 1718 1826 in
1743 1773 1966 1830 Archivo
1983 1774 2162 1845 Castri
2180 1777 2224 1829 S.
2246 1774 2426 1848 Angeli

268 1859 593 1934 vetusttffima
624 1863 678 1915 in
708 1876 901 1940 papyro
937 1882 1000 1915 ex
1023 1863 1234 1939 frutice
1267 1862 1486 1935 confedi‘a
1522 1858 1827 1934 Diplomata
1853 1900 1867 1924 ,
1890 1858 2084 1936 plumbo
2115 1857 2421 1935 obsignata..-

269 1952 310 2006 S
313 1967 598 2006 ummorum
619 1948 933 2024 Pontificum
968 1950 1144 2005 Leonis
1186 1955 1228 2007 I.
1247 1987 1263 2012 ,
1301 1947 1539 2023 Gregorii
1566 1949 1811 2024 Magni,
1846 1968 1908 2003 ac
1946 1949 2104 2024 Sergii
2138 1955 2245 2013 &a
2356 1945 2360 1951 ’

348 2042 352 2047 ’
446 2033 769 2118 Antiquus
799 2032 866 2094 sit
904 2033 1044 2096 licet
1082 2033 1323 2119 plumbi
1370 2036 1506 2095 ulus
1538 2074 1554 2105 ,
1600 2053 1725 2094 non
1765 2049 1970 2095 tamen
2004 2039 2090 2095 ita
2127 2032 2207 2092 de
2233 2030 2413 2094 essen·

270 2120 397 2182 tiali
445 2121 634 2182 Bullae
679 2123 914 2182 ratione
961 2123 1083 2191 est,
1131 2120 1278 2207 quin
1327 2118 1659 2204 aliquando
1702 2117 1787 2180 ad
1831 2123 1997 2186 vices
2045 2116 2284 2203 plumbi
2314 2140 2420 2180 au·-

270 2229 408 2270 rum
440 2206 623 2268 fuerit
656 2205 949 2269 usitatum
974 2254 990 2277 ,
1023 2213 1086 2270 ὃ(
1133 2207 1340 2271 adhuc
1385 2205 1633 2268 mitetur
1666 2252 1681 2276 ‚
1726 2227 1798 2270 ex
1833 2227 1959 2292 quo
1989 2206 2050 2267 ὅ(
2084 2205 2269 2266 Bulla
2304 2226 2421 2268 au-

267 2317 401 2361 rea,
435 2295 536 2358 vel
583 2302 766 2380 graece
795 2293 1220 2379 Chrysobulla
1266 2295 1558 2379 appellari
1603 2293 1787 2356 solet.
1830 2292 2060 2357 Taliter
2104 2312 2255 2355 auro
2300 2290 2422 2355 fuit

267 2383 420 2444 olim·
462 2379 771 2444 bullatum
823 2381 1117 2468 Diploma
1150 2422 1165 2447 ‚
1210 2401 1338 2466 quo
1386 2378 1671 2443 Clemens
1721 2379 1859 2443 VII.
1915 2376 2191 2441 Henrico
2236 2378 2418 2443 Vm.

271 2473 441 2557 Regi
500 2469 740 2548 Angliae
796 2471 1051 2532 titulum
1108 2471 1261 2527 Fidei
1306 2468 1599 2545 Defenfhris
1647 2465 1949 2530 contulit.
1989 2471 2210 2529 Aureae
2259 2471 2416 2551 pari-

181 2630 184 2631 7
268 2569 359 2616 ter
402 2554 564 2621 {uere
613 2555 841 2619 Bonae,
890 2555 1112 2633 quibus
1155 2556 1392 2619 Summi
1439 2554 1760 2617 Pontifices
1809 2554 2253 2638 Imperatorum
2301 2550 2438 2614 ele-‘

268 2640 498 2703 &iones
544 2635 898 2701 confirmare
943 2642 1422 2702 consueverant.
1456 2639 1676 2705 Utitur
1709 2637 1919 2702 iisdem
1965 2636 2175 2701 adhuc
2224 2634 2428 2702 Curia

267 2728 563 2790 Romana
593 2771 607 2794 ,
658 2730 722 2787 &
755 2745 878 2788 non
909 2726 1114 2788 solnm
1155 2724 1334 2787 Bulla
1362 2763 1378 2790 ‚
1432 2743 1554 2805 qua
1586 2722 1907 2792 Sera-:nissen
1951 2723 2139 2786 Card.
2158 2723 2415 2803 Hispan.

266 2812 477 2875 Infans
530 2811 799 2874 Ecclefiae
842 2809 1151 2876 Toletanae
1195 2809 1684 2875 Administrator
1726 2810 2144 2872 declarabatur
2172 2856 2187 2878 ‚
2221 2810 2416 2894 sigillo

269 2920 451 2960 aureo
501 2895 903 2982 splendebat,
948 2904 1165 2963 verum
1223 2900 1414 2960 etiam
1476 2895 1676 2984 plures
1736 2897 1883 2959 tales
1940 2893 2255 2958 novillirne
2302 2919 2416 2981 pro

270 2985 493 3068 Regno
543 2984 922 3069 Portuganiae
966 2983 1284 3072 expeditas
1335 2983 1541 3050 fuisse,
1589 2983 1714 3070 ipsa
1760 2985 1949 3048 Curia
1997 2980 2272 3047 testatur.
2323 2986 2415 3046 Ex

271 3090 391 3155 qua
439 3069 579 3131 usus
627 3075 971 3135 mutatione
1034 3075 1341 3153 materiam
1407 3071 1590 3156 Sigilli
1621 3117 1635 3141 ,
1680 3068 1783 3132 vel
1828 3070 1906 3131 ab
1951 3068 2197 3130 arbitrio
2245 3073 2416 3133 Sum-

270 3160 356 3219 mi
381 3154 836 3225 Pontificis‚vel
865 3163 899 3224 ἐι
930 3163 1227 3242 gravitate
1254 3159 1338 3222 rei
1374 3156 1717 3242 dependere
1753 3161 1900 3225 &C.‚
1936 3176 2047 3217 nec
2084 3157 2411 3239 plumbum

273 3243 351 3304 de
381 3241 562 3304 Bullee
591 3241 835 3308 essentia
863 3244 977 3309 effe
1003 3293 1018 3317 ‚
1066 3259 1236 3331 patet
1257 3290 1270 3313 ‚
1300 3250 1580 3332 quamvis
1602 3290 1617 3314 ,
1645 3242 1685 3304 fi
1719 3244 2002 3328 Sigillum
2039 3243 2414 3328 plumbeum

278 3327 657 3413 appendatur
687 3378 703 3403 ,
754 3333 1045 3419 Diploma
1089 3329 1433 3417 fimpliciter
1476 3329 1694 3402 Bulla,
1741 3347 1980 3394 econtra
2015 3377 2029 3401 ,
2075 3329 2115 3394 fi
2162 3351 2413 3394 aureum

280 3412 346 3472 fit
372 3454 387 3478 ‚
427 3417 600 3480 Bulla
648 3439 830 3481 aurea
877 3437 1309 3504 nuncupetur.

470 3505 751 3594 Formam
797 3509 989 3592 Sigilli
1035 3505 1205 3591 quod
1253 3509 1563 3571 concernit
1590 3550 1609 3576 ,
1649 3505 1732 3570 est
1776 3504 1876 3569 illa
1919 3505 2144 3591 signum
2176 3553 2191 3576 .
2239 3504 2412 3591 quod

279 3597 542 3648 matertae
587 3592 872 3674 plumbi,
913 3597 1014 3663 vel
1058 3599 1189 3660 auri
1238 3597 1612 3682 imprimitur
1638 3636 1654 3661 ‚
1703 3593 1995 3680 quodque
2061 3600 2229 3679 juxta
2286 3614 2414 3657 mo-

281 3673 533 3735 dernum
598 3683 768 3743 nium
814 3703 888 3747 ex
932 3701 1098 3770 parte
1156 3686 1357 3745 antica
1386 3727 1400 3751 ‚
1443 3679 1542 3743 seu
1589 3686 1887 3744 anteriore
1921 3729 1942 3752 ‚a
1994 3682 2216 3766 Capita
2264 3682 2412 3743 San-

282 3757 513 3823 &orum
553 3766 993 3847 Apostolorum
1024 3772 1225 3841 Petri,
1271 3774 1333 3835 ὃ(
1372 3769 1585 3841 Pauli,
1631 3770 1691 3834 δι
1735 3773 1800 3832 in
1844 3769 2071 3855 postica
2104 3811 2118 3836 ‚
2165 3765 2264 3832 seu
2309 3790 2412 3850 po-

2055 3856 2327 3923 steriore,
