2704 4296
329 232 377 297 4

258 305 668 354 ,abbatum‘Vicariis
684 308 723 352 in
742 308 1011 367 spiritualibus
1025 315 1301 368 generalibus,

266 366 501 412 discretioni
521 366 656 413 vestrae
682 383 755 427 per
767 369 1000 426 Apostolica
1014 372 1172 425 Scripta
1189 387 1301 416 man-

265 425 408 493 damus
425 455 438 479 ,
466 436 661 481 quatenus
683 442 824 474 eorum
851 429 1024 484 quilibet
1041 445 1116 487 per
1131 431 1171 474 se
1191 459 1205 482 ,
1236 432 1302 475 vel

266 485 370 530 altos
385 513 398 538 ,
426 484 490 527 seu
506 483 575 528 alii
590 487 716 533 Vobis
733 517 747 540 ,
773 491 812 532 &
839 486 1025 532 Vestrum
1043 490 1213 533 cuilibet
1229 490 1302 534 in..-

266 542 464 600 praemiffis
490 542 663 591 efficacis
679 545 920 593 defentionis
937 548 1116 604 praefidio
1131 549 1270 592 affistat
1286 576 1301 601 ,

265 605 306 648 &
322 602 442 647 faciat
462 614 534 646 vos
549 632 563 656 ,
587 605 626 649 &
642 605 811 652 vestrum
827 606 1053 662 quemlibet
1068 636 1083 658 ,
1104 608 1300 665 praemiffis

267 662 455 706 omnibus
473 664 536 712 ,δέ
554 662 714 721 singulis
731 663 897 721 pacifice
915 664 1022 719 frui,
1040 667 1078 709 &
1096 666 1302 723 gaudere:

268 735 346 766 nec
364 720 574 777 permittat
591 722 762 769 vestrum
782 724 1008 780 quemlibet
1032 737 1174 770 contra
1192 736 1305 768 teno-

268 794 357 825 rem
372 778 623 839 praesentium
642 781 765 826 modo
779 782 917 839 aliquo
932 782 1128 827 molestari
1146 813 1159 837 ,
1179 785 1306 838 impe·

269 839 376 891 diri,
391 850 459 881 aut
473 839 687 897 inquietari
703 855 714 886 :
731 841 1068 886 Contradietores
1081 843 1304 901 quoslibet,

269 901 310 942 &
329 899 507 943 rebelles
522 930 535 953 ‚
550 900 673 943 etiaim
703 914 775 957 per
790 898 1054 957 quascumque
1067 930 1082 953 ,
1095 901 1149 943 de
1165 901 1307 957 quibus

270 957 342 1003 fibi
370 957 569 1014 placuerit
585 957 770 1002 censuras
785 986 799 1010 ,
825 959 863 1001 &
878 973 1020 1013 poenas
1034 988 1048 1011 ,
1062 962 1100 1003 δι
1115 960 1192 1003 alia
1210 958 1305 1013 juris

269 1017 453 1061 remedia
469 1045 484 1070 ,
508 1018 785 1074 appellatione
813 1015 1025 1072 postposita
1047 1015 1306 1074 compescen·

270 1076 355 1127 do,
382 1077 573 1120 invocato
596 1077 645 1119 ad
671 1077 748 1121 hoc
764 1104 779 1130 ,
807 1075 833 1119 s1
851 1089 950 1131 opus
975 1074 1127 1131 fuerit,
1152 1076 1305 1121 auxilio

270 1133 426 1178 brachii
444 1136 649 1181 Saecularis
662 1163 673 1176 .

329 1194 367 1246 ξ.
384 1196 460 1238 XI.
523 1197 618 1238 Non
637 1191 884 1234 obstantibus
906 1190 976 1234 fel.
1002 1205 1087 1235 rec·
1111 1192 1308 1238 Bonifacii

269 1255 387 1309 Papae
401 1253 544 1296 octavi
561 1248 865 1297 Praedecessoris
881 1250 1019 1302 nostri,
1035 1251 1106 1310 (a)
1119 1252 1242 1294 etiam
1258 1252 1313 1296 de

271 1324 349 1357 una
363 1340 376 1363 ,
390 1313 427 1355 &
444 1312 634 1357 Concilio
647 1309 843 1352 Generali
857 1308 911 1352 de
925 1309 1079 1352 duabus
1094 1310 1214 1355 dietis
1229 1310 1310 1354 edi.

60 1369 251 1441 (3³⁶⁰”sj'j‘w
272 1382 314 1415 ta
327 1398 341 1421 ,
355 1385 399 1414 ac
417 1370 506 1415 aliis
520 1368 881 1415 Constitutionibus
893 1395 907 1419 ,
922 1370 960 1411 &
975 1369 1309 1414 ordinationibus

60 1420 187 1484 ξζθζξξω
202 1422 254 1488 ’ἕξ
275 1429 517 1485 Apostolicis
532 1458 547 1481 ,
577 1442 735 1472 necnon
750 1427 846 1469 dieti
862 1426 1027 1473 Ordinis
1041 1429 1215 1473 statutis
1232 1457 1245 1481 ,
1268 1429 1308 1472 8c

59 1494 254 1544 Brittan-Bre:
274 1487 644 1535 consuetudinibus
657 1516 671 1539 ,
685 1488 724 1531 ὃ(
741 1485 865 1529 etiaim
882 1485 1132 1542 juramento,
1149 1487 1309 1531 Confir-

59 1533 258 1610 ’ξ’,ᾌζοξζζηῖῗ
275 1547 451 1591 matione
469 1546 700 1605 Apostolica
722 1573 736 1596 ,
764 1544 829 1587 vel
848 1546 990 1599 quavis
1015 1543 1207 1590 firmitate
1230 1545 1309 1590 alia

62 1620 99 1648 θ’
118 1615 255 1662 Regula·
274 1606 476 1650 roboratis
491 1636 505 1658 ,
521 1604 746 1661 privilegiis
760 1617 920 1660 quoque
936 1602 1115 1647 Induitis
1127 1630 1141 1654 ,
1158 1617 1203 1645 ac
1218 1604 1312 1647 lite-

62 1665 223 1728 22ssssssss
243 1672 255 1724 ζ
273 1667 327 1709 ris
347 1665 587 1720 Apostolicis
603 1677 677 1718 per
690 1659 962 1717 quoscumque
975 1663 1186 1705 Romanos
1200 1664 1310 1705 Pon·

247 1725 249 1727 ’
272 1721 404 1767 tifices
423 1719 736 1767 Praedeceffores
752 1718 917 1761 Nostros
933 1747 948 1770 ,
975 1733 1021 1762 ac
1049 1722 1136 1763 Nos
1150 1747 1164 1770 ,
1188 1721 1226 1763 δε
1243 1724 1316 1764 Se·

272 1782 368 1826 dem
384 1781 634 1837 praediaam,
651 1779 777 1822 etiam
793 1790 867 1833 per
886 1778 965 1820 vim
980 1778 1180 1833 generalis
1198 1777 1315 1834 legis,

273 1857 319 1886 ac
345 1840 495 1884 Statuti
525 1836 713 1896 perpetui
730 1862 745 1884 2
774 1850 819 1882 ac
841 1846 951 1879 motu
985 1837 1177 1892 propriu,
1203 1839 1242 1883 &
1265 1853 1314 1883 ex

274 1910 390 1944 certa
415 1897 597 1942 Scientia
625 1926 640 1949 ,
681 1909 727 1939 ac
758 1895 813 1939 de
838 1895 1077 1950 Apostolicae
1106 1896 1314 1953 potestatis

274 1958 533 2016 plenitudine
548 1986 563 2009 ,
586 1958 625 1998 &
652 1968 743 1997 cum
758 1953 960 2011 quibusvis
981 1954 1219 2006 irritativis,
1244 1971 1315 2002 an-

277 2017 487 2062 nullativis
503 2045 517 2067 ,
533 2012 731 2059 caffativis
746 2042 760 2064 ,
775 2014 1045 2063 revocativis,
1061 2014 1312 2070 praeservati-

276 2078 338 2122 vis
363 2106 378 2131 ,
403 2074 630 2130 exceptivis
652 2101 666 2123 ,
698 2071 935 2116 restitutivis
960 2101 975 2124 ,
1005 2072 1270 2118 declarativis
1295 2103 1312 2127 ,

275 2135 419 2184 mensis
435 2132 674 2182 attestativis
685 2160 700 2187 ,
713 2145 759 2176 ac
773 2130 1122 2194 derogatoriarum
1136 2133 1312 2193 deroga-

1002 2249 1290 2321 No<

908 193 1070 284 Sub
1131 193 1513 287 Clemente
1578 195 1762 286 VII.

1361 315 1475 358 toriis
1500 342 1515 364 ,
1543 312 1633 355 aliis
1662 308 1956 354 efficacioribus
1985 337 1998 359 a
2023 309 2290 357 efficacissimis
2315 338 2329 362 ,
2359 314 2398 352 δι

1360 372 1530 422 insolitis
1557 369 1761 414 Clausulis
1778 394 1791 419 ‚
1817 370 1855 412 δε
1885 366 2207 414 confistorialiter
2230 385 2400 427 quomo-

1363 431 1537 481 dolibet,
1551 428 1673 472 etiam
1689 427 1838 484 pluries
1853 426 2041 470 conceffis
2053 456 2067 479 ,
2083 427 2345 480 confirmatis,
2359 432 2398 473 &

1364 489 1585 533 innovatis.
1601 487 1758 547 Qibus
1777 485 2133 537 omnibus,etiamfi
2149 500 2222 543 pro
2238 486 2399 531 illorum

1361 547 1574 592 sufficienti
1592 546 1860 603 derogatione
1887 543 1941 587 de
1959 545 2067 597 illis,
2099 558 2322 601 eorumque
2339 556 2400 588 to-

1361 609 1414 651 tis
1431 606 1640 649 tenoribus
1657 604 1837 661 specialis
1851 632 1867 656 ,
1881 603 2088 648 individua
2103 633 2117 657 ,
2141 619 2188 648 ac
2205 603 2258 646 de
2275 606 2400 648 verbo

1366 666 1416 710 ad
1434 666 1602 710 verbum
1616 693 1630 716 ‚
1646 678 1724 707 non
1738 663 1871 708 autem
1885 676 1959 719 per
1976 663 2170 708 clausulas
2184 662 2399 719 generales

1364 725 1474 768 idem
1494 725 1761 778 importantes
1779 722 1930 766 mentio
1945 749 1959 774 ,
1988 725 2053 767 seu
2077 736 2224 779 quaevis
2240 720 2315 765 alia
2331 736 2402 765 ex·-

1366 783 1508 842 preffio
1524 781 1708 826 habenda
1724 810 1739 833 ,
1754 793 1822 824 aut
1837 781 1952 824 certe
1967 782 2159 839 exquisita
2177 779 2306 823 forma
2321 779 2403 823 ser-

1365 844 1495 886 vanda
1516 843 1622 886 soret
1636 870 1650 894 ,
1664 843 1702 886 ὅ(
1718 841 1758 882 in
1774 840 1832 883 eis
1849 851 2045 884 caveatur
2059 839 2246 895 expresse
2262 868 2276 891 ,
2291 838 2401 895 quod

1369 902 1449 946 illis
1474 902 1701 947 nullatenus
1720 899 1905 956 derogari
1923 899 2065 956 possit,
2098 899 2260 944 illorum
2278 898 2402 940 etiam

1367 972 1532 1004 tenores
1551 958 1809 1017 praesentibus
1834 971 1908 1015 pro
1922 958 2165 1002 sufficienter
2183 956 2369 1013 expressis
2387 984 2404 1008 ,

1366 1034 1412 1062 ac
1435 1020 1488 1064 de
1504 1021 1634 1067 verbo
1658 1018 1709 1063 ad
1732 1017 1897 1062 verbum
1923 1017 2103 1062 insertis:
2130 1030 2204 1061 nec
2226 1029 2303 1058 non
2320 1029 2406 1056 rno-

1365 1078 1440 1122 dos
1457 1109 1470 1131 ,
1492 1082 1530 1122 86
1552 1078 1727 1130 formas,
1748 1075 1798 1121 ad
1821 1076 1862 1121 id
1877 1075 2092 1120 servandas
2106 1090 2180 1133 pro
2195 1073 2406 1119 individuo

1369 1139 1536 1182 scrvatis
1562 1138 1760 1181 habentes
1781 1160 1798 1187 ῃ
1838 1137 1914 1180 hac
1941 1135 2031 1178 vice
2057 1135 2253 1179 duntaxat
2277 1161 2292 1185 ,
2322 1131 2406 1175 illis

1369 1195 1467 1239 alias
1487 1198 1526 1240 in
1555 1197 1624 1239 suo
1639 1196 1787 1239 robore
1810 1193 2075 1251 permansuris
2093 1222 2109 1245 ,
2135 1194 2274 1235 harum
2305 1189 2407 1234 serie

1372 1255 1627 1309 specialiter,
1655 1257 1695 1298 &
1719 1252 1908 1309 expresse
1933 1252 2204 1311 derogamus,
2237 1246 2411 1293 caeteris·

1371 1327 1451 1370 que
1467 1314 1682 1357 contrariis
1697 1311 2037 1368 quibuscumque.
2065 1310 2180 1354 Nulli
2196 1309 2296 1364 ergo
2321 1321 2408 1349 om·

1372 1372 1466 1416 nino
1482 1372 1699 1419 Hominum
1714 1370 1841 1414 liceat
1863 1370 1965 1415 hanc
1980 1369 2166 1426 paginam
2183 1368 2319 1409 nostrae
2333 1368 2406 1408 ab·

1370 1429 1608 1484 solutionis,
1638 1428 1928 1480 concessionis,
1955 1427 2131 1471 mandati
2147 1455 2162 1479 ,
2182 1427 2221 1469 8(-
2237 1424 2414 1481 deroga·>

1371 1491 1490 1534 tionis
1515 1489 1769 1546 infringere,
1795 1488 1862 1533 vel
1888 1487 1927 1530 ei
1950 1486 2040 1532 ausu
2068 1486 2287 1528 temerario
2312 1497 2412 1525 con-

1370 1550 1525 1593 traire.
1553 1548 1595 1593 Si
1622 1548 1709 1604 quis
1737 1556 1871 1590 autem
1900 1547 1977 1589 hoc
2001 1555 2207 1589 attentare
2230 1536 2416 1598 praesum-

1370 1608 1519 1664 pserit,
1544 1607 1861 1662 indignationem
1885 1603 2189 1660 Omnipotentis
2216 1601 2293 1645 Dei
2320 1627 2336 1651 ,
2366 1613 2413 1643 ac

1369 1670 1586 1712 Beatorum
1603 1666 1713 1708 Petri
1729 1692 1744 1715 ,
1756 1667 1795 1706 δε
1810 1664 1925 1707 Pauli
1940 1661 2225 1720 Apostolorum
2240 1659 2326 1718 ejus
2344 1687 2357 1710 ,
2375 1657 2415 1702 se

1378 1725 1541 1770 noverit
1560 1722 1808 1767 incursurum
1825 1749 1837 1762 .

1435 1784 1590 1825 Datum
1606 1780 1784 1825 viterbii
1810 1782 1931 1822 Anno
1955 1775 2251 1821 Incarnationis
2276 1776 2417 1819 Domi·

1377 1841 1475 1883 nicae
1496 1842 1613 1891 1528.
1630 1841 1773 1895 quinto
1787 1838 2034 1902 NonasJulii
2049 1832 2316 1885 pontificatus
2333 1837 2416 1880 No.

1377 1898 1444 1946 stri
1461 1902 1580 1945 Anno
1597 1899 1755 1963 Qiuto
1769 1925 1781 1940 .

1434 2019 1645 2074 Exemplar
1665 2019 1708 2061 in
1728 2025 1967 2074 pergamena
1983 2013 2173 2061 Amba-nt.
2187 2014 2230 2054 in
2251 2009 2412 2055 Archiv.

1488 2078 1674 2120 Generali
1700 2077 1859 2119 Ordinis
1883 2079 2071 2119 Armarto
2091 2072 2291 2119 Authent.
2319 2072 2416 2116 itt-³

1473 2134 1672 2198 fasciculo
1692 2137 1874 2194 colligato
1888 2147 1994 2179 num.
2015 2147 2049 2176 ι.

1403 2256 1699 2323 ΤΑ.

280 2394 482 2483 BULLA
495 2392 565 2429 haec
578 2387 816 2437 exemptionis
827 2387 1019 2425 inscribitur
1032 2389 1101 2426 FF.
1113 2387 1296 2426 Ludovico
1306 2412 1319 2429 ς
1331 2389 1366 2427 8<
1380 2390 1549 2438 Raphaeli
1561 2390 1603 2428 de
1617 2391 1919 2437 PorosemproniO,
1933 2387 2027 2426 nulla
2038 2384 2218 2422 mentione
2230 2383 2274 2421 de
2291 2382 2422 2420 PMat-

280 2461 282 2465 ·
380 2442 468 2479 thaeo
478 2466 491 2485 ,
503 2439 751 2476 reformationis
762 2438 917 2482 austere,
930 2438 965 2473 &
977 2437 1163 2475 fundatore
1175 2437 1210 2472 in
1225 2437 1281 2474 illa
1293 2437 1380 2478 faeta
1395 2465 1405 2474 .
1423 2441 1504 2475 l-loc
1518 2452 1587 2476 non
1601 2441 1672 2478 {ine
1685 2452 1808 2477 arcano
1825 2441 1891 2477 Dei
1902 2436 2043 2477 consilio
2056 2432 2222 2477 evenisse,
2233 2433 2345 2469 censet
2357 2444 2422 2468 no-

282 2492 347 2529 ster
365 2493 403 2530 P.
420 2489 590 2531 Boverius
608 2488 664 2535 (h)
680 2488 862 2533 creditque
875 2510 887 2528 ‚
903 2487 940 2524 P.
957 2487 1159 2530 Matthaeum
1174 2485 1255 2522 ideo
1271 2499 1347 2523 eam
1361 2487 1420 2523 fibi
1435 2488 1568 2525 inscribi
1579 2490 1731 2528 noluifl’e
1745 2513 1757 2532 ,
1770 2490 1820 2526 vt
1833 2487 2016 2539 ostenderet
2029 2508 2042 2528 ,
2059 2482 2312 2531 Capuct'norum
2322 2478 2421 2515 Reli·

77 2554 100 2569 ν’
279 2542 414 2586 gIonem
434 2537 527 2585 *poti
535 2533 692 2584 ssimum
703 2548 713 2566 2
730 2535 803 2573 Deo
817 2533 951 2572 αωδῖονε
964 2558 977 2578 ‚
989 2532 1228 2582 &findatore
1239 2535 1324 2587 ,sub
1337 2534 1516 2584 Francisco
1530 2539 1639 2585 capite
1649 2562 1661 2580 ‚
1679 2541 1863 2575 excitatam
1877 2561 1890 2581 ‚
1904 2548 1942 2572 ac
1957 2527 2274 2585 institutamfutffe:
2287 2528 2426 2585 Dirige:

71 2581 120 2617 (b)
137 2580 219 2609 Tom-
235 2584 261 2604 ¹·
283 2590 382 2625 batur
396 2592 517 2625 autem
529 2588 572 2623 ad
584 2588 623 2623 P.
639 2584 855 2622 Lndovicum
868 2607 882 2628 ,
893 2584 929 2622 8<
942 2584 997 2620 Fr.
1014 2583 1225 2630 Raphaelem
1239 2607 1254 2626 ,
1269 2583 1386 2621 fratres
1395 2583 1581 2622 secundum
1592 2598 1725 2622 carnem
1745 2597 1953 2631 germanos,
1982 2592 2058 2618 cum
2075 2579 2202 2616 fuerint
2218 2575 2317 2624 primi
2328 2601 2342 2620 2
2364 2587 2425 2623 (ΙΨ

73 2620 182 2651 Annal-
202 2617 263 2655 sol·

73 2660 202 2695 udb197·

282 2687 450 2734 urgebant
467 2709 477 2720 .

281 2637 392 2685 sparsa
412 2637 432 2671 a
448 2637 486 2673 P.
501 2634 669 2671 Mattbaeo
681 2631 931 2673 reformationis
941 2631 1138 2670 charismata
1155 2633 1403 2670 aemulabantur
1416 2657 1430 2679 ,
1456 2634 1491 2670 8<
1517 2634 1783 2684 expeditionem
1797 2635 1906 2672 Bullae
1923 2629 2095 2670 efficacius
2110 2651 2125 2674 ,
2149 2627 2184 2663 8:
2203 2624 2426 2675 personaliter

382 2733 519 2771 Dicitur
532 2731 567 2768 in
580 2731 695 2774 Bulla,
706 2730 801 2778 quod
814 2729 868 2776 (⁴)
881 2727 1021 2767 Fratres
1033 2727 1080 2766 ad
1089 2729 1310 2775 Eremitoria,
1317 2730 1381 2779 seu
1395 2729 1466 2767 loca
1478 2730 1738 2780 quaecumquefi
1752 2731 1929 2779 conferre,
1943 2730 1982 2764 ae'n
1996 2728 2042 2763 iis
2055 2724 2227 2766 hahitare,
2241 2718 2280 2759 V
2275 2721 2426 2778 itamqqe

285 2783 452 2835 austeram
465 2806 478 2826 ‚
491 2782 534 2823 &¹
546 2780 768 2818 Eremiticam
781 2778 872 2815 inihi
885 2790 986 2826 agere
997 2778 1115 2828 poffint
1130 2805 1140 2815 .
1158 2780 1213 2816 Ex
1226 2792 1298 2828 quo
1311 2780 1467 2816 nonnulli
1482 2791 1650 2828 corrupto
1663 2803 1676 2823 ,
1700 2782 1757 2817 vel
1771 2780 1930 2816 mutilato
1944 2776 2051 2813 Bullae
2065 2772 2163 2810 sensu
2177 2793 2190 2814 ,
2216 2781 2278 2807 eos
2295 2768 2426 2806 nonmst

284 2831 455 2872 Eremitas
466 2829 711 2877 nuncupabant
724 2852 737 2871 5
751 2827 824 2865 imo
836 2828 857 2864 a
870 2827 1051 2867 filiatione
1067 2829 1105 2867 S.
1120 2831 1159 2866 P.
1176 2827 1346 2867 francisci
1361 2828 1590 2866 excludebant
1599 2854 1610 2867 .
1632 2829 1794 2867 Eri-arunt
1808 2838 1923 2864 autern
1934 2825 1968 2861 hi
1979 2823 2014 2860 in
2029 2823 2124 2860 sensu
2139 2820 2201 2856 suo
2215 2841 2229 2861 ‚
2242 2830 2320 2875 cum
2334 2818 2427 2854 Ver-

284 2885 329 2922 ba
342 2881 449 2918 Bullae
463 2891 533 2917 non
549 2877 737 2926 {impliciter
750 2901 764 2922 ,
789 2877 845 2914 sed
860 2889 938 2916 cum
952 2877 1071 2914 addito
1086 2901 1100 2921 ‚
1125 2878 1162 2915 &
1176 2878 1381 2919 cohaerenter
1393 2876 1453 2913 lint
1469 2876 1695 2921 intelligenda
1709 2899 1722 2920 ‚
1738 2876 1899 2913 videlicet
1911 2898 1924 2918 ‚
1943 2870 2094 2910 Eremitae
2105 2894 2118 2914 ,
2132 2869 2189 2905 seu
2205 2863 2323 2904 Vtram
2339 2866 2429 2904 Ere·

285 2931 438 2971 miricam
449 2929 609 2966 ducentes
614 2925 803 2975 secundnm
814 2924 984 2974 Regulam
992 2925 1189 2975 praedt‘c'lam
1210 2950 1222 2962 .
1251 2927 1349 2964 Hinc
1360 2949 1374 2971 ,
1392 2925 1491 2964 ficuti
1508 2924 1764 2962 Carthufienses
1781 2948 1794 2968 ‚
1818 2919 2096 2962 Camaldulcnses
2109 2918 2176 2954 &c.
2190 2940 2203 2959 ‚
2223 2914 2427 2973 etiamliin..

285 2977 406 3019 eremis
421 2978 547 3023 degant
561 3000 574 3020 ,
586 2974 783 3022 {impliciter
799 2974 952 3012 Eremitae
967 2975 1136 3012 nominari
1151 2986 1219 3011 non
1235 2975 1370 3022 possunt
1385 2997 1397 3017 ‚
1411 2986 1489 3012 cum
1502 2974 1562 3009 lint
1574 2975 1655 3012 vere
1670 2972 1830 3012 Monachi
1844 2997 1856 3014 ,
1875 2972 1956 3014 vel,
1971 2969 2053 3006 ficut
2066 2967 2136 3005 PP.
2153 2964 2263 3002 Obser
2270 2974 2427 3000 vantium

284 3025 510 3073 Anteiignani
521 3048 534 3068 ,
554 3027 611 3062 seu
625 3023 783 3062 austeres
796 3036 808 3066 3
822 3025 888 3061 FF.
902 3024 1047 3072 Ioannes
1063 3026 1107 3061 de
1122 3023 1284 3062 Vallibus
1296 3047 1311 3067 ,
1323 3022 1491 3061 Gentilis
1507 3024 1527 3059 a
1541 3023 1690 3070 spoleto
1704 3046 1717 3066 ,
1732 3021 1913 3059 Paulutius
1926 3019 1968 3055 de
1981 3014 2122 3055 Trincis
2132 3014 2200 3052 διε.
2213 3036 2227 3055 ‚
2242 3024 2331 3060 quos
2349 3023 2429 3049 cum

75 3099 122 3137 [e]
147 3098 227 3127 Pare.
242 3105 268 3132 3.
287 3076 403 3117 Sociis
416 3100 431 3120 ,
455 3077 494 3111 in
505 3073 587 3111 locis
593 3072 766 3122 solitariis
779 3096 792 3115 ‚
818 3073 862 3114 &¹
873 3073 1093 3111 Eremitoriis
1108 3072 1274 3112 Brulliani
1289 3073 1354 3111 &c.
1369 3095 1381 3114 ‚
1395 3069 1518 3107 vixisse
1534 3095 1548 3115 ,
1570 3072 1604 3108 &
1619 3071 1782 3118 regularis
1796 3066 2034 3106 Observantiae
2061 3061 2245 3112 primordia
2260 3057 2403 3118 posuisse
2415 3084 2430 3104 ,

75 3138 190 3175 aufal.
201 3133 271 3166 mihi
287 3137 356 3164 tam
370 3123 516 3162 Ordinis
529 3122 702 3160 Chronica
721 3121 861 3169 antiqua
873 3121 928 3169 (c)
939 3146 954 3166 ,
974 3124 1079 3171 quant
1093 3121 1335 3160 celeberrimus
1350 3120 1590 3164 P..Wadingus
1603 3119 1662 3167 (d)
1676 3118 1834 3166 expresse
1848 3122 2116 3153 commemorant
2127 3135 2141 3155 ,
2162 3109 2257 3146 nudo
2273 3108 2431 3146 Eremrtae

81 3188 109 3207 1.
122 3183 182 3209 [Tc.

70 3219 123 3298 ΕΙ]
135 3215 270 3287 3:32¹·ng
288 3224 377 3272 gulae
391 3221 596 3270 profeffione
611 3219 789 3257 manserint
803 3219 878 3255 veri
892 3217 956 3257 FF.
971 3221 1132 3257 Minores
1147 3245 1158 3256 .

79 3306 145 3327 tom.
155 3295 271 3333 viiifial.

287 3174 464 3211 vocabulo
479 3185 549 3209 non
566 3172 691 3209 debent
705 3169 856 3214 censeri,
870 3171 919 3208 ita
931 3183 992 3209 nec
1005 3170 1176 3219 Capucini
1192 3194 1208 3216 ,
1228 3181 1273 3207 ex
1290 3173 1394 3210 unica
1407 3168 1477 3207 loci
1490 3167 1738 3218 citcumstantia
1753 3165 1910 3207 Eremitae
1922 3163 1989 3203 dici
2002 3168 2159 3214 poterant
2175 3182 2188 3206 ,
2210 3169 2289 3198 cum
2302 3169 2347 3196 ex
2361 3158 2433 3197 Re·

388 3273 470 3308 Nec
481 3283 528 3310 ex
541 3282 584 3307 eo
599 3294 613 3313 ,
634 3267 731 3316 quod
744 3268 914 3312 Regulam
927 3268 961 3303 in
977 3270 1065 3306 locis
1078 3268 1242 3306 solitariis
1257 3292 1271 3312 ,
1293 3269 1336 3306 ab
1349 3266 1528 3304 hominum
1539 3266 1745 3303 commercio
1755 3289 1769 3310 ,
1786 3265 1821 3302 8r
1835 3262 1951 3301 mundi
1967 3260 2120 3299 tumultu
2136 3256 2277 3307 separati
2291 3280 2304 3299 ‚
2327 3256 2434 3293 serva·

78 3337 145 3368 „sthi
168 3347 217 3372 ⁷4·
237 3342 271 3366 07-
291 3320 407 3357 verint
419 3344 431 3365 ,
442 3320 586 3358 amisere
600 3316 815 3357 Filiationem
829 3317 866 3354 S.
879 3318 919 3355 Ρ.
937 3317 1126 3361 francisci,
1137 3330 1214 3354 cum
1226 3318 1312 3354 hanc
1323 3329 1391 3354 non
1408 3317 1526 3354 locus.
1539 3313 1595 3350 sed
1610 3315 1756 3360 Regulae
1770 3312 1926 3361 profetlio
1941 3310 2054 3361 pariat
2071 3335 2081 3346 .
2098 3307 2182 3345 Inde
2197 3306 2288 3342 fatus
2304 3306 2342 3342 P.
2355 3315 2436 3344 Wa-

80 3387 155 3407 ²10.

85 3419 167 3448 Tom.
177 3415 273 3455 ix-svl.
293 3417 321 3452 S
318 3419 450 3463 pirenis
459 3442 471 3459 ‚
485 3428 614 3454 necnon
626 3415 673 3452 alt

292 3369 415 3413 dingus
430 3370 485 3418 (e)
496 3393 509 3413 ,
521 3367 652 3415 optimi.¹
664 3364 861 3404 concludit:
875 3365 970 3413 quod
983 3364 1270 3414 PRCapucini...
1285 3366 1443 3405 Eremitae
1456 3365 1484 3402 S
1487 3362 1675 3411 ,Francisci
1687 3363 1769 3399 ditia·
1775 3362 1918 3410 fuerint
1929 3386 1941 3406 ,
1951 3360 2038 3409 sicut
2049 3358 2092 3400 ὼ·
2105 3353 2275 3404 Discipuli
2289 3355 2435 3403 Caesarei

726 3412 896 3463 osteriores
909 3409 1057 3452 Alumm'
1069 3413 1254 3461 ‘RAngeli
1265 3414 1307 3452 de
1324 3411 1484 3462 Cingulo,
1499 3412 1658 3450 Eremitae
1672 3410 1890 3460 S.Fran01'fi·i
1914 3405 2075 3460 appellati
2081 3404 2169 3455 sunt
2179 3428 2194 3450 ‚
2215 3401 2297 3441 licet
2307 3405 2383 3440 veri
2395 3403 2440 3448 ὠὴ

675 3428 688 3450 l

83 3456 152 3487 '’²5⁶“
159 3465 217 3502 .4²··
245 3455 275 3484 ¹¹⁶
290 3466 435 3512 genuini
448 3465 664 3514 S.Franc1'sci
676 3422 830 3511 kiliistnt
840 3463 952 3500 habiti
965 3486 978 3505 ‚
988 3462 1032 3504 &¹
1043 3462 1189 3499 debeant
1202 3464 1374 3512 nucupari
1386 3488 1396 3500 .

86 3498 178 3528 litem
214 3496 276 3526 Pan.

85 3535 216 3574 Ministri
226 3537 277 3565 Pro

393 3512 468 3550 fuit
480 3514 581 3550 eriam
594 3514 663 3553 haec
676 3512 758 3549 vitae
771 3511 953 3549 Eremiticae
966 3510 1136 3549 institutio
1149 3535 1162 3555 ‚
1174 3511 1230 3548 seu
1243 3513 1364 3559 potins
1377 3511 1430 3550 hic
1446 3512 1507 3550 sub
1521 3510 1602 3548 vitae
1614 3509 1649 3546 &
1662 3509 1810 3555 Regulae
1820 3506 2046 3545 franciscana:
2059 3501 2277 3541 observantia
2288 3527 2301 3546 ,
2317 3502 2357 3539 ad
2384 3502 2438 3538 lo·

84 3575 216 3606 „fmfflffi
239 3577 277 3603 ad
295 3572 334 3597 ca
349 3559 497 3596 solitaria
510 3562 650 3600 recessus
665 3559 866 3599 necell‘arius
875 3585 888 3604 ‚
899 3570 937 3596 ut
947 3572 992 3596 no
999 3573 1040 3596 ve
1049 3561 1130 3596 llam
1146 3560 1457 3606 Reformationem,
1467 3560 1584 3597 nonin
1597 3558 1670 3596 sola
1683 3556 1818 3596 externi
1831 3556 1983 3593 Habitus
1996 3554 2104 3600 figura
2115 3577 2128 3598 ,
2139 3551 2196 3589 sed
2211 3551 2248 3587 in
2263 3563 2343 3588 vera
2357 3550 2436 3588 vitae

84 3618 134 3647 Fr.
151 3615 278 3647 paulatia
296 3607 487 3645 reformatae
499 3631 512 3650 ,
526 3608 559 3643 8<
572 3610 726 3649 arffioris
739 3609 921 3647 substantia
933 3633 948 3653 ‚
962 3609 1177 3646 constitutam
1191 3607 1256 3646 esse
1267 3633 1280 3653 ,
1295 3610 1443 3667 liqueret
1457 3635 1468 3647 .
2132 3615 2136 3619 “

86 3654 164 3686 daris
178 3673 187 3682 .

85 3694 278 3765 fiffgfjgfl
296 3703 613 3740 Camaldulenlibus
630 3729 639 3743 ,
653 3709 707 3743 vel
722 3711 753 3742 in

85 3773 124 3804 tei
135 3794 143 3804 .

391 3656 700 3695 Communicantur
719 3658 794 3742 C‘?
805 3658 872 3706 §.9.
886 3669 984 3696 novas
996 3657 1115 3695 nostrae
1127 3658 1406 3703 Congregationi
1415 3654 1783 3705 gratiae‚privilegia‚&
1796 3654 1830 3691 in
1838 3653 1941 3696 lulta,
1955 3663 2024 3689 tam
2039 3649 2322 3693 FF.Minoribus,
2332 3649 2435 3696 quam

782 3707 877 3754 'pecte
893 3707 950 3744 vel
965 3707 1000 3743 in
1014 3718 1142 3752 genere
1157 3705 1311 3743 conceil'a
1320 3730 1335 3755 ‚
1348 3720 1406 3743 aut
1418 3704 1634 3744 concedenda
1648 3701 1739 3752 aequl?
1747 3701 1994 3751 prt'ncipaliter
2004 3726 2015 3737 .
2037 3699 2167 3737 Omnis
2182 3699 2318 3748 quidem
2333 3697 2439 3746 nuda,

295 3752 327 3787 8(
344 3751 487 3798 simplex
501 3751 762 3796 privilegiorum
777 3755 1055 3798 communicatio,
1065 3754 1170 3804 juxta
1185 3767 1399 3791 communem
1415 3753 1675 3792 Canonistarum
1690 3760 1851 3800 operatur
1863 3751 1898 3786 id
1911 3774 1924 3794 ‚
1942 3763 1980 3788 ac
1996 3775 2008 3794 ‚
2025 3749 2103 3785 fiiis
2117 3773 2131 3793 ‚
2146 3749 2271 3796 quibus
2283 3756 2436 3782 commu-

84 3817 128 3850 (ο)
145 3814 276 3843 roma«.
295 3799 447 3838 ”icantur
457 3824 470 3845 2
483 3799 648 3849 Ρῖῖῐῐὶἓῐῑὸ
659 3823 672 3845 ,
685 3800 892 3850 immediate,
903 3816 943 3843 ac
955 3804 1050 3855 aeqnc
1063 3803 1294 3854 principaliter
1306 3802 1420 3843 t'orent
1435 3801 1588 3841 conceffa
1598 3826 1608 3839 .
1633 3802 1703 3840 Hic
1714 3811 1828 3838 autem
1843 3801 2006 3840 Summus
2020 3797 2185 3835 Pontifex
2198 3794 2338 3845 ipsemet
2351 3793 2436 3830 hanc

77 3853 219 3895 suhmihis
228 3862 275 3888 7²·

2291 3841 2362 3880 vim
2375 3865 2390 3888 ,
