2658 4244
916 235 1076 326 Sub
1138 234 1514 328 Clemente
1558 234 1716 323 XI

264 356 330 401 sub
342 357 508 401 Annulo
521 356 734 402 Piscatoris
748 355 812 399 die
823 367 880 400 xl.
893 354 1036 396 Ostob.
1050 369 1285 409 Moccxur,

264 415 523 478 Pontificatus
538 418 671 473 Nostri
685 418 804 468 Aeno
817 411 1123 463 Decimotertio
1137 442 1150 457 .

871 536 909 578 F
912 562 924 574 .
957 533 1171 575 oliverius:

320 655 611 714 Autograpbum
622 655 665 697 in
678 653 845 697 Archivo
858 656 998 696 secret.
1014 655 1131 692 Brev.
1147 649 1282 712 Apost.

372 715 470 768 ch.
503 726 565 764 15.
589 712 749 765 Diverst
759 710 840 770 fol.
866 723 964 765 435.
994 711 1038 752 de
1065 722 1140 764 quo
1165 713 1286 753 Breve

361 768 580 830 firmat-in
588 769 705 815 Arch-
720 769 907 826 gemord.
928 772 1034 814 Tom.
1048 770 1102 813 H.
1121 782 1162 811 n.
1194 771 1287 812 182.

1146 894 1264 910 m

259 953 311 1017 P.
330 952 567 1006 Ludovico
595 959 833 1011 Francisco
849 961 905 1010 de
919 965 1126 1028 Mornay
1144 998 1161 1020 ,
1186 964 1295 1014 Pross·

290 1022 445 1072 vinciae
472 1025 722 1079 Parifienfis
741 1028 982 1081 Definitori
997 1067 1014 1089 ,
1051 1030 1293 1102 Episcopa-

288 1105 391 1142 tum
422 1098 770 1149 Eumeniensem
800 1118 906 1151 curn
952 1101 1290 1154 Coadiutoria...

292 1161 500 1214 Ecclefiae
537 1168 839 1236 erecenfis
874 1170 1077 1224 confert.

269 1355 277 1361 .
326 1290 716 1350 CLEMENS
763 1303 1225 1360 EPISCOPUS

496 1379 648 1426 Servus
677 1383 895 1424 Servorum
925 1386 1008 1427 Dei
1035 1396 1047 1426 .·

253 1474 411 1527 ,Πῗῖθῦἶθ
448 1487 555 1528 Filio
593 1487 780 1531 Ludovz‘co
810 1491 1019 1547 Francisc'o
1046 1493 1092 1533 de
1116 1496 1289 1549 Mornay

368 1537 496 1585 ElebJo
512 1547 732 1587 Eumenim.
761 1548 933 1587 Salutem
951 1575 965 1597 ‚
994 1547 1047 1598 &³
1070 1551 1174 1604 Apa·-

494 1601 676 1660 stolicam
700 1604 1003 1649 Benedifflonem
1016 1635 1029 1647 .

369 1695 544 1736 Omanus
573 1694 764 1735 Pontifex
780 1722 795 1745 ‚
819 1708 939 1749 quem
956 1697 1094 1738 Pastor
1113 1697 1185 1741 ille
1205 1714 1292 1742 coe-

399 1750 504 1791 lestis
525 1750 715 1792 Ecclefiis
731 1753 911 1806 praetulit
930 1753 1119 1797 univerfis
1133 1785 1147 1807 ,
1161 1759 1290 1813 Gregi

254 1810 325 1851 fibi
350 1807 540 1851 commiffi
566 1823 704 1851 curam
734 1810 874 1852 sedulo
900 1810 1128 1868 adimplere
1143 1830 1292 1869 procu-

253 1882 346 1910 rans
360 1898 375 1918 ,
402 1868 524 1910 modo
540 1882 613 1923 per
632 1866 818 1922 simplicis
835 1868 1069 1923 provisionis
1087 1873 1263 1916 officium
1279 1906 1294 1929 ,

247 1925 497 1982 quandoque
524 1926 618 1968 vero
638 1934 711 1979 per
724 1925 996 1982 Coadjutoriae
1015 1931 1292 1986 ministerium,

254 1981 424 2039 operosae
455 1981 674 2034 diligentiae
701 1982 872 2024 studium
902 1984 1069 2029 adhibet
1097 2002 1294 2043 opportu-

251 2054 350 2085 num
367 2068 381 2088 ,
409 2048 455 2082 ut
476 2038 665 2081 Ecclefiis
688 2038 774 2094 ipfis
791 2069 805 2091 ‚
830 2055 913 2096 quae
931 2046 1107 2099 propriis
1126 2048 1294 2092 viduatae

251 2098 507 2148 pastoribus,
527 2107 600 2140 ,aut
630 2098 709 2140 illis
737 2099 1028 2153 praesidentium
1057 2106 1166 2147 senio
1199 2123 1292 2151 con·

252 2156 448 2200 sectorum
478 2155 518 2197 in
552 2156 836 2211 Spiritualibus
875 2187 889 2208 ,
927 2162 966 2202 8(
998 2165 1292 2218 temporalibus

255 2215 502 2259 detrimenta
517 2217 598 2268 pati
620 2217 920 2271 comperiuntur
933 2249 948 2276 2
966 2220 1156 2268 Praesules
1169 2226 1291 2279 praefi-

255 2275 415 2320 ciantur
442 2272 608 2326 idonei,
636 2289 710 2330 per
737 2289 905 2331 quorum
922 2278 1126 2324 solertiam
1153 2286 1292 2339 provi-

253 2333 345 2376 dam
366 2331 554 2376 Ecclefiae
570 2333 760 2387 praedicstae
785 2337 987 2379 continuis
1005 2339 1206 2394 proficere
1223 2358 1291 2387 va-

252 2391 364 2433 leant
390 2392 676 2434 incrementis.
704 2392 806 2435 Sane
839 2394 1018 2440 Ecclesia
1047 2401 1290 2444 Eumenien.

253 2463 336 2505 quae
349 2450 390 2493 in
404 2449 580 2505 partibus
598 2449 829 2493 Infidelium
845 2454 1035 2506 consistit,
1052 2457 1101 2499 ad
1122 2462 1288 2513 pra-sens

253 2514 371 2560 'certo
387 2536 402 2558 ‚
425 2521 545 2562 quem
565 2508 821 2562 praesentibus
838 2511 979 2553 haberi
1007 2509 1190 2556 volumus
1216 2529 1287 2570 pro

253 2562 435 2619 expresso
449 2591 463 2612 ,
486 2564 609 2605 modo
623 2593 638 2616 ‚
662 2567 831 2608 Pastoris
846 2566 987 2610 solatio
1002 2570 1191 2615 destituta
1210 2602 1223 2624 ‚
1240 2587 1291 2615 ne

251 2622 325 2664 illa
352 2621 477 2676 longae
501 2622 718 2664 vacationis
745 2637 971 2679 exponatur
995 2627 1255 2675 incommodis
1272 2663 1287 2683 ‚

251 2679 431 2737 paternis
453 2708 466 2731 ‚
492 2681 532 2720 δε
565 2680 744 2723 sollicitis
769 2683 905 2725 studiis
931 2686 1186 2733 intendentes
1205 2691 1290 2745 post

252 2738 620 2789 deliberationem,
647 2755 764 2795 quam
790 2741 842 2783 de
871 2742 1126 2798 praeficiendo
1153 2748 1288 2790 eidem

250 2795 438 2840 Ecclefiae
465 2809 554 2837 cum
582 2800 892 2842 Venerabilibus
919 2805 1128 2848 Fratribus
1147 2807 1290 2850 nostris

251 2860 295 2899 S.
312 2856 365 2896 R.
381 2856 428 2895 E.
444 2853 731 2898 Cardinalibus
757 2858 965 2902 habuimus
991 2862 1261 2919 diligentem
1276 2896 1290 2917 a

250 2913 414 2955 demum
429 2912 478 2954 ad
495 2914 573 2962 Te,
591 2914 838 2969 Religiosum
852 2919 1016 2960 Ordinis
1032 2924 1070 2963 S.
1091 2925 1287 2967 Francisci

254 2971 556 3026 Capucinorum
581 2983 901 3027 nuncupatorum
921 2980 1106 3031 expresse
1134 2981 1289 3036 profes-

249 3028 332 3071 sum
346 3057 360 3079 ‚
374 3042 424 3070 ex
439 3028 683 3071 nobilissimis
698 3059 711 3080 ‚
737 3033 777 3072 &
791 3032 886 3075 vere
899 3037 1122 3080 Catholicis
1137 3043 1290 3083 Paren-

249 3088 355 3130 tibus
380 3089 418 3127 in
435 3086 617 3140 legitimo
642 3091 905 3133 Matrimonio
922 3122 936 3143 ‚
962 3097 1001 3136 &
1034 3096 1168 3140 Dioec.
1197 3100 1286 3140 Ro-

250 3147 479 3207 thomagen.
497 3155 659 3201 natum,
675 3147 713 3190 in
738 3148 1038 3210 quadragesimo
1053 3168 1160 3201 nono
1175 3186 1189 3211 ,
1216 3157 1284 3199 vel

966 3272 1239 3339 No

1738 349 1746 357 ,
1910 350 1917 357 Γ
2165 277 2194 319 1
2223 270 2258 338 5
2281 278 2320 344 3

1346 356 1511 398 circiter
1537 357 1612 395 tuae
1638 359 1766 394 aetatls
1787 352 1923 403 anno5
1947 354 1986 396 δε
2010 354 2030 397 :i
2054 354 2224 410 viginti,
2250 361 2388 407 &ami

1345 413 1448 470 plius
1477 413 1590 454 annis
1623 412 1662 453 in
1690 413 1814 453 Sacro
1854 411 2149 456 Presbiteratfis
2186 417 2386 459 Ordine.)

1346 471 1603 518 constitutum
1625 499 1640 519 ,
1666 469 1733 525 qui
1762 467 1891 510 munia
1924 471 2001 511 Tui
2028 473 2219 525 Ordinis,
2247 478 2387 517 Guar-

1347 530 1456 573 diani
1484 528 1678 571 videlicet
1705 555 1718 577 ,
1744 527 1781 567 &
1814 523 2047 569 Definitoris
2072 528 2274 585 sapienter
2297 562 2312 583 ,
2345 533 2386 573 &

1345 604 1436 634 cum
1452 586 1645 644 applausu
1660 584 1926 638 adimplevisti
1942 614 1957 637 ‚
1987 586 2132 642 quique
2157 589 2279 632 fidem
2302 591 2386 632 Ca-

1344 647 1537 692 tholicam
1559 646 1670 704 juxta
1688 643 1881 687 articulos
1895 671 1908 694 ‚
1921 643 2004 700 jam
2015 644 2173 701 pridem
2186 648 2207 688 :i
2225 648 2388 693 Sede-2

1346 705 1575 763 Apostolica
1593 703 1812 761 propofitos
1830 703 2015 759 expresse
2035 701 2225 759 professus
2250 704 2354 748 fuisti
2372 735 2388 758 ‚

1347 765 1494 822 cuique
1522 764 1626 820 apud
1653 767 1739 808 Nos
1763 762 1815 805 de
1843 763 2004 818 generis
2029 762 2273 814 nobilitate,
2297 765 2389 806 vitae

1353 823 1576 875 munditia,
1603 825 1642 865 &
1669 836 1827 865 morum
1849 822 2056 864 honestate
2074 851 2088 874 ,
2113 822 2390 877 spiritualium

1352 881 1613 941 providentia
1633 911 1647 935 2
1671 895 1716 924 ac
1735 880 2038 936 Temporalium
2061 881 2392 934 circumspestio-

1351 957 1406 987 ne
1426 972 1441 996 ,
1462 940 1628 999 aliisque
1644 938 1925 995 multiplicium
1950 939 2149 980 virtutum
2168 938 2284 979 donis
2308 936 2391 980 fide

1351 1003 1474 1059 digna
1495 1000 1717 1043 testimonia
1740 997 2003 1055 perhibentur
2018 1026 2032 1047 ,
2058 996 2279 1038 direximus
2294 1007 2392 1035 ocu-

1350 1060 1414 1103 los
1429 1059 1562 1102 nostrae
1578 1059 1721 1101 mentis
1738 1085 1753 1108 2
1774 1058 1916 1113 quibus
1933 1055 2118 1098 omnibus
2142 1054 2280 1096 debita
2303 1062 2394 1095 me-

1350 1119 1553 1162 ditatione
1584 1116 1759 1173 pensatis
1779 1144 1793 1166 ,
1823 1113 2018 1171 praedieiae
2033 1111 2224 1157 Ecclefiae
2241 1115 2390 1154 Eume-

1353 1179 1460 1221 nien.
1476 1177 1529 1219 de
1551 1176 1723 1219 Persona
1750 1184 1817 1216 tua
1833 1173 1962 1216 Nobis
1981 1201 1996 1223 ,
2019 1175 2059 1213 &
2073 1170 2221 1214 eisdem
2237 1170 2393 1213 Fratri-

1353 1238 1426 1280 bus
1455 1235 1594 1278 nostris
1622 1234 1676 1276 ob
1699 1244 1860 1276 tuorum
1883 1231 2129 1287 exigentiam
2149 1230 2394 1272 meritorum

1351 1305 1523 1350 accepto
1535 1293 1588 1335 de
1615 1296 1839 1335 eorundem
1868 1292 2053 1333 Fratrum
2078 1288 2396 1342 confili0‚Apo-

1351 1353 1488 1396 stolica
1510 1352 1748 1394 auctoritate
1773 1348 2035 1405 providemus
2052 1377 2066 1400 ,
2095 1350 2235 1405 Teque
2262 1345 2322 1387 illi
2351 1347 2394 1389 in

1349 1411 1594 1466 Episcopum
1633 1408 1863 1467 praeficimus
1891 1435 1906 1458 2
1959 1409 2164 1451 Pastorum
2208 1417 2346 1447 curam
2377 1431 2394 1453 ,

1349 1470 1531 1523 regimen
1553 1497 1567 1518 ,
1592 1471 1632 1508 δε
1657 1467 2036 1509 administrationem
2064 1465 2175 1507 dieiae
2199 1461 2392 1506 Ecclesiae

1348 1526 1586 1567 Eumenien.
1609 1524 1703 1566 Tibi
1729 1525 1771 1565 in
1787 1524 2066 1578 Spiritualibus
2082 1551 2096 1573 ‚
2123 1525 2162 1564 «Sc
2189 1532 2396 1575 tempora-

1350 1584 1454 1625 libus
1486 1581 1668 1638 plenarie
1700 1580 2023 1623 committendo.
2050 1583 2105 1622 Et
2132 1576 2292 1634 insuper
2322 1591 2394 1619 cu-

1350 1642 1513 1696 pientes
1527 1640 1765 1682 Venerabili
1787 1642 1919 1682 Fratri
1935 1639 2071 1681 nostro
2090 1638 2234 1692 Joanni
2260 1635 2396 1689 Bapti-

1350 1699 1412 1740 stae
1449 1697 1500 1739 de
1539 1695 1577 1738 la
1617 1697 1746 1738 Croix
1777 1697 1830 1738 de
1860 1698 1970 1740 Saint
2003 1695 2162 1739 Vallier
2194 1693 2394 1735 moderno

1354 1753 1555 1810 Episcopo
1582 1757 1820 1810 erecen.
1837 1756 1931 1796 Seni
1954 1781 1968 1802 a
1994 1755 2034 1794 &
2064 1751 2391 1801 valetudinario,

1352 1816 1391 1856 &
1408 1812 1457 1866 ad
1476 1812 1663 1859 obeunda
1681 1812 1816 1856 munia
1833 1811 2084 1867 Episcopalia
2101 1811 2139 1853 in
2155 1821 2238 1852 tam
2253 1808 2391 1850 vasta.»

1355 1869 1529 1914 Dioeceli
1561 1872 1702 1925 impari
1728 1900 1743 1922 ,
1772 1884 1822 1913 ne
1840 1872 1916 1926 ipsa
1933 1870 2109 1913 Ecclesia
2139 1867 2363 1928 erecen
2380 1894 2395 1907 .

1355 1928 1954 1983 SediApostolicae.immediate
1979 1927 2151 1985 subjefia
2169 1956 2182 1978 ,
2209 1926 2273 1967 cui
2297 1939 2395 1978 prae-

1355 1988 1434 2029 effe
1464 1986 1715 2040 dignoscitur
1734 2017 1749 2036 ,
1777 1988 1908 2041 aliqua
1939 1983 2086 2030 exinde
2111 1986 2149 2028 in
2167 1982 2397 2039 Spirituali-

1355 2047 1428 2087 bus
1442 2072 1455 2094 a
1468 2044 1814 2100 &temporanbus
1831 2044 2078 2087 detrimenta
2092 2044 2286 2098 patiatur,
2302 2040 2394 2085 de.)

1355 2102 1610 2146 Coadiutore
1639 2103 1818 2154 idoneo,
1842 2117 1888 2145 ac
1919 2103 2018 2144 alias
2034 2103 2073 2144 in
2091 2099 2289 2157 praemiffis
2315 2114 2391 2154 op-

1355 2161 1528 2219 portune
1562 2161 1779 2215 providere
1808 2161 2023 2210 volentes,
2047 2162 2109 2202 Te
2137 2159 2158 2201 a
2188 2157 2391 2215 quibusvis

1352 2220 1781 2264 excommunicationis
1796 2220 1872 2259 &c.
1887 2219 2097 2261 censentes
2113 2246 2127 2267 a
2153 2219 2214 2258 Te
2230 2245 2242 2267 ‚
2267 2229 2389 2271 quem

1353 2277 1598 2322 chariffimus
1613 2279 1653 2320 in
1668 2278 1829 2321 Christo
1851 2277 1972 2319 Filius
2000 2275 2134 2318 noster
2160 2274 2392 2317 Ludovicus

1351 2342 1598 2382 Francorum
1615 2365 1628 2387 ‚
1654 2339 1691 2378 &
1721 2339 1912 2378 Navarrae
1927 2337 2022 2377 Rex
2036 2332 2387 2379 Christianiffimus

1351 2398 1492 2450 vigore
1520 2394 1676 2437 indulti
1701 2394 1926 2449 Apostolici
1941 2392 2010 2434 fibi
2028 2392 2201 2446 desuper
2215 2389 2391 2434 conceffi

1350 2452 1478 2495 Nobis
1492 2452 1542 2491 ad
1557 2451 1595 2491 id
1614 2466 1683 2504 per
1697 2453 1778 2492 suas
1795 2452 1954 2492 Literas
1967 2449 2204 2500 nominavit,
2221 2447 2391 2491 eidem..

1348 2507 1488 2567 Joanni
1516 2508 1695 2561 Baptistae
1727 2507 1954 2563 Episcopo,
1984 2505 2172 2562 quamdiu
2203 2504 2391 2547 Ecclefiae

1351 2565 1595 2624 erecen.
1608 2563 2032 2621 praedieiae'praefuerit‚
2043 2565 2082 2606 in
2095 2563 2394 2618 Coadjutorem

1352 2634 1593 2682 perpetuum
1609 2653 1623 2675 ,
1649 2627 1686 2667 &
1709 2622 2022 2666 irrevocabilem
2041 2623 2080 2663 in
2098 2623 2295 2675 regimine
2312 2651 2326 2672 ,
2349 2624 2390 2663 &

1350 2683 1691 2727 administratione
1716 2683 1829 2738 ipfius
1855 2679 2042 2724 Ecclefiae
2054 2680 2291 2736 erecen.
2313 2680 2387 2722 in.)

1351 2742 1633 2799 Spiritualibus
1650 2773 1666 2793 ,
1693 2744 1733 2784 &
1760 2737 2050 2796 temporalibus
2075 2737 2383 2791 constituimus,

1349 2805 1387 2846 &
1407 2801 1641 2856 deputamus
1656 2829 1667 2841 .
1693 2801 1771 2841 &c.

1408 2863 1555 2902 Datum
1585 2861 1724 2900 Romae
1751 2856 1855 2913 apud
1888 2860 1928 2899 S.
1950 2854 2122 2897 Mariam
2151 2854 2389 2912 Majorem'

1350 2935 1453 2964 anno
1492 2932 1733 2961 MDCCXlH.
1767 2931 1829 2959 ιν.
1866 2912 2039 2956 Kalend.
2078 2914 2219 2956 Martii
2245 2914 2388 2956 Ponti-

1349 2979 1489 3023 ficatus
1508 2975 1644 3022 Nostri
1658 2989 1763 3023 anno
1778 2971 2102 3032 Qartodecimo
2115 2999 2129 3013 .

1404 3093 1648 3154 Autograph.
1664 3096 1706 3135 in
1722 3090 1841 3135 Arcb.
1864 3090 2002 3140 Vatia,
2016 3089 2065 3133 de.
2078 3100 2153 3143 quo
2170 3090 2327 3145 exempl.
2341 3089 2384 3133 in

1460 3153 1580 3198 Arch.
1591 3165 1683 3214 gen.
1701 3152 1795 3198 Ord.
1817 3151 1921 3194 Tom.
1936 3150 1988 3192 A.
2008 3151 2060 3192 A.
2075 3159 2239 3200 num14.

1366 3273 1658 3339 TA.

249 3366 534 3453 MEmoriam
558 3368 661 3417 hujus
687 3368 858 3407 Antistitis
886 3370 1036 3408 reddunt
1061 3375 1252 3417 celebrem,
1272 3372 1308 3409 8<
1335 3370 1482 3408 Generis
1505 3369 1692 3419 splendor,
1720 3368 1756 3406 &
1774 3367 1890 3404 animae
1902 3361 2067 3400 bonitast
2089 3362 2188 3398 illum
2203 3359 2384 3397 haeredita:

379 3417 466 3452 rium
481 3442 495 3462 ‚
518 3421 551 3453 δι
562 3418 694 3455 avitum
708 3418 886 3466 acquifivit
900 3420 920 3455 ἃ
937 3421 1098 3469 Prosapia
1113 3422 1156 3458 de
1172 3422 1323 3470 Mornay
1339 3443 1352 3464 ‚
1375 3432 1475 3468 quarn
1501 3419 1640 3456 vetustae
1654 3414 1848 3454 nobilitatis
1860 3414 1981 3449 decore
1992 3435 2005 3456 ‚
2027 3423 2066 3448 ac
2087 3408 2303 3446 connubialis
2321 3421 2379 3456 pa-

247 3464 388 3518 rentelae
408 3464 527 3502 foedere
540 3466 756 3514 conspicuam
772 3467 895 3503 Gallia
910 3468 1038 3515 semper
1051 3468 1226 3506 aestimavlt
1242 3482 1252 3504 :
1278 3469 1362 3505 hanc
1384 3468 1520 3505 sortitus
1545 3467 1591 3503 est
1605 3468 1624 3503 a
1639 3469 1719 3502 Deo
1732 3487 1745 3507 ‚
1772 3469 1983 3510 quapropter
1995 3483 2009 3503 ‚
2040 3471 2083 3496 ne
2097 3458 2187 3494 inter
2199 3457 2383 3495 mundanas

249 3522 434 3548 varietates
458 3513 590 3551 versans
607 3540 620 3560 ‚
644 3515 826 3563 respiceret
848 3516 883 3551 in
907 3517 1073 3555 vanitates
1085 3543 1098 3561 ‚
1125 3517 1327 3565 properavit
1345 3517 1440 3553 illum
1455 3517 1474 3554 ὃ
1487 3516 1601 3554 medio
1616 3515 1731 3550 harum
1747 3512 1892 3547 educere
1907 3533 1920 3552 ‚
1940 3509 1974 3544 ὃς
1989 3508 2030 3544 ad
2042 3507 2209 3544 Ordinem
2223 3506 2380 3542 nostrum

250 3558 425 3616 transferre
439 3585 448 3595 .
475 3562 513 3597 ln
536 3561 600 3599 hoc
623 3564 821 3601 Ludovicus
846 3565 984 3612 quidem
1007 3567 1232 3603 meditabatur
1254 3565 1316 3601 sub
1342 3565 1464 3602 modi0,
1483 3565 1590 3600 latere
1605 3588 1619 3607 ,
1641 3562 1676 3598 δε
1705 3571 1782 3597 cum
1803 3558 1944 3595 Christo
1970 3556 2081 3595 vitam
2099 3556 2221 3595 ducere
2240 3555 2278 3596 11¹
2299 3555 2381 3590 Deo

248 3607 479 3644 absconditam
494 3611 629 3666 znlatere
655 3622 765 3648 tamen
790 3612 839 3648 ita
867 3626 934 3650 non
960 3615 1097 3662 potuit,
1120 3615 1202 3661 quin
1227 3614 1382 3658 eminbs,
1402 3613 1438 3650 &
1470 3612 1627 3649 cominus
1653 3608 1874 3656 promicantia
1897 3606 2017 3642 metita
2045 3606 2131 3641 Eum
2144 3604 2244 3652 super
2256 3603 2380 3639 cande-

252 3656 385 3711 labrum
407 3657 544 3694 honorus
568 3671 760 3703 ponerent:
783 3660 964 3700 Provincia
978 3663 1066 3698 enim
1082 3663 1157 3698 viso
1171 3664 1206 3698 in
1219 3675 1261 3699 eo
1275 3661 1436 3708 regularis
1459 3660 1643 3707 discipline,
1670 3657 1782 3694 studio
1804 3655 1968 3692 aedificata
1981 3678 1995 3698 ,
2016 3653 2121 3699 elegit
2149 3655 2237 3689 Eum
2262 3651 2380 3686 Guar-

249 3705 388 3739 ‘lmmlm
407 3730 421 3749 ³
450 3705 484 3740 &
499 3707 739 3761 ,Defissltorem
759 3721 777 3751 ,ὅ
805 3710 885 3746 Rex
913 3711 1206 3748 Christianlffimus
1233 3723 1343 3748 autem
1363 3735 1377 3755 ‚
1400 3719 1439 3745 ut
1463 3709 1628 3745 honorem
1657 3705 1878 3752 amplificaret
1901 3727 1916 3748 ,
1948 3703 2196 3750 coadjutorem
2220 3699 2374 3738 Ecclefiae

252 3752 484 3800 Qbecenlis
498 3755 596 3790 illum
608 3756 796 3792 nominavit
809 3782 818 3792 .
846 3759 1059 3798 Sacrificavit
1073 3761 1211 3805 genium
1226 3759 1423 3796 humilitatis
1434 3757 1548 3794 altiori
1560 3754 1777 3805 dispositioni
1790 3778 1805 3798 ,
1830 3756 1864 3793 6<
1881 3752 2120 3802 Episcopalem
2132 3750 2374 3789 auetoritatem

247 3813 327 3846 cum
340 3802 464 3849 spiritu
476 3802 735 3862 mansuetudinis
746 3829 760 3850 ,
781 3806 968 3847 &illibatae
988 3808 1255 3858 conversationis
1269 3809 1431 3856 exemplo
1445 3807 1575 3855 semper
1596 3803 1798 3853 conjunxit.

1541 3855 1579 3896 V
2177 3844 2322 3894 Indub
2362 3864 2365 3866 ’
