2704 4296
952 268 1820 356 ISAGOGE.
2243 282 2373 363 vii.

289 385 643 451 silvestrum
681 385 758 448 II.
789 426 804 450 ,
851 386 914 443 ὃς
950 385 1320 466 Gregorium
1367 386 1449 447 V.
1487 388 1670 448 usum.
1698 389 1973 453 mutandi
2008 413 2225 455 nomen
2256 395 2432 459 indu-

290 471 434 536 xiffe
467 516 482 539 ‚
533 474 785 550 positive
821 469 1113 533 asseverat
1143 514 1157 527 .
1204 472 1359 533 Inde
1405 474 1562 534 inter
1611 482 1835 536 incerta
1874 477 2024 539 dum
2060 478 2155 539 hic
2193 484 2435 551 versor,

290 564 353 622 in
395 560 559 624 sensu
606 559 713 619 suo
753 558 1096 641 quemlibet
1152 555 1571 622 abundantem
1618 563 1941 644 relinquo,
1988 569 2049 625 ὅ(
2094 566 2246 628 dum
2296 567 2433 628 uisis

292 648 593 710 auetorem
630 643 1101 708 individualiter
1126 690 1143 718 ‚
1190 650 1252 706 &
1286 662 1514 708 certum
1555 669 1677 709 non
1698 654 1975 731 attingo,
2007 653 2247 715 causam
2297 653 2432 715 usus

289 737 607 810 certiorem
642 729 932 814 investigo
962 774 977 788 .
1016 730 1348 818 Duplicem
1400 733 1554 795 hanc
1599 733 1845 796 invenio
1875 779 1889 803 ‚
1935 740 2215 814 exemplum
2245 743 2432 800 videli.

273 835 366 877 ῃαι
413 820 608 894 Christi
639 860 653 884 ,
701 830 771 888 ες·
817 820 1125 896 qualitatem
1171 821 1476 887 Electiom's,
1512 825 1572 880 &
1622 838 1874 904 utraque
1921 824 2159 906 oppido
2205 829 2431 909 placet.

282 908 594 984 Exemplum
635 907 852 982 Christi,
886 906 1030 990 qui,
1063 907 1219 970 dum
1256 910 1498 969 Petrum
1537 906 1807 970 Ecclefiae
1843 908 2180 992 Principem
2220 911 2431 974 consti-

279 996 403 1055 tuit
427 1031 443 1056 ,
477 1014 704 1055 nomen
733 1001 862 1077 ejus
896 999 1060 1078 prius
1095 999 1489 1059 immutavit:
1525 998 1726 1053 Beatus
1762 1017 1811 1052 es
1842 999 2019 1052 Simon
2049 996 2429 1080 Barjona.....

284 1091 355 1147 ες
389 1102 476 1158 ego
512 1083 623 1142 dico
651 1081 778 1151 tibi,
814 1086 946 1161 quia
991 1096 1052 1135 tu
1096 1107 1148 1140 es
1192 1090 1420 1153 Petrus3
1458 1082 1626 1146 Cum
1672 1098 1877 1145 autem
1914 1084 2264 1167 exemplum
2311 1085 2432 1147 hoc

278 1172 412 1230 vim
445 1171 723 1252 praecepti
744 1190 865 1232 non
901 1175 1135 1253 ingerat
1157 1218 1172 1240 ‚
1201 1169 1409 1233 evenit
1435 1166 1626 1230 forsan
1647 1210 1664 1234 ‚
1682 1168 1856 1251 quod
1878 1171 2250 1256 antiquiores
2272 1173 2428 1235 Pon-

276 1249 486 1325 tifices»,
505 1276 575 1316 ac
597 1252 1122 1337 posteaHonorius
1143 1258 1255 1317 IV.
1276 1295 1291 1319 ,
1312 1253 1740 1317 AdrianusVl.
1761 1299 1775 1321 ‚
1798 1257 2122 1319 Marcellus
2144 1259 2218 1320 11.
2233 1262 2426 1320 nomi-

280 1360 359 1400 na
381 1340 484 1402 sua
506 1346 701 1422 priora
727 1342 1117 1402 retinuerint.
1146 1344 1395 1420 Qalitas
1413 1341 1682 1398 Eleffionis
1699 1381 1714 1406 ,
1738 1358 1870 1422 quae
1893 1345 2115 1403 creatio
2134 1345 2425 1422 appellari

283 1427 639 1493 consuevit,
661 1449 803 1489 cum
826 1427 983 1510 Papa
1002 1427 1163 1511 quasi
1181 1450 1254 1491 ex
1276 1426 1471 1488 nihilo
1488 1427 1599 1487 suae
1623 1426 1881 1488 Personae
1899 1468 1913 1493 ‚
1940 1426 1999 1490 ἃ
2029 1425 2265 1508 subjecti
2281 1473 2297 1497 ,
2324 1422 2425 1491 seu

280 1512 475 1574 meriti
508 1515 758 1576 transeat
792 1514 872 1576 ad
910 1515 1205 1577 excelsum
1241 1513 1352 1579 esse
1370 1515 1539 1576 Sur'ni
1561 1509 1869 1575 Pontificis
1894 1555 1910 1579 ,
1947 1511 2182 1574 Vicarii
2201 1511 2425 1576 Christi

275 1601 342 1657 in
381 1604 548 1662 terris
567 1605 715 1671 &c.;
751 1601 922 1671 Hine
956 1647 974 1674 ‚
1027 1601 1174 1665 ficut
1213 1608 1278 1664 in
1306 1598 1631 1686 'Baptismo
1662 1614 1943 1660 creat-urae
1975 1616 2241 1662 recenter
2277 1614 2425 1664 natae

277 1704 503 1750 nomen
536 1686 899 1770 imponitur,
932 1687 1014 1749 ita
1045 1695 1107 1751 &
1137 1688 1173 1749 a.
1203 1691 1459 1754 Summo
1477 1684 1792 1753 pontifice,
1812 1705 1925 1746 ceu
1959 1706 2127 1747 nova
2154 1703 2421 1747 creatura

276 1764 610 1849 secundum
652 1776 990 1856 Spiritum,
1041 1775 1156 1838 tale
1200 1772 1555 1842 assumitur.
1598 1773 1752 1835 Hoc
1809 1767 2008 1852 postea
2052 1775 2117 1831 in
2164 1771 2422 1833 exordio

275 1857 555 1924 omnium
603 1857 928 1925 Bullarum
960 1903 977 1927 ‚
1020 1862 1172 1925 ficut
1234 1862 1299 1925 ὅ(
1355 1860 1696 1924 Literarum
1750 1854 2248 1939 Apostolicarum
2314 1859 2422 1921 in.)

274 1939 475 2008 forma
510 1947 720 2012 Brevis
750 1953 861 2011 &o
893 1953 1292 2032 exprimitur,
1337 1951 1400 2008 ὅτ.
1444 1947 1554 2008 sub
1598 1943 1814 2008 eodem
1854 1941 2121 2026 Epistolae
2159 1938 2421 2004 familia-

271 2050 362 2091 rCS
385 2077 401 2101 2
431 2032 580 2098 ficut
602 2040 685 2097 -&
723 2033 920 2099 libelli
959 2036 1253 2120 supplices
1289 2038 1463 2119 Papae
1508 2031 1910 2097 inscribuntur
1938 2075 1954 2091 .
2003 2030 2419 2113 Supplicatio-

274 2137 379 2179 nes
396 2136 596 2187 tamen
619 2165 635 2190 ,
666 2142 790 2183 non
816 2125 920 2186 sub
952 2127 1195 2186 nomine
1227 2117 1536 2207 assumpto
1559 2168 1572 2190 ,
1601 2118 1704 2180 sed
1730 2115 1838 2177 sub
1864 2113 1971 2177 illo
1995 2162 2009 2185 ‚
2054 2116 2222 2196 quod
2254 2123 2418 2198 prius

269 2204 516 2286 gefferat
546 2252 562 2283 ,
608 2210 795 2292 signat
822 2252 839 2278 ‚
883 2227 1060 2295 prout
1103 2207 1252 2272 infra
1299 2215 1365 2273 in
1409 2205 1686 2272 sectione
1734 2203 1811 2265 de
1855 2197 2281 2289 subscriptione
2326 2200 2418 2264 di-

271 2307 442 2356 cetur
468 2341 485 2357 .

627 2429 1610 2530 'SECTIO
1805 2423 2000 2510 VI,

464 2582 602 2683 De
663 2601 887 2703 titulo
947 2605 1236 2682 Servus
1297 2601 1730 2677 Servorum
1787 2578 1951 2672 ‘Dei
1992 2657 2017 2686 ,
2074 2596 2229 2704 qm'-

695 2710 976 2800 nomini
1034 2714 1408 2831 assumpto
1470 2708 1970 2826 adjungitur.

263 2902 580 3055 CArpi
621 2902 806 2990 digne
829 2918 1091 2967 meretur
1122 2905 1330 2967 Petrus
1365 2902 1564 2967 Soave
1587 2946 1603 2970 ‚
1632 2898 1781 2960 dum
1805 2916 2028 2958 nomen
2055 2893 2094 2956 ἓ,
2123 2895 2286 2985 Papa
2325 2893 2406 2957 ad

459 2990 669 3053 fastum
717 2993 1025 3054 immutari
1072 2990 1510 3053 cachinnatur.
1561 2987 1883 3072 Qantum
1928 2988 2078 3047 vero
2121 2982 2401 3064 superba-2

257 3071 388 3137 haec
429 3080 820 3163 praesumptio
851 3078 890 3140 ἃ,
920 3082 1190 3141 veritatis
1239 3072 1476 3138 tramite
1516 3070 1766 3137 recedat
1794 3117 1811 3139 ‚
1857 3074 1924 3132 ὅ(
1966 3071 2201 3133 aberret
2224 3110 2239 3133 ‚
2269 3088 2403 3150 pro-

257 3157 364 3224 bat
409 3159 656 3227 humilis
684 3211 698 3233 ‚
744 3172 947 3223 Servus
984 3170 1268 3223 Servorum
1301 3166 1410 3220 Dei
1452 3157 1860 3226 antonomasia
1888 3197 1907 3221 ,
1950 3178 2140 3244 quam
2185 3153 2399 3216 assum-

252 3264 367 3329 pto
399 3255 635 3315 nomini
667 3298 682 3321 ‚
728 3257 792 3316 &
825 3249 1003 3315 titulo
1039 3252 1316 3335 Episcopi
1343 3289 1358 3313 ‚
1403 3252 1467 3311 in
1496 3246 1692 3311 Bullis
1725 3248 1991 3330 apponit
2023 3291 2034 3303 .
2077 3243 2222 3307 Jure
2257 3242 2395 3323 qui-

255 3333 395 3398 dem
444 3342 535 3400 uti
581 3336 767 3422 posset
810 3335 1144 3420 magnificis
1183 3336 1371 3398 titulis
1399 3378 1417 3402 ‚
1459 3356 1535 3396 ex
1574 3337 1800 3397 ratione
1835 3332 1949 3394 suae
1984 3332 2023 3391 a
2057 3330 2193 3392 Deo
2223 3344 2390 3387 acce·-

251 3435 365 3499 ptae
395 3424 697 3508 potestatis
729 3423 835 3489 fibi
861 3442 1312 3507 competentes,
1337 3420 1525 3507 seligit
1557 3418 1772 3484 tamen'
1799 3422 1960 3475 Servi
1990 3415 2273 3478 titulum»
2319 3427 2391 3474 ut

252 3512 597 3594 exemplum
639 3510 867 3574 Christi
900 3556 914 3581 ‚
957 3510 1060 3596 qui
1089 3510 1445 3574 humiliavit
1468 3555 1482 3578 ‚
1515 3512 1578 3570 &
1613 3505 1950 3569 exinanivit
1993 3500 2048 3561 se
2091 3495 2389 3593 formam,

251 3596 414 3649 Servi
443 3601 744 3681 accipiens
777 3645 791 3668 ,
833 3598 1130 3660 imitetur.
1168 3597 1307 3660 Nec
1337 3593 1673 3678 simpliciter
1704 3598 1932 3650 Servum
1962 3590 2071 3646 Dei
2106 3579 2388 3647 Pontifex

249 3677 307 3740 se
344 3691 661 3766 nuncupat
689 3728 704 3751 ,
752 3685 852 3746 sed
888 3686 966 3746 ad
999 3687 1195 3764 majus
1229 3680 1591 3744 humilitatis
1626 3692 2097 3763 argumentum,
2138 3677 2390 3730 Servum..-

254 3771 536 3824 Servorum
582 3772 690 3825 Dei
725 3788 1007 3833 notanter
1036 3775 1092 3834 se
1129 3770 1282 3833 dicit
1311 3814 1326 3839 ,
1373 3769 1439 3831 id
1472 3765 1553 3829 est
1580 3812 1595 3837 ,
1641 3772 1898 3831 Servum
1939 3757 2386 3906 Apossolorum

2148 3860 2261 3905 etri
2284 3888 2298 3914 ,
