2658 4244
930 204 1091 294 Sub
1151 206 1467 294 ‘Urbano
1535 205 1753 294 VIII.
2243 233 2340 309 85-

274 316 366 361 vice
386 314 577 364 duntaxat
592 320 819 378 specialiter
836 347 849 371 ‚
880 320 917 360 &
936 321 1120 376 expresse
1141 322 1317 378 deroga-
1376 321 1444 364 seu
1472 323 1741 364 Procuratore
1760 323 2026 369 Generalibus
2042 354 2055 377 2
2073 329 2120 372 ad
2148 331 2187 373 id
2211 333 2427 374 auetorita-

277 386 362 419 mus
374 404 388 427 ‚
402 377 632 437 ceterisque
645 380 855 423 contrariis
869 377 1170 436 quibuscunque
1185 409 1195 421 .
1233 385 1315 424 Da·
1375 391 1460 422 tem
1475 379 1729 431 habentibus,
1747 381 1910 423 licentia
1922 411 1935 434 ,
1952 386 2116 431 mittere
2136 391 2426 445 quoquomodo

276 445 362 477 tum
378 434 517 478 Romae
528 438 631 494 apud
644 440 824 482 Sanctam
836 438 1011 481 Mariam
1026 439 1229 494 Majorem
1246 440 1314 484 sub
1372 438 1577 488 audeant,
1593 439 1660 480 seu
1674 439 1930 496 presumant,
1957 441 2023 485 sub
2041 450 2428 491 excommunicatio*-

278 493 445 537 Annulo
459 494 664 541 Piscatoris
678 497 754 539 Die
769 510 890 541 xxv!
903 526 914 537 .
925 496 1093 553 Augusti
1104 500 1310 543 mocxxxi.

279 548 541 598 pontificatus
552 554 687 601 Nostri
702 558 821 599 Anno
833 558 957 600 Nono

828 676 886 718 M.
902 675 952 715 A.
970 660 1199 717 Maraldus.

340 787 580 842 Autograph.
600 787 643 831 in
658 790 775 833 Arch.
791 793 931 833 Secret.
947 793 1202 851 Erro-Apost.
1220 797 1314 851 Reg.

391 845 521 900 mensis
541 848 708 903 Augusti
721 877 735 899 ‚
764 852 872 891 Anni
896 850 1012 906 1631.
1027 849 1106 908 fol.
1122 854 1192 895 62.
1218 854 1314 899 dm,

391 913 464 959 quo
483 909 603 947 Breve
605 907 832 965 formatum
844 914 888 950 t‘n
914 908 1088 955 Archivo
1104 925 1198 967 gen.
1216 915 1310 955 Ord-

394 965 498 1005 Tom.
518 966 571 1007 H.
588 979 692 1008 nam.
713 968 781 1023 83.

276 1199 834 1271 Fratribus,cujuscunque
846 1202 930 1253 sint
943 1206 1195 1255 Provinciae
1202 1211 1320 1265 (Ro-

305 1269 443 1319 manzi
455 1274 675 1339 excepta)
703 1273 923 1323 accessum
940 1275 998 1324 ad
1017 1277 1189 1323 almam
1219 1278 1315 1331 Ur-

308 1339 410 1390 bem
425 1376 441 1398 ,
472 1340 639 1408 absque
657 1345 839 1392 licentia
859 1378 876 1400 ,
903 1347 974 1393 vel
1004 1343 1060 1391 ab
1084 1346 1311 1394 Eminenr.

309 1410 573 1460 Proteflore
591 1446 607 1468 ,
641 1413 716 1462 vel
742 1412 766 1460 aA
792 1416 880 1463 ΡΡ.
900 1412 1112 1463 Ministro
1132 1449 1146 1471 ,
1178 1417 1313 1464 Vica-

308 1481 377 1528 rio
398 1516 415 1538 ,
453 1478 528 1529 seu
562 1484 861 1530 Procuratore
890 1483 1190 1532 Generalibus
1223 1486 1308 1535 in„

305 1547 388 1598 scri
392 1552 481 1618 ptis
497 1550 649 1601 habita
665 1586 683 1610 ,
711 1552 921 1620 prohibet
938 1590 951 1601 .

340 1704 761 1758 URBANUS
817 1707 1034 1756 PAPA
1087 1709 1240 1758 VIII.

476 1830 543 1875 Ad
550 1828 746 1890 futuram
766 1836 829 1875 rei
855 1837 1077 1878 memoriam
1090 1864 1103 1876 .

343 1963 381 2004 Ν
400 1958 554 2014 specula
582 1959 796 2003 Militantis
811 1963 999 2006 Eccieiiae
1016 1994 1030 2015 ‚
1057 1964 1181 2008 nullis
1208 1964 1308 2008 licet

360 2018 514 2061 Nostris
532 2015 832 2075 suffragantibus
851 2023 1008 2065 meritis
1021 2054 1037 2075 ,
1066 2022 1202 2067 divina
1220 2039 1311 2078 pro-

270 2076 452 2120 videntia
471 2077 701 2130 constituti,
728 2078 779 2120 ad
807 2095 854 2124 ea
872 2082 1114 2137 potiffimum
1141 2083 1312 2138 vigilan-

269 2136 332 2178 tiae
350 2137 502 2180 Nossrae
521 2135 692 2181 studium
719 2139 968 2182 intendimus
983 2168 997 2192 ,
1026 2155 1098 2195 per
1123 2155 1208 2198 quae
1228 2143 1312 2184 Re-

271 2194 398 2250 ligiofi
421 2193 510 2236 Viri
527 2223 541 2246 ‚
556 2198 624 2247 qui
638 2196 779 2251 spretis
798 2196 910 2254 hujus
929 2199 1050 2241 saecuii
1069 2200 1312 2242 vanitatibus

268 2253 395 2296 divini
411 2254 597 2295 Numinis
610 2254 807 2312 obsequiis
835 2257 914 2301 sese
936 2257 1212 2314 manciparunt
1229 2287 1243 2308 ,
1273 2258 1313 2300 in

268 2313 331 2354 via
340 2312 499 2355 Domini
514 2314 703 2369 prospere
714 2316 923 2371 diriguntu
931 2319 1005 2368 ηδε
1021 2319 1309 2372 gubernantur.

266 2372 375 2413 Hinc
389 2371 446 2413 est
468 2399 482 2423 ‚
509 2373 617 2426 quod
635 2376 721 2416 Nos
736 2371 848 2417 felici
878 2376 1119 2419 dilectorum
1137 2371 1309 2417 filiorum

267 2431 456 2474 Fratrum
487 2430 656 2473 Ordinis
690 2432 893 2475 Minoruni
935 2435 1066 2477 Sancti
1109 2431 1311 2477 Francisci

265 2489 565 2543 Capucinorum
589 2503 912 2547 nuncupatorum
939 2493 1053 2535 statui
1067 2520 1083 2542 .‚
1103 2493 1145 2534 δε
1158 2492 1309 2547 guber-

268 2547 335 2587 nio
349 2574 363 2597 ,
391 2546 581 2601 quantum
607 2561 701 2589 cum
727 2551 902 2591 Domino
917 2548 1110 2604 possumus
1126 2577 1141 2600 ‚
1160 2545 1307 2590 consu—

267 2605 359 2646 lere
390 2603 576 2645 volentes
598 2632 614 2656 ‚
644 2609 761 2648 Motu
788 2609 956 2662 proprio
977 2638 991 2658 ,
1020 2609 1062 2650 &
1085 2621 1136 2651 ex
1159 2616 1306 2649 certa.)

266 2661 456 2712 scientia,
471 2676 517 2704 ac
531 2673 687 2707 matura
703 2664 1000 2709 deliberatione
1016 2666 1169 2709 Nostris
1180 2693 1196 2716 2
1207 2666 1307 2706 Om-

263 2722 409 2771 nibus,
437 2723 475 2761 &
500 2720 661 2776 tinguiis
688 2723 865 2780 ejusdem
892 2725 1058 2767 Ordinis
1085 2724 1305 2767 Provinciis

262 2778 472 2837 (excepta
486 2779 701 2837 Romana)
727 2782 965 2838 illarumque
982 2782 1267 2836 Superioribus
1289 2810 1305 2835 ‚

259 2852 505 2895 quocunque
520 2838 681 2881 nornine
695 2843 1005 2896 nuncupatis,ne
1020 2842 1212 2897 deinceps
1225 2840 1305 2883 aii-

259 2910 381 2952 quem
397 2924 411 2947 ,
433 2897 498 2940 vel
513 2897 668 2952 aliquos
682 2900 776 2943 dieti
791 2900 959 2943 Ordinis
977 2900 1205 2955 Religiosos
1220 2911 1303 2942 tam

261 2956 430 3012 propriae
445 2970 586 2998 eorum
601 2987 616 3006 ,
641 2959 718 3011 quit
727 2974 761 3000 m
773 2960 1003 3014 quatumvis
1016 2959 1184 3003 aliarum
1204 2962 1303 3002 Pro-

261 3015 483 3057 vinciarum
510 3011 762 3069 hujusmodi,
778 3018 917 3072 quovis
933 3028 1124 3073 praetextu
1142 3048 1156 3068 ,
1184 3030 1302 3060 occa-

260 3072 394 3122 sione,
421 3073 486 3115 vei
502 3076 615 3116 causa
631 3103 646 3127 ‚
675 3077 796 3117 etiam
811 3080 1067 3131 quantumvis
1091 3076 1300 3132 legitima,

257 3127 299 3174 St
314 3133 333 3173 a
351 3144 592 3188 quocunque
607 3134 805 3190 capitulo
822 3135 1072 3179 Provinciali
1092 3164 1106 3185 ,
1122 3135 1187 3177 vel
1202 3150 1303 3190 quo-

261 3191 318 3231 vis
331 3191 412 3234 aiio
429 3191 649 3245 Superiore
665 3221 681 3243 ,
704 3195 925 3250 approbata
939 3222 954 3246 ‚
966 3194 1017 3238 ad
1035 3194 1200 3238 Almam
1225 3195 1304 3235 Ur-

258 3250 351 3293 bem
379 3250 591 3302 Nostram,
621 3250 689 3292 nisi
710 3251 879 3297 obtenta
903 3255 1012 3308 ptius
1038 3253 1076 3294 in
1109 3250 1303 3308 scriptis&

258 3323 335 3363 pro
348 3319 535 3364 tempore
551 3309 810 3354 existentibus
823 3311 1002 3368 ejusdem
1016 3311 1181 3354 Ordinis
1198 3315 1257 3354 Ca
1265 3325 1302 3352 r.-

261 3366 401 3410 dinale
414 3369 651 3412 Protectore
664 3397 680 3420 ,
703 3371 768 3412 seu
788 3369 970 3415 Ministro
987 3399 1002 3423 ‚
1024 3380 1091 3413 aut
1108 3370 1274 3413 Vicario
1286 3398 1302 3424 ,

971 3477 1038 3542 N
1181 3476 1247 3540 O

1369 497 1434 540 nis
1452 495 1609 553 majoris
1623 497 1710 539 iatae
1727 498 1953 550 tententiae,
1967 510 2044 544 tam
2060 506 2189 558 quoad
2210 507 2305 561 ipsas
2319 509 2421 548 Pro-

1377 556 1548 605 vincias,
1563 570 1782 610 earumque
1798 559 2036 611 Superiores
2050 561 2254 606 mittentes
2269 594 2283 616 ,
2297 568 2418 621 quam

1375 614 1505 671 quoad
1523 615 1748 669 Religiosos
1765 643 1779 666 ,
1796 618 1942 674 abfilue
1972 618 2194 673 hujusmodi
2223 624 2420 666 licentia„

1377 672 1618 729 accedentes
1633 702 1645 723 ‚
1674 688 1720 718 ac
1734 676 1856 717 etiam
1870 706 1885 726 ,
1911 676 2045 730 quoad
2062 676 2159 731 ipsos
2194 679 2419 738 Religiosos

1375 731 1612 788 privationis
1639 735 1751 775 vocis
1774 734 1905 776 astivae
1922 762 1935 783 ,
1963 736 2162 789 &passivae
2187 753 2261 794 per
2289 742 2419 783 trien-

1378 790 1487 834 nium
1500 819 1515 842 ‚
1540 791 1580 832 ec
1597 793 1904 848 mancipationis
1932 795 2164 837 carceribus
2181 812 2254 852 per
2270 812 2418 841 annum

1372 864 1447 906 per
1460 848 1804 894 contrafacientes
1820 852 2073 894 incurrendis
2087 856 2236 908 poenis,
2249 857 2418 911 Aposto-

1373 910 1449 952 lica
1465 909 1721 953 Aunoritate
1736 920 1908 962 ,tenore
1922 911 2177 966 praesentium
2203 915 2419 954 interdici-

1369 981 1475 1018 mus,
1489 969 1800 1022 &prohibemus
1813 998 1825 1009 .
1850 973 1941 1011 Non
1954 969 2200 1013 obstantibus
2214 971 2415 1025 quibusvis

1373 1028 1561 1069 Decretis
1583 1041 1655 1081 per
1669 1027 1739 1070 fel.
1756 1042 1838 1070 rec.
1858 1028 2118 1070 Ciementem
2136 1030 2256 1071 Vm.
2273 1030 2382 1071 factis
2396 1059 2412 1079 ,

1370 1086 1410 1125 &
1429 1099 1503 1140 per
1520 1087 1687 1129 Paulum
1704 1089 1755 1128 V.
1770 1089 1809 1128 &
1827 1087 2076 1142 Gregorium
2095 1089 2187 1130 XV.
2203 1089 2411 1130 Romanos

1376 1142 1593 1186 Pontifices
1617 1144 1931 1187 Praedecessores
1948 1146 2115 1188 Nostros
2132 1175 2145 1198 ,
2172 1161 2219 1188 ac
2238 1161 2313 1202 per
2329 1151 2413 1189 Nos

1378 1203 1609 1257 approbatis
1627 1232 1640 1253 ,
1666 1206 1706 1245 &
1719 1203 1963 1247 confirmatis
1977 1232 1993 1255 ‚
2019 1218 2175 1247 necnon
2191 1206 2278 1248 aliis
2299 1209 2415 1248 Con-

1377 1261 1645 1304 stitutionibus
1671 1291 1683 1312 ‚
1716 1264 1754 1303 8t
1781 1262 2119 1304 Ordinationibus
2147 1263 2412 1319 Apostoiicis,

1373 1332 1419 1360 ac
1434 1318 1531 1359 dieti
1544 1321 1708 1361 Ordinis
1723 1320 1845 1362 etiam
1861 1320 2087 1372 iuramento
2099 1351 2115 1372 .,
2139 1322 2412 1365 confirmatio-

1374 1391 1427 1418 ne
1446 1377 1680 1431 Apostoiica
1693 1408 1708 1428 2
1740 1378 1806 1420 ve}
1818 1378 1958 1434 quavis
1985 1378 2180 1421 firmitate
2194 1382 2271 1423 alia
2287 1382 2414 1421 robo-

1374 1435 1471 1476 ratis
1500 1434 1683 1486 statutis,
1709 1437 1746 1477 &
1773 1436 2157 1488 consuetudinibus,
2186 1439 2411 1493 privilegiis

1365 1505 1529 1549 quoque
1543 1521 1557 1543 ‚
1580 1493 1745 1535 induitis
1766 1521 1779 1543 2
1791 1495 1972 1536 &literis
1987 1495 2244 1549 Apostolicss,
2259 1498 2412 1539 eisdem

1368 1551 1593 1595 Provinciis
1608 1581 1622 1604 ‚
1645 1553 1888 1608 illarumque
1905 1554 2189 1609 Superioribus
2204 1583 2218 1606 ,
2240 1554 2306 1598 sub
2320 1556 2410 1611 qui-

1369 1609 1600 1665 buscunque
1628 1623 1802 1660 tenore,
1826 1614 1866 1654 δι
1882 1610 2018 1656 formis
2038 1641 2050 1663 ,
2073 1628 2120 1657 ac
2144 1627 2232 1654 cum
2250 1614 2412 1669 quibus-

1370 1670 1430 1710 vis
1448 1669 1634 1712 ciausuiis
1657 1697 1671 1720 ‚
1696 1672 1737 1713 δι
1758 1671 1950 1713 Decretis
1969 1671 2009 1712 in
2036 1673 2285 1714 contrarium
2312 1688 2409 1727 prae—

1370 1725 1573 1769 missorum
1604 1727 1913 1785 quomodolibet
1942 1729 2132 1771 conceffis
2151 1757 2165 1780 ,
2195 1729 2411 1786 confirma-

1372 1787 1425 1827 tis
1440 1815 1454 1837 ‚
1480 1787 1736 1829 &innovatis
1754 1816 1764 1826 .
1793 1787 1950 1846 Qibus
1970 1788 2156 1830 omnibus
2177 1816 2190 1839 ,
2217 1790 2257 1830 δε
2279 1787 2409 1845 fingu-

1370 1845 1435 1896 lis,
1450 1845 1601 1886 etiamsi
1619 1846 1672 1888 de
1689 1846 1767 1887 iilis
1786 1844 1983 1900 specialis,
1992 1845 2231 1902 specifica‚&
2244 1847 2411 1903 expres?-

1368 1901 1405 1945 sa
1421 1933 1436 1954 ,
1462 1905 1498 1945 &
1522 1903 1746 1954 individua,
1761 1918 1805 1946 ac
1822 1904 1875 1945 de
1895 1904 2021 1946 verbo
2037 1905 2086 1946 ad
2107 1907 2274 1947 verbum
2288 1934 2303 1956 ‚
2330 1921 2409 1948 non

1368 1974 1606 2017 autem,per
1620 1961 1815 2005 clausuias
1831 1962 2044 2016 generales
2061 1962 2167 2005 idem
2182 1964 2406 2018 importan-

1371 2034 1428 2064 tes
1444 2051 1457 2071 ,
1470 2022 1644 2071 mentio,
1658 2023 1722 2063 seu
1736 2021 1883 2077 quaevis
1900 2021 1976 2062 alia
1990 2022 2186 2075 expressio
2202 2023 2408 2079 habenda,

1372 2090 1440 2122 aut
1456 2079 1584 2136 aliqua
1601 2079 1678 2123 alia
1700 2081 1894 2136 exquisita
1911 2077 2038 2121 forma
2053 2080 2103 2121 ad
2122 2081 2198 2122 hoc
2216 2080 2270 2122 ser
2282 2081 2408 2122 vanda

1370 2138 1478 2181 soret
1503 2169 1519 2189 ,
1549 2138 1712 2181 iliorum
1735 2139 1914 2180 omnium
1948 2149 2111 2180 tenores
2138 2138 2407 2192 praesentibus

1372 2212 1447 2252 pro
1470 2196 1618 2252 piene,
1639 2200 1678 2240 &
1699 2196 1944 2240 sufficienter
1968 2197 2156 2252 expreffis
2182 2198 2376 2240 habentes
2392 2226 2406 2248 ‚

1373 2257 1454 2299 iilis
1469 2255 1566 2298 aiios
1583 2257 1619 2297 in
1637 2256 1704 2298 suo
1718 2257 1866 2298 robore
1893 2255 2185 2309 permansuris,
2216 2258 2291 2299 hac
2316 2258 2407 2298 vice

1369 2315 1568 2359 duntaxat
1586 2314 1819 2376 speciaiiter
1833 2343 1847 2364 ,
1872 2316 1908 2356 8<
1927 2315 2114 2370 expresse
2133 2315 2377 2370 derogamus
2391 2343 2407 2365 ‚

1368 2375 1603 2430 caeter'rstlue
1623 2374 1832 2416 contrariis
1851 2373 2152 2429 quibuscunque
2165 2404 2175 2414 .
2205 2374 2404 2416 Volumus

1369 2443 1507 2475 autem
1524 2460 1538 2480 .,
1565 2432 1676 2487 quod
1694 2432 1946 2487 praesentium
1973 2431 2230 2485 transumptis
2245 2459 2260 2482 ,
2281 2432 2404 2473 etiam

1367 2488 1586 2545 impressis‚
1601 2503 1719 2533 manu
1734 2488 1900 2532 Ministri
1916 2516 1930 2538 ‚
1946 2488 2010 2529 seu
2030 2490 2197 2539 Vicarii,
2220 2500 2287 2532 aut
2306 2493 2404 2532 Pro-

1365 2547 1566 2590 curatoris
1581 2547 1795 2590 Generalis
1815 2546 1987 2601 praediffi
2002 2544 2234 2603 subscriptis
2250 2577 2264 2599 ‚
2285 2550 2326 2589 &
2340 2548 2404 2590 Si·

1364 2606 1470 2663 gillo
1481 2604 1578 2647 dieti
1591 2605 1757 2650 Ordinis
1778 2603 2110 2655 munitis,eadem
2129 2605 2287 2659 prorsus
2304 2604 2404 2648 fides

1365 2665 1635 2716 adhibeatur,
1658 2678 1744 2721 quae
1771 2663 1921 2706 eisdem
1947 2663 2205 2721 praesentibus
2234 2665 2407 2706 adhibe-

1367 2735 1487 2766 retur
1499 2753 1514 2774 ,
1530 2725 1557 2764 ss
1575 2721 1708 2765 forent
1724 2722 1911 2764 exhibitae
1926 2750 1939 2772 ‚
1968 2721 2031 2763 vel
2045 2720 2206 2764 ostenfae
2221 2752 2233 2763 .
2254 2725 2404 2779 Datum

1364 2784 1504 2827 Romae
1539 2780 1646 2834 apud
1675 2783 1860 2823 Sanctam
1892 2781 2079 2823 Mariam*
2099 2781 2301 2836 Maiorem
2331 2781 2404 2823 sub

1362 2839 1528 2883 Annulo
1550 2837 1763 2882 piscatoris
1777 2837 1846 2880 die
1859 2853 1908 2882 xz
1923 2853 1936 2881 1
1953 2853 1985 2880 ι.
2002 2841 2113 2894 Sept.
2131 2855 2265 2884 Mrnc.
2280 2854 2401 2883 xxxi.

1361 2896 1621 2945 [Pontificatus
1638 2898 1773 2943 Nostri
1796 2901 1914 2943 Anno
1933 2902 2055 2941 Nono
2068 2926 2081 2939 .

1890 3018 1952 3062 M.
1975 3020 2026 3062 A.
2047 3014 2257 3061 Maraldus
2268 3045 2282 3057 .

1418 3133 1664 3190 Autograph.
1697 3137 1740 3175 in
1776 3101 1896 3176 Arca
1937 3136 2085 3176 secret.
2123 3136 2236 3176 Brev.
2265 3131 2395 3189 Apost.

1475 3198 1570 3250 Reg.
1589 3193 1718 3249 Mens:
1730 3197 1895 3248 Septem.
1913 3194 1981 3248 163
1999 3190 2115 3248 ¹·fl'l·
2139 3203 2238 3243 457.
2261 3192 2397 3248 dequo

1478 3256 1607 3308 Breve·
1610 3248 1773 3307 format.
1787 3255 1831 3294 in
1846 3251 1967 3297 Arch.
1980 3255 2081 3294 Gen.
2096 3250 2191 3292 Ord.
2219 3252 2320 3293 Tom-
2340 3254 2393 3300 H,

1474 3325 1582 3354 num.
1598 3310 1667 3361 85.

1375 3480 1670 3543 TA.

364 3577 548 3614 Decretum
564 3579 626 3617 sub
639 3581 820 3619 Clemente
841 3583 945 3620 Vffl,
963 3591 1157 3619 emanatum
1170 3605 1183 3625 ‚
1205 3580 1239 3616 &
1251 3580 1288 3616 in
1299 3580 1362 3617 hac
1373 3580 1628 3620 Constitutione
1648 3588 1872 3615 memoratum
1886 3577 1951 3613 fuit
1969 3577 2096 3615 tenoris
2107 3602 2121 3622 ‚
2142 3578 2184 3615 itt
2208 3579 2357 3627 sequitur
2369 3607 2380 3618 .

263 3640 357 3728 N
371 3642 464 3679 vllos
478 3643 615 3683 Fratres
629 3646 770 3684 Romam
782 3651 902 3685 venire
914 3651 1116 3698 Superiores
1126 3650 1333 3697 permittant
1348 3660 1360 3692 ‚·
1381 3647 1444 3697 nist
1464 3649 1563 3695 prius
1577 3650 1598 3683 ἂ
1611 3644 1778 3685 Generali
1789 3643 1984 3700 duntaxa-t,
1993 3641 2171 3701 licentiam
2184 3645 2224 3679 in
2234 3645 2388 3701 Scriptis

383 3693 646 3741 impetraverint
658 3721 668 3731 .
694 3697 721 3733 S
723 3697 736 3731 ἰ
750 3699 827 3744 quis
841 3708 954 3734 autem
958 3699 1029 3748 fine
1044 3697 1233 3747 hujusmodi
1243 3696 1414 3746 facultate
1427 3695 1569 3732 Romam
1584 3697 1705 3732 venire
1718 3692 1962 3740 prafumpsertt
1975 3717 1990 3734 ³
2013 3703 2092 3749 ¹110.ae
2105 3692 2243 3751 θδῗῑνᾶ)
2255 3693 2299 3735 &⁴
2311 3696 2389 3741 Pas·-

253 3739 332 3790 fiva
346 3741 482 3777 biennio
495 3742 656 3789 privatus
673 3744 791 3795 existat
803 3771 816 3789 ,
828 3746 1013 3793 subiturus
1036 3746 1123 3782 alias
1138 3747 1316 3785 arbitratu
1330 3747 1555 3793 superiorum
1576 3754 1692 3793 poenas
1706 3741 1913 3791 3nfligendar
1927 3753 1940 3780 ;
1965 3753 2032 3791 ‘lui'
2043 3749 2126 3778 ‘tem
2137 3753 2251 3779 “mm‘'
2263 3741 2388 3779 adver·

263 3788 320 3824 εἳις
334 3801 388 3826 eos
399 3815 414 3837 ‚
432 3790 713 3839 quisupradiflos
725 3794 928 3843 admiserint
941 3819 955 3841 ‚
974 3797 1018 3838 <79⁶
1030 3797 1222 3844 receperint
1234 3819 1248 3842 ‚
1267 3795 1339 3845 stne
1351 3794 1423 3834 ulla
1435 3795 1627 3846 exceptione
1639 3791 1746 3829 locum
1758 3790 1907 3828 habeant
1917 3815 1928 3826 ·

2240 3838 2339 3875 Cum
