2658 4244
921 228 1091 324 §Sub
1150 229 1529 318 Clemente
1588 226 1767 318 XII.

281 354 412 415 (licet
427 353 661 412 immeritis)
678 366 770 404 cura
783 346 979 393 commissa
994 346 1166 390 sollicita
1182 375 1196 398 ‚
1211 352 1295 390 Nos

277 414 407 473 p'ulsat
419 414 580 471 justitia,
592 426 762 470 cumque
780 438 794 462 ‚
807 413 992 464 interque
1009 405 1187 471 undique
1202 421 1296 448 con-

275 475 406 518 fluunt
419 474 582 529 negotia
595 503 611 524 ,
637 472 830 530 quibusve
844 467 988 511 Noster
1003 463 1190 507 redditur
1208 465 1296 507 ani-

277 531 596 587 mus,multiplici
614 532 807 582 varietate
817 523 1089 575 distraetus‚ad
1106 524 1299 578 provisio-

276 603 367 633 nem
383 589 650 634 Ecclefiarum
666 585 930 646 quarumlibet
941 611 955 635 ,
988 580 1209 638 praesertim
1222 586 1299 626 Pa·-

277 648 554 691 triarchalium
573 677 590 699 ,
618 661 704 702 quae
730 645 946 690 vacationis
960 639 1212 684 incommoda
1225 643 1299 684 de-

276 705 441 763 plorare
467 705 712 758 noscuntur,
741 701 913 748 sollicite
938 698 1218 751 intendamus,
1251 710 1298 744 ut

275 765 362 815 eis,
391 778 485 807 cum
499 764 730 808 vacaverint
743 792 758 815 ,
789 775 862 818 per
877 758 1049 803 nostram
1074 759 1298 803 Providem

275 824 380 866 tiam·
405 823 758 879 circumspeeftam,
788 820 972 862 Pastores
999 816 1192 862 accedant
1209 818 1299 861 ido-

270 880 367 930 nei,
384 881 621 923 &Ministri
645 879 802 935 providi
829 878 1107 934 deputentur,
1137 876 1204 932 qui
1220 879 1300 919 Ec-

272 939 408 982 elesius
421 937 519 993 ipsas
534 953 611 981 non
628 937 756 980 solum
769 937 995 993 gubernent
1008 934 1165 977 utiliter
1182 964 1198 987 ‚
1229 933 1295 979 sed

268 997 393 1039 etiam
407 997 664 1040 multimodis
684 995 853 1039 efferant
873 994 1134 1037 incrementis
1147 1023 1160 1037 .
1191 993 1296 1036 Sane

268 1055 534 1097 Patriarchal.
568 1053 745 1097 Ecclesia
766 1053 1065 1104 venetiarum,
1094 1052 1156 1095 cui
1186 1052 1297 1094 bonae

268 1112 469 1156 memoriae
494 1115 658 1155 Marcu-s
674 1111 929 1155 Gradenicus
946 1140 960 1163 ‚
991 1111 1157 1153 ultimus
1182 1110 1297 1154 illius

267 1171 498 1213 Patriarcha
526 1201 540 1221 ‚
571 1170 671 1213 dum
695 1171 853 1214 viveret
880 1200 895 1221 ,
927 1169 1160 1226 praesidebat
1181 1196 1195 1219 ‚
1228 1183 1299 1226 per

271 1229 430 1271 obitum
443 1229 539 1271 disti
554 1230 681 1272 Marci
701 1230 939 1272 Patriarchae
952 1258 967 1279 ,
999 1232 1064 1285 qui
1080 1238 1194 1273 extra
1212 1231 1296 1272 Ro-

269 1301 430 1330 manam
443 1287 611 1330 Curiam
626 1288 811 1332 debitum
822 1299 972 1330 naturae
982 1286 1170 1343 persolvit
1186 1312 1197 1336 ,
1223 1290 1298 1329 Pa·-

270 1346 384 1387 ssoris
414 1344 559 1387 solatio
580 1345 794 1399 destituta3
812 1349 897 1389 Nos
926 1347 1134 1388 vacatione
1163 1345 1297 1401 hujus-

269 1402 379 1445 modi
396 1402 476 1445 fide
492 1401 619 1458 dignis
630 1404 896 1447 relationibus
910 1404 1186 1455 intelvleflnad
1203 1418 1299 1458 pro-

269 1459 460 1504 vifionem
488 1460 665 1516 ejusdem
696 1462 881 1505 Ecclefiae
909 1463 1175 1504 venetiarum
1189 1461 1299 1503 cele-

266 1533 358 1561 rem
373 1521 411 1561 δι
428 1516 588 1560 felicem
603 1549 618 1569 ,
645 1521 776 1563 neilla
791 1520 916 1574 longae
934 1520 1149 1561 vacationis
1178 1532 1301 1573 expo-

265 1587 384 1621 natur
398 1578 659 1619 incommodis
675 1605 688 1627 ,
703 1578 885 1619 Paternis
899 1576 1136 1619 &sollicitis
1163 1575 1298 1618 studiis

263 1633 528 1676 intendentes
547 1665 562 1684 ‚
595 1635 677 1689 post
702 1636 1043 1678 deliberat-ionem
1059 1661 1074 1683 ,
1102 1647 1218 1687 quam
1246 1632 1299 1674 de

266 1690 526 1749 praeficiendo
539 1691 673 1733 eidem
692 1691 874 1733 Ecclesiae
903 1691 1177 1732 Venetiarum·
1202 1693 1302 1732 Per...

268 1751 403 1792 sonam
416 1747 556 1789 utilem
571 1775 584 1797 ,
614 1762 660 1790 ac
675 1750 796 1790 etiam
814 1746 1081 1799 frufiluosam,
1113 1750 1302 1790 cum-Ve-

268 1804 512 1851 nerabilibus
539 1807 746 1848 Fratribus
780 1807 931 1848 Nostris
963 1810 1003 1848 S.
1024 1808 1140 1848 ΚΕ.
1157 1806 1300 1848 Cardi.

266 1865 425 1907 nalibus
456 1865 663 1907 habuimus
685 1864 959 1918 diligentem>
985 1864 1146 1906 demum
1164 1864 1212 1907 ad
1239 1866 1300 1907 Te-

268 1922 322 1964 de
343 1922 529 1976 legitimo
547 1923 809 1965 Matrimonio
826 1953 841 1973 ,
871 1925 909 1964 &
929 1923 1155 1965 Catholicis
1171 1923 1300 1965 Nobi-

265 1981 372 2024 l-'rbus
405 1979 640 2022 Parentibus
670 1981 710 2023 in
741 1981 922 2023 Civitate
945 1982 1208 2026 venetiarum
1233 1995 1300 2023 or-

263 2048 353 2081 tum
368 2065 382 2087 ‚
409 2037 446 2077 in
462 2037 789 2094 quinquagesimo
805 2042 926 2084 Nono
949 2049 1021 2079 tuae
1037 2042 1164 2081 aetatis
1181 2068 1196 2091 ,
1225 2042 1262 2081 &
1277 2039 1297 2080 εὶ

266 2095 446 2150 pluribus
475 2097 585 2138 annis
609 2098 647 2138 in
677 2099 800 2139 Sacro
819 2096 1124 2150 Presbyterattis
1141 2098 1297 2140 Ordine

265 2154 527 2196 constitutum
555 2183 569 2206 ‚
617 2155 682 2211 qui
713 2155 914 2198 Ordinem
936 2158 1125 2199 Fratrum
1169 2156 1295 2199 Sancti

265 2212 464 2256 Francisci
483 2214 784 2267 Capucinorum
801 2225 1117 2268 nuncupatorum
1145 2215 1298 2270 ample-

266 2283 364 2321 xus,
396 2273 435 2312 δι
449 2269 644 2325 professus
661 2299 675 2322 ‚
704 2273 743 2312 &
759 2286 876 2328 quem
898 2272 1038 2315 Dileeti
1063 2274 1148 2316 Filii
1163 2304 1180 2324 ,
1211 2277 1299 2315 No·-

262 2330 366 2372 biles
397 2330 512 2379 Viri,
546 2332 669 2380 Dux,
701 2332 740 2372 &
767 2331 1000 2373 Dominium
1029 2333 1297 2374 Venetiarum

263 2387 404 2441 vigore
431 2388 640 2443 Privilegii
672 2389 928 2444 Apostolici,
954 2391 1016 2430 cui
1051 2404 1128 2432 non
1155 2391 1207 2433 est
1225 2389 1295 2432 iit-2

265 2445 400 2501 aliquo
415 2446 606 2488 hastenus
620 2447 862 2502 derogatum
878 2475 892 2498 ,
924 2449 1117 2491 Nobisad
1135 2450 1207 2490 hoc
1223 2461 1296 2501 per

266 2501 354 2544 suas
379 2502 519 2544 literas
547 2504 835 2558 praesentarunt
866 2533 879 2554 ‚
909 2507 1059 2561 cuique
1078 2506 1179 2561 apud
1208 2508 1296 2547 Nos

263 2559 316 2603 de
331 2560 555 2615 Religionis
572 2562 680 2605 Zelo
693 2592 709 2612 ,
740 2562 965 2605 Nobilitate
985 2565 1144 2619 generis
1161 2591 1175 2614 ‚
1207 2564 1296 2605 vitae

264 2618 464 2661 munditia
486 2646 502 2669 ,
532 2620 739 2662 honestate
764 2634 949 2671 morum,
983 2622 1295 2677 spiritualium-i

261 2676 558 2728 Providentia,
589 2679 630 2721 δε,
660 2678 939 2734 temporalium
971 2681 1292 2735 circumspetstio·

259 2749 312 2777 ne
335 2764 351 2786 ,
365 2735 532 2789 aliisque
547 2737 815 2792 multiplicum
834 2738 1028 2780 virtutum
1042 2739 1158 2781 donis
1174 2739 1291 2795 „qui-

260 2793 335 2835 bus
357 2791 571 2836 Personam
587 2803 713 2845 tuam,
728 2794 886 2837 illarum
903 2795 1066 2852 largitor
1078 2797 1295 2840 Altiffimus

262 2850 467 2906 insignivit
484 2877 498 2900 ‚
530 2849 611 2894 fide
625 2853 743 2909 digna
761 2853 984 2897 testimonia
1009 2858 1293 2911 perhibentur,

260 2909 478 2952 direximus
506 2909 646 2953 oculos
671 2912 824 2956 Nostrae
849 2915 996 2957 mentis
1009 2915 1180 2972 &quibus
1206 2929 1291 2957 om-

972 3060 1046 3126 N
1177 3013 1242 3129 o

2185 265 2330 331 199

1358 349 1470 401 nibus
1485 345 1622 389 debita
1644 343 1912 387 meditatione
1927 346 2098 400 pensatis
2115 375 2128 399 ,
2160 350 2295 392 eidem
2319 353 2399 392 Ec-

1356 407 1481 456 clefiae
1509 405 1776 446 venetiarum
1799 401 1852 443 de
1887 403 2058 447 Persona
2083 418 2149 449 tua
2164 411 2295 449 Nobis
2313 439 2329 460 ‚
2362 411 2400 450 δε

1361 462 1524 506 Eisdem
1557 461 1767 504 Fratribus
1799 459 1953 502 Nostris
1967 464 2018 502 ob
2037 476 2203 508 tuorum
2233 469 2402 522 exigen-

1360 522 1455 566 tiam
1502 522 1743 565 meritorum
1774 529 1942 574 accepta
1972 548 1986 570 ,
2017 520 2071 562 de
2111 526 2297 566 Fratrum
2329 540 2403 567 eo-

1360 580 1546 625 rumdem
1560 579 1726 623 consilio
1740 609 1756 629 ,
1785 577 2015 632 Apostolica
2032 581 2291 624 Auctoritate
2305 598 2404 638 pro-

1359 640 1540 683 videmus
1558 668 1571 690 ,
1605 640 1748 694 Teque
1769 635 1831 678 illi
1859 638 1900 679 in
1927 637 2205 681 Patriarcham
2231 641 2402 695 praefici-

1358 714 1465 751 mus,
1497 701 1535 740 &
1553 697 1787 745 Pastorem,
1821 709 1991 746 curam,
2024 698 2206 751 regimen
2226 725 2238 748 ,
2270 702 2309 740 &
2330 700 2403 741 ad-

1358 757 1647 804 ministratione*
1670 756 1782 812 ipsius
1802 755 1990 796 Ecclefiae
2008 756 2276 799 Venetiarum
2297 759 2394 800 T1bi

1363 820 1401 860 in
1417 815 1748 872 spiritualibus‚&
1762 813 2058 869 temporalibus
2075 816 2398 867 committendo,

1361 877 1399 918 in
1415 876 1512 927 illo,
1544 875 1611 931 qui
1637 874 1706 918 dat
1734 873 1883 930 gratias
1901 901 1918 924 2
1947 872 2181 928 &largitur
2208 876 2395 928 praemia,

1355 933 1641 984 confidentes,
1672 932 1811 990 quod,
1846 928 2049 987 dirigente
2092 933 2267 974 Domino
2293 935 2400 974 aetus

1355 1004 1446 1038 tuos
1461 1022 1480 1044 ,,
1504 991 1667 1049 praefata
1705 990 1885 1034 Ecclesia
1930 988 2198 1032 Venetiarum
2229 989 2296 1031 sub
2328 1000 2405 1031 tuo

1357 1051 1467 1096 felici
1494 1051 1690 1107 regimine
1710 1061 1877 1106 regetur
1906 1049 2067 1091 utiliter
2095 1077 2110 1099 ,
2141 1051 2179 1090 &
2205 1046 2404 1104 prospere

1354 1110 1555 1167 dirigetur
1570 1139 1585 1160 ,
1618 1123 1662 1152 ac
1678 1120 1792 1164 grata
1809 1109 1846 1150 in
1864 1107 2015 1150 eisdem
2035 1106 2309 1162 spiritualibus
2330 1134 2345 1158 9
2361 1108 2402 1148 &

1359 1168 1648 1224 temporalibus
1663 1167 1846 1222 suscipiet
1863 1167 2113 1209 incrementa
2127 1197 2138 1208 .

1408 1232 1555 1286 Jugum
1572 1228 1695 1282 igitur
1715 1225 1877 1268 Domini
1894 1254 1906 1276 ,
1922 1225 1999 1267 tuis
2012 1224 2241 1280 impositum
2258 1225 2402 1266 hume-

1359 1287 1635 1342 ris‚prompta
1648 1285 1867 1332 devotione
1882 1282 2090 1339 suscipiens
2115 1313 2129 1336 ,
2161 1297 2297 1325 curam
2318 1312 2330 1334 ‚
2362 1284 2404 1324 &

1357 1346 1739 1389 administrationem
1779 1341 1981 1397 praesatam
2007 1343 2059 1383 fic
2091 1356 2289 1385 exercere
2310 1343 2402 1394 {stu-

1359 1405 1457 1446 deas
1474 1433 1487 1455 ‚
1519 1403 1691 1447 sollicite
1706 1433 1721 1453 ,
1739 1401 1919 1444 fideliter
1935 1431 1948 1453 ‚
1965 1403 2004 1442 &
2020 1403 2273 1457 prudenter,
2291 1399 2402 1455 quod

1358 1461 1538 1505 Ecclesia
1571 1461 1648 1516 i'psa
1679 1460 1950 1503 venetiarum
1964 1460 2245 1503 Gubernatori
2262 1458 2402 1513 provi-

1360 1519 1444 1568 dn,
1473 1521 1519 1561 δε,
1555 1517 1757 1559 frustuoso
1788 1518 2117 1560 Administratori
2149 1517 2328 1573 gaudeat
2361 1515 2402 1557 se

1359 1574 1782 1631 commiffam‚Tuque,
1792 1585 1936 1630 praeter
1949 1585 2103 1617 aeternae
2117 1575 2402 1616 retributionis

1360 1634 1564 1688 praemium
1578 1663 1593 1683 ‚
1627 1634 1835 1682 Nostram,
1870 1635 1908 1673 δι
1923 1633 2039 1675 Sedis
2054 1633 2298 1688 Apostolicae
2323 1635 2402 1674 Be-

1359 1691 1660 1740 nedistionem,
1690 1690 1910 1744 &gratiam
1937 1690 2086 1732 exinde
2113 1691 2283 1732 uber-ius
2301 1704 2401 1731 con-

1361 1747 1469 1804 sequi
1482 1749 1683 1791 merearis.
1700 1748 2046 1790 Volumusautem
2061 1774 2077 1798 ,
2096 1748 2204 1802 quod
2222 1749 2286 1790 Tu
2303 1746 2399 1790 fidei

1360 1805 1673 1856 Profeffionem,
1692 1805 1801 1863 juxta
1820 1805 1987 1847 sormam
2005 1834 2019 1857 ,
2045 1805 2252 1861 quamsub
2283 1807 2400 1850 Bulla

1362 1866 1501 1908 mostra
1518 1864 1712 1907 mittimus
1728 1864 1987 1906 introclusam
2004 1893 2018 1915 ‚
2050 1865 2089 1905 in
2106 1863 2282 1907 manibus
2314 1868 2399 1907 Ve-

1358 1924 1598 1967 nerabilium
1646 1925 1840 1966 Fratrum.
1867 1923 2109 1965 Nostrorum
2170 1923 2393 1973 Paduam,

1359 1984 1399 2023 ὅ(
1423 1982 1615 2024 Clodien·
1659 1980 1948 2036 Episcoporum
1979 2011 1998 2031 ,
2027 1982 2095 2023 seu
2124 1981 2294 2024 alterius
2325 1996 2400 2023 eo-

1358 2055 1446 2082 rum
1460 2040 1682 2090 emittere,
1715 2040 1908 2095 illamque
1927 2038 1975 2082 fic
1993 2037 2196 2088 emiffam,
2229 2040 2399 2083 cumtui

1355 2102 1393 2141 &
1416 2097 1704 2155 Episcoporum
1733 2096 2018 2153 praefatorum‚
2050 2098 2118 2139 seu
2143 2098 2310 2140 alterius
2325 2112 2398 2139 eo-

1356 2172 1445 2200 rum
1462 2155 1825 2212 subscriptione,ad
1848 2156 2018 2205 Urbem,
2031 2155 2138 2196 infra
2155 2154 2398 2210 praefixum..-

1357 2227 1516 2270 tempus
1536 2214 1807 2258 transmittere
1820 2214 1984 2255 omnino
1999 2215 2176 2255 tenearis
2197 2245 2219 2264 ,,
2246 2215 2393 2270 quibus

1357 2276 1394 2316 δι
1422 2274 1540 2316 alteri
1574 2288 1715 2316 eorum
1729 2286 1799 2328 per
1814 2270 1912 2314 alias
1930 2271 2095 2313 Nostras
2116 2271 2258 2314 literas
2283 2287 2396 2313 man-

1357 2332 1495 2374 damus
1512 2361 1525 2384 ,
1557 2341 1599 2374 ut
1622 2332 1691 2386 ipsi
1716 2331 1741 2372 a
1768 2332 1827 2372 ‘re
1857 2328 2145 2372 Profeffionem
2162 2329 2394 2386 hujusmodi

1356 2392 1587 2445 recipiant,
1619 2388 1684 2431 seu
1713 2388 1913 2443 recipiat..
1940 2389 2135 2431 Volumus
2164 2400 2395 2443 praeterea,

1355 2449 1463 2503 quod
1490 2450 1550 2489 Tu
1584 2450 1766 2490 Montem
1782 2445 1949 2489 Pietatis
1976 2446 2078 2500 erigi
2103 2461 2253 2498 cures,
2279 2449 2394 2489 Con-

1357 2505 1563 2547 scientiam
1579 2515 1685 2548 tuam
1700 2504 1873 2557 desuper
1890 2515 2103 2546 onerantes
2118 2534 2128 2545 .

1414 2565 1563 2607 Datum
1591 2566 1728 2606 Romae
1749 2561 1853 2619 apud
1879 2565 2061 2604 Sanctam
2076 2563 2245 2604 Mariam
2262 2562 2393 2618 Majo-

1355 2636 1442 2664 rem
1472 2626 1588 2665 Anno
1611 2620 1901 2665 lucan-nationis
1929 2620 2151 2662 Dominicae
2170 2621 2388 2664 Millelimo

1353 2680 1716 2736 Septingentefimo
1758 2678 1961 2733 trigefimo
1991 2689 2138 2733 quarto
2171 2679 2262 2721 Kal.
2297 2682 2386 2722 De·

1352 2740 1527 2782 cembris
1544 2738 1802 2783 pontificatus
1818 2738 1952 2780 Nostri
1964 2741 2081 2779 Anno
2098 2737 2257 2796 Qinto
2274 2767 2285 2778 .

1409 2860 1568 2913 Exemp.
1593 2858 1768 2901 authent.
1793 2857 1848 2896 ἐκ.
1864 2854 1991 2898 ΑνεΙα.,
2004 2856 2185 2911 generali
2229 2855 2388 2899 Ordinis

1472 2919 1631 2962 IannA.
1647 2920 1696 2962 A.
1711 2927 1815 2959 num.
1831 2926 1912 2971 29,.

1373 3065 1679 3129 TA*

252 3214 329 3301 E
351 3210 598 3257 Pilogatdotes
610 3213 710 3261 hujus
722 3212 841 3250 eximii
854 3212 934 3251 Viri
962 3216 1135 3255 Lxxvi.
1155 3219 1258 3265 Regii
1275 3219 1373 3257 Vatis
1393 3221 1542 3258 psalmus
1563 3220 1674 3258 Versu
1690 3229 1767 3264 20.—,
1787 3217 1906 3267 qutest
1923 3227 1933 3253 e
1957 3218 1998 3254 In
2022 3216 2112 3253 fiam·
2139 3214 2201 3251 vta
2223 3223 2287 3252 tua
2299 3237 2322 3260 5
2338 3210 2387 3257 (δῖ

349 3260 474 3308 semita
499 3270 561 3296 tua
585 3263 623 3296 t’n
636 3262 736 3308 aquis
760 3262 903 3307 mulus,
928 3265 970 3306 (θ’
993 3265 1133 3314 vestigia
1158 3278 1221 3304 tua
1246 3279 1311 3304 non
1325 3271 1562 3318 cognoscentur
1586 3282 1604 3305 τ.
1623 3269 1748 3306 deduxi
1773 3270 1787 3303 i
1802 3268 1891 3316 sicut
1912 3278 1989 3301 oves
2003 3262 2164 3313 populum
2189 3273 2288 3300 tuum
2313 3265 2386 3298 ima·

255 3307 374 3355 Manu
399 3309 532 3357 Moysi,
557 3310 599 3351 όν
623 3309 771 3346 Aaron.
805 3310 890 3348 Fuit
912 3313 950 3347 in
975 3315 1063 3349 mara·
1090 3317 1150 3351 vt‘a
1178 3316 1285 3364 Ejus,
1311 3317 1389 3354 dum
1412 3312 1551 3355 Venetae
1580 3317 1698 3354 Claffis
1753 3313 1994 3357 haiaffiarcha,
2021 3315 2125 3348 Anno
2156 3314 2257 3359 1716.
2293 3313 2386 3348 Cor-

255 3367 327 3410 nua,
350 3357 450 3393 [ΛΜΞ
475 3357 657 3402 Od‘iffiaes
683 3370 757 3405 quae
783 3359 899 3395 Insulae
924 3362 1129 3410 Corcyrensi
1150 3366 1304 3400 occasum
1325 3366 1537 3410 minabatur,
1564 3365 1750 3403 vietoriost·
1771 3362 1971 3406 confregit.
2011 3358 2161 3411 Vestigia
2196 3360 2281 3409 Ejus
2317 3371 2388 3395 non

251 3402 356 3487 {qflre
382 3405 546 3453 cognita,
572 3406 651 3442 dum
678 3407 809 3443 avitum
835 3408 987 3445 Correrii
1013 3411 1196 3456 Sanguinis
1219 3412 1454 3461 splendorem,
1478 3415 1516 3450 &
1545 3414 1721 3452 Factorum
1736 3414 1872 3448 litorum
1900 3410 2019 3446 fastum
2032 3409 2284 3457 sub‹Capucini
2315 3409 2386 3444 Ha-

281 3450 347 3488 m'ls
373 3454 511 3499 poenula
538 3455 741 3500 abscondit,
765 3457 799 3492 &
823 3457 859 3492 in
888 3458 1005 3493 Domo
1029 3460 1121 3502 Dei,
1146 3459 1203 3496 seu
1224 3462 1334 3499 nostra
1357 3464 1539 3509 Religione
1564 3461 1716 3510 abjefitus
1740 3459 1805 3498 effe
1832 3459 1936 3504 elegit
1951 3485 1965 3494 .

353 3501 476 3538 Latere
497 3512 611 3539 autem
635 3503 694 3540 diu
722 3517 792 3540 non
814 3505 952 3552 potuit,
976 3519 1077 3554 quem
1105 3508 1279 3546 confilium
1307 3512 1396 3555 Dei,
1423 3512 1659 3549 Ecclesiastico
1679 3510 1906 3546 destinaverat
1927 3507 2076 3556 imperio
2093 3532 2112 3543 a
2140 3506 2198 3543 Ad
2223 3508 2294 3542 hoc
2322 3515 2386 3541 vo*-

248 3559 345 3606 catus
363 3572 376 3592 ‚
401 3549 480 3586 dum
507 3550 573 3586 fuit
600 3551 638 3587 in
657 3552 823 3590 Comitiis
845 3553 991 3591 Venetis
1012 3556 1117 3592 Auno
1149 3566 1247 3605 1734·
1273 3560 1485 3597 Sereniffimae
1514 3560 1725 3606 Reipublicae
1741 3558 1932 3594 patriarcha
1947 3581 1961 3600 ,
1986 3560 2019 3592 δι
2033 3557 2219 3592 Dalmatiae
2239 3554 2384 3598 Primas,

246 3599 335 3635 mira¹
361 3598 497 3655 prorsus
528 3599 615 3650 sorte
641 3602 867 3646 proclamatus
891 3614 904 3642 3
929 3615 998 3650 quo
1024 3602 1058 3640 in
1075 3606 1221 3642 culmine
1245 3619 1289 3655 po
1318 3610 1411 3646 ulum
1440 3609 1639 3651 Venemm,
1655 3608 1743 3657 ficut
1769 3605 1863 3642 Oves
1888 3607 1927 3641 in
1952 3616 2055 3642 manu
2079 3629 2092 3650 ,
2130 3604 2190 3640 seu
2219 3601 2383 3650 operibus

251 3646 430 3685 Mansueu
445 3647 594 3696 Moysis,
604 3649 637 3687 8<
651 3648 805 3689 Zelantis
815 3651 969 3690 Aaronis
986 3652 1570 3708 adhucdeducit,re1que‚xquantt1m
1584 3657 1748 3703 dignitate
1762 3653 1897 3704 praeest,
1909 3654 2045 3694 tantum
2060 3652 2210 3692 utilitate
2226 3650 2380 3701 prodestt

1675 3865 1705 3904 B
1735 3862 1760 3905 b
1794 3877 1816 3905 2
2168 3859 2325 3904 fratri-
