2658 4244
342 245 441 311 94

275 324 330 367 do
352 326 565 369 interviret
591 353 606 378 2
634 326 673 368 δέ
689 325 709 369 ἒι
725 327 869 385 quode
885 329 982 374 statu
1000 338 1217 377 Domorum
1233 365 1247 388 ,
1275 339 1313 378 &

270 386 540 440 Regularium
556 388 756 430 Locorum
771 388 991 446 hujusinodi
1008 393 1213 436 informari
1233 394 1313 450 post

270 442 357 509 set?
373 442 509 487 secum
520 445 672 488 ducere
683 475 697 497 ,
709 450 899 505 quodque
914 453 1018 506 apud
1037 451 1214 511 ejusdem
1229 455 1311 496 Or-

270 501 375 544 dinis
405 503 716 548 Procuratorem
743 510 989 552 Generalem
1018 513 1055 552 in
1092 515 1309 555 Romana..-

271 563 402 605 Curia
418 562 659 606 residentem
674 565 790 617 alius,
807 568 872 622 qui
890 569 1100 620 scriberet,
1114 569 1208 610 diui
1226 573 1306 612 Or-

268 621 374 663 dinis
399 620 541 664 Frater
555 652 571 675 ,
594 624 804 680 &linguas
819 626 1016 678 calleret,
1049 642 1216 670 manere
1237 645 1305 671 re·

268 679 440 735 sped'tive
456 681 660 733 deberet,
691 686 770 738 ipse
794 686 893 727 vero
914 686 1095 727 Minister
1123 689 1309 730 Genera-

270 741 319 783 lis
337 768 351 790 ,
379 738 446 782 seu
472 738 771 784 Commiffarius
796 771 808 793 ‚
835 742 1010 786 durante
1043 745 1309 788 visitatione)

268 797 503 853 hujusinodi
519 828 534 851 ‚
558 799 743 855 graviora
772 815 849 842 non
870 802 1083 845 decideret
1111 831 1125 853 a
1148 812 1214 843 aut
1244 818 1310 845 re-

268 859 449 903 solveret
483 857 630 915 absque
658 859 849 914 Capitulo
881 860 1152 909 provinciali,
1176 862 1214 900 &
1241 861 1309 902 nifi

267 917 424 960 servata
443 914 571 958 forma
586 918 814 973 praescripta
835 932 909 972 per
924 918 1073 960 librum
1102 918 1197 960 dicti
1224 922 1305 960 Or-

266 976 374 1019 dinis
403 976 565 1017 Modum
586 975 816 1029 procedendi
838 988 1117 1030 nuncupatum
1146 1004 1161 1026 ‚
1185 989 1304 1030 prout

264 1036 305 1077 in
334 1034 449 1076 dictis
476 1033 608 1074 literis
626 1061 640 1083 9
664 1047 835 1087 quarum
859 1045 1022 1076 tenores
1050 1034 1297 1088 presentibus

264 1106 341 1149 pro
369 1090 556 1146 expressis
583 1090 723 1131 haberi
747 1090 957 1141 volumus,
981 1091 1138 1144 plenius
1165 1092 1296 1132 conti-

264 1148 584 1192 netur.Subinde
598 1148 729 1190 fimilis
745 1162 860 1190 mem.
874 1148 1099 1203 Gregorius
1113 1149 1190 1188 ΡΡ.
1208 1151 1301 1192 XV.

263 1210 388 1250 etiam
413 1204 682 1249 Praedecessor
708 1206 840 1249 noster
865 1206 963 1249 vivae
992 1207 1097 1247 vocis
1129 1208 1298 1250 oraculo

263 1268 477 1309 bon-mem.
497 1263 724 1316 Francisco,
747 1267 898 1308 tunc-S.
914 1267 963 1307 R.
984 1267 1028 1306 Ε.
1045 1265 1295 1320 Presbytero

260 1324 475 1368 Cardinali
489 1322 541 1365 de
557 1324 722 1366 Sourdis
736 1335 970 1379 nuncupato
986 1322 1088 1366 savsto
1101 1323 1167 1367 die
1176 1338 1290 1367 xxtx.

260 1382 450 1426 octobris
480 1396 673 1424 Mncxxt.
700 1386 815 1425 Motu
831 1383 1025 1439 proprio,
1049 1385 1087 1425 &
1105 1383 1157 1426 de
1178 1396 1293 1426 certa

258 1441 428 1485 scientia
440 1439 515 1482 suis
530 1440 783 1492 declaravit,
820 1441 1056 1497 voluitque,
1083 1451 1128 1484 ut
1158 1445 1294 1484 austo-

262 1500 362 1544 ritas
381 1499 550 1542 Ministri
563 1500 779 1542 Generalis
798 1499 1021 1555 hujusmodi
1038 1502 1219 1555 integra,
1244 1502 1306 1544 in·

262 1559 446 1608 violata,
472 1559 509 1599 &
537 1558 694 1613 aequalis
723 1559 870 1612 ubique
894 1557 1075 1599 locorum
1109 1559 1301 1615 deinceps

261 1619 302 1660 in
330 1625 508 1669 utroque
534 1614 625 1656 foro
654 1624 915 1664 remaneret,
938 1615 1300 1659 &conservaretur

259 1675 300 1718 in
316 1674 504 1716 omnibus
519 1700 532 1722 ‚
545 1674 640 1714 sicut
657 1683 825 1714 eatenus
839 1672 885 1712 ab
902 1672 1018 1714 initio
1032 1673 1245 1725 extiterat,
1258 1678 1296 1716 &

259 1733 356 1776 alias
375 1760 389 1782 ,
423 1741 542 1787 prout
572 1731 607 1771 in
626 1729 733 1772 disto
757 1729 954 1781 oraculo,
981 1731 1135 1772 tenoris
1167 1730 1301 1774 subse-

257 1789 418 1848 quentis
432 1818 446 1840 ‚
473 1788 667 1831 videlicet
690 1791 803 1830 :Nos
822 1788 1054 1831 franciscus
1074 1787 1301 1834 Miseratio-

258 1864 313 1896 ne
345 1850 491 1891 Divina
512 1854 548 1890 b.
567 1848 618 1889 R.
642 1850 688 1890 E.
709 1847 835 1889 Tituli
853 1850 892 1889 S.
910 1847 1022 1888 Petri
1047 1847 1097 1889 ad
1122 1849 1299 1892 Vincula

258 1908 484 1962 Presbyter
508 1904 739 1949 Cardinalis
754 1905 807 1948 de
822 1905 989 1948 Sourdis
1017 1919 1270 1961 nuncupatus
1284 1936 1299 1959 ‚

246 1970 299 2022 4&
326 1968 482 2008 Sanstae'
504 1964 619 2008 Sedis
645 1964 884 2020 Apostolicae
907 1965 1049 2006 Gratia
1074 1967 1301 2020 Aquitaniae

259 2022 774 2079 Primas',Archiepiscopus
795 2022 1091 2078 Burdigalenfis
1105 2026 1178 2071 διε.
1200 2026 1300 2068 Uni-

259 2083 382 2127 verfis
399 2112 413 2134 ‚
428 2085 465 2125 &
482 2081 640 2138 singulis
657 2081 869 2137 praesentes
886 2081 1026 2124 literas
1044 2082 1272 2137 inspecturis
1287 2113 1302 2136 ,

258 2143 479 2193 lecturisssc
495 2142 695 2184 audituris
711 2139 834 2182 fidem
847 2140 1013 2185 facimus
1031 2143 1300 2196 indubiam,&

257 2205 302 2246 in
332 2201 458 2243 verbo
487 2201 669 2243 veritatis
696 2201 958 2251 attestamur,
989 2201 1167 2257 qualiter
1201 2207 1300 2245 San-

258 2259 498 2304 Etissimusin
521 2259 686 2302 Christo
701 2261 824 2302 Pater
838 2279 853 2310 -,
877 2261 918 2301 &
938 2261 1128 2302 Dominus
1153 2262 1298 2304 Noster

259 2321 461 2365 Dominus
486 2319 709 2374 Gregorius
735 2319 885 2360 Divina
920 2318 1182 2362 Providentia
1223 2324 1299 2363 Pa·
1320 2336 1326 2344 ·

258 2393 309 2437 pa
325 2381 417 2420 XV.
432 2380 530 2419 vivae
546 2379 653 2420 vocis
664 2377 832 2420 oraculo
846 2377 974 2419 Nobis
987 2376 1090 2419 facto
1104 2379 1170 2421 die
1184 2394 1296 2421 xxix.

257 2437 408 2481 Menfis
437 2437 620 2478 Ofitobris
649 2448 841 2478 mncxxr.
867 2437 910 2477 in
939 2438 1082 2477 Monte
1095 2438 1299 2496 Qirinali

258 2496 366 2552 apud
383 2498 567 2539 &anaqam
586 2494 751 2536 Mariam
768 2493 964 2547 Maiorem
981 2496 1096 2536 Motu
1113 2498 1297 2550 proprio,

258 2557 299 2597 &
319 2569 369 2597 ex
390 2563 503 2596 certa
531 2553 696 2596 scientia
718 2552 974 2603 declaravit,
1001 2554 1042 2594 δε
1067 2554 1226 2606 voluit,
1255 2566 1297 2596 ut

259 2614 477 2656 auctoritas
494 2612 660 2654 Ministri
677 2611 896 2654 Generalis
918 2610 1083 2654 Ordinis
1112 2616 1298 2656 Fratrum

259 2673 465 2714 Minorum
493 2671 625 2711 Sancti
654 2670 850 2712 Francisci
880 2672 1184 2726 Capucinorum
1198 2674 1301 2716 inte-

261 2743 334 2784 gra
349 2757 363 2779 ,
388 2727 583 2776 inviolata
598 2758 613 2778 ,
637 2729 675 2769 &
689 2728 845 2784 aequalis
862 2728 1010 2784 ubique
1024 2730 1210 2774 locorum
1224 2731 1300 2774 de-

260 2789 399 2844 inceps
414 2788 456 2828 in
472 2797 644 2842 utroque
658 2785 747 2828 foro
762 2797 970 2829 remaneat
984 2818 1000 2838 ,
1031 2791 1070 2830 &
1084 2805 1159 2832 con
1167 2790 1300 2838 serve-

260 2858 329 2890 tur
346 2860 382 2887 m
400 2846 584 2887 omnibus
598 2874 613 2894 ‚
639 2843 736 2887 ficut
751 2846 938 2888 haetenus
952 2848 1000 2888 ab
1014 2848 1132 2891 initio
1146 2850 1300 2892 extitit:
1326 2888 1329 2889 γ

261 2908 360 2949 Non
377 2904 620 2946 obstantibus
638 2903 674 2945 in
689 2906 936 2946 contrarium
952 2905 1034 2947 illis
1052 2908 1187 2950 verbis
1219 2911 1302 2950 De-

258 2964 363 3007 creti
386 2967 506 3018 *Papae
524 2963 646 3003 ⁴Pauli
677 2962 929 3020 antifaeti
948 2964 1002 3005 in·
1018 2963 1143 3010 forma
1162 2969 1300 3010 Brevis
1324 2991 1328 2993 ἡ

257 3022 332 3066 sub
348 3020 414 3064 die
428 3037 479 3063 xx
491 3035 547 3063 tx.
565 3022 711 3063 Menfis
728 3023 911 3063 Ostobris
941 3038 1097 3069 MDcxv
1111 3039 1123 3066 ι
1139 3040 1150 3068 ι
1168 3040 1199 3067 ι.
1229 3026 1303 3068 Vi-

256 3082 414 3124 delicet
429 3094 440 3122 :
454 3081 541 3136 Ipse
556 3080 653 3121 vero
670 3080 849 3121 Minister
865 3083 1076 3125 Generalis
1091 3086 1157 3126 seu
1173 3087 1304 3127 Com-

259 3138 453 3183 missarius
468 3140 641 3182 durante
657 3138 888 3180 vifitatione
905 3139 1126 3194 hujusmodi
1138 3144 1302 3197 gravio-

258 3213 303 3242 ra
328 3213 406 3240 non
435 3198 600 3241 decidat
617 3227 632 3247 ‚
660 3207 727 3240 aut
744 3195 918 3239 resolvat
933 3198 1078 3254 absque
1107 3203 1301 3256 Capitulo

258 3256 534 3310 provinciali,
561 3270 608 3298 ac
639 3256 705 3297 nis}
735 3254 891 3298 servatii
909 3254 1039 3300 forma
1066 3258 1299 3315 praescripta

261 3330 335 3372 per
366 3316 513 3358 librum
546 3314 643 3357 dieti
684 3313 846 3356 Ordinis
879 3315 1040 3357 Modum
1067 3318 1299 3372 procedendi

264 3376 558 3429 nuncupatum,
591 3373 733 3429 quibus
763 3373 893 3416 voluit
923 3371 1001 3416 effe
1029 3374 1296 3430 derogatum,

263 3445 394 3485 neque
408 3434 651 3476 obstantibus
668 3433 706 3475 in
725 3433 972 3476 contrarium
998 3434 1298 3490 quibuscunque

263 3488 350 3531 aliis
366 3517 378 3528 .
403 3493 447 3531 In
468 3493 578 3548 cujus
605 3494 664 3536 rei
685 3490 808 3534 fidem
830 3520 844 3544 ,
870 3493 1110 3535 auctoritate
1125 3493 1303 3550 ejusdem

263 3547 497 3589 Sanffiffimi
515 3553 678 3593 Domini
689 3552 827 3593 vNobis
843 3562 1036 3593 oretenus
1052 3549 1150 3593 facta
1164 3581 1177 3603 ,
1204 3568 1306 3609 prae-

265 3605 399 3647 sentes
430 3606 568 3649 literas
597 3624 714 3652 manu
737 3610 898 3666 propria
926 3609 1164 3666 subscriptas
1187 3638 1201 3661 ‚
1234 3625 1308 3654 no·-

264 3663 428 3719 stroque
444 3663 570 3718 figillo
585 3694 598 3716 ‚
624 3683 706 3722 quo
723 3671 761 3711 in
778 3670 925 3710 talibus
941 3671 1116 3719 utimur,
1135 3671 1306 3712 munitas

269 3721 358 3763 dari
388 3721 560 3779 juliimus
573 3751 588 3762 ⁵
622 3728 771 3767 Datum
788 3729 976 3769 Romaein
994 3727 1151 3771 Palatio
1165 3729 1304 3770 nostrae

270 3778 393 3823 solita:
429 3780 670 3825 Residentiae
699 3786 830 3830 &auiti
862 3787 974 3831 Petri
1004 3787 1058 3830 ad
1100 3786 1304 3832 Vincula-2

944 204 1105 303 Sub
1163 215 1479 307 ‘Urbano
1545 214 1762 306 VIII.

1374 337 1442 378 die
1456 348 1575 376 xxxx.
1592 335 1735 378 Mentis
1750 330 1936 375 Octobris
1955 331 2073 375 Anno
2095 330 2120 373 a<
2143 333 2410 381 Nativitate-

1375 393 1539 437 Domini
1563 408 1755 436 mocxxi.
1775 390 2038 432 pontificatus
2066 393 2291 436 sanctifflmi
2326 391 2435 437 Do-'

1370 452 1465 494 mini
1493 451 1628 495 Nostri
1656 452 1846 506 Gregorii
1865 451 1975 504 Papae
1991 452 2085 492 XV.
2107 453 2231 491 Anno
2245 453 2381 508 Primo
2395 482 2411 494 .

1369 514 1477 553 Cum
1502 520 1667 561 autem,
1687 511 1784 552 ficut
1813 511 1940 551 Nobis
1969 510 2116 565 exponi
2139 507 2410 565 secitinsuper

1365 569 1545 611 Dilectus
1561 569 1868 625 Filiusjoarnnes
1896 568 1916 606 a
1948 568 2231 620 MoncaleriO,
2259 582 2409 611 eorun-

1365 626 1456 668 dem
1473 630 1658 669 Fratrum
1674 627 1853 669 Ministcr
1876 627 2088 667 Generalis
2103 653 2116 676 2
2144 641 2216 681 pro
2242 627 2410 668 firmiori

1371 686 1617 727 auctoritatis
1642 686 1812 727 Ministri
1841 684 2051 727 Grneralis
2070 684 2292 739 hujusmodi
2319 683 2413 726 sub-

1371 742 1541 785 sistentia
1555 774 1570 794 ‚
1601 744 1903 798 inviolabilique
1919 742 2172 786 observantia
2186 772 2201 794 a
2224 744 2413 785 declara-

1371 801 1523 842 tionem
1539 816 1610 856 per
1625 802 1773 843 didam
1792 804 2041 856 Gregorium
2071 801 2410 845 Praedecefforem

1372 859 1469 900 vivae
1486 860 1596 901 vocis
1613 860 1783 901 oraculo
1797 861 1863 910 ,ut
1878 858 2276 915 prefertur2fa6‘tam‚
2294 865 2411 917 Apo-

1367 916 1515 958 stolicae
1542 918 1681 959 nostrae
1707 917 2026 960 confirmationis
2055 919 2206 963 robore
2226 933 2410 963 commu-

1365 974 1441 1014 niri
1471 971 1720 1028 summopere
1751 975 1954 1015 defideret
1981 1006 1996 1026 ,
2029 981 2113 1019 Nos
2141 990 2364 1033 propterea
2392 1005 2408 1028 ‚

1360 1030 1555 1086 felicique
1580 1031 1806 1073 eorundem
1836 1034 2024 1075 Fratrum
2039 1037 2251 1090 regimini,
2283 1048 2406 1092 atque

1356 1089 1779 1144 diree'tioni,quantum
1795 1103 1884 1132 cum
1902 1093 2078 1134 Domino
2091 1093 2411 1148 possumus‚con-

1363 1146 1498 1189 sulere
1512 1175 1525 1198 ,
1550 1149 1754 1204 ipsumque
1770 1150 1959 1203 joannem
1975 1151 2202 1193 Ministrum
2215 1155 2409 1195 Genera-

1361 1205 1442 1249 lem
1467 1205 1687 1261 hujusmodi
1706 1205 1944 1261 specialibus
1962 1205 2166 1251 favoribus
2179 1240 2195 1260 ,
2209 1212 2245 1251 &
2263 1211 2408 1265 gratiis

1355 1264 1540 1321 prosequi
1570 1266 1753 1309 volentes
1767 1295 1782 1316 ,
1810 1265 1883 1306 &a
1897 1265 2099 1321 quibusvis
2131 1269 2407 1310 excommunis

1353 1323 1523 1366 cationis
1542 1351 1557 1374 ,
1571 1323 1852 1378 suspensionis,
1879 1325 1920 1364 &
1934 1324 2139 1367 interdicti
2156 1354 2181 1376 ,A
2200 1324 2408 1381 aliisque..-

1356 1380 1644 1425 Ecclefiasticis
1669 1382 1904 1433 sententiis,
1927 1382 2130 1435 censuris,
2155 1385 2195 1424 &
2221 1385 2352 1438 poenis
2376 1384 2401 1425 ἑ

1351 1440 1442 1498 jure
1458 1469 1471 1491 ‚
1486 1441 1550 1483 vel
1569 1443 1616 1483 ab
1633 1442 1810 1493 homine,
1823 1442 1963 1497 quavis
1980 1441 2206 1493 occasione,
2227 1443 2292 1485 vel
2310 1457 2409 1485 cau-

1366 1498 1404 1543 sa
1432 1498 1521 1541 latis
1537 1529 1553 1550 ‚
1593 1501 1619 1541 st
1660 1500 1800 1556 quibus
1841 1500 2147 1556 quomodolibet
2188 1501 2406 1543 innodatus

1364 1558 1494 1600 existit
1509 1588 1523 1610 ‚
1553 1558 1601 1600 ad
1621 1560 1805 1601 effectum
1819 1560 2075 1614 praesentium
2091 1559 2287 1602 duntaxat
2307 1573 2408 1602 con-

1358 1615 1602 1670 sequendum
1623 1645 1637 1667 ,
1665 1619 1802 1658 harum
1832 1618 1933 1659 serie
1964 1616 2219 1661 absolventes
2242 1647 2257 1669 ‚
2289 1618 2408 1660 &ab-

1355 1672 1528 1714 solutum
1547 1673 1635 1715 sore
1651 1676 1861 1716 censentes
1877 1701 1891 1724 ,
1919 1675 2276 1729 supplicationibus
2291 1676 2403 1718 illius

1363 1732 1542 1781 nomine,
1558 1732 1684 1772 Nobis
1699 1745 1829 1787 nuper
1845 1731 1960 1786 super
1982 1733 2060 1774 hoc
2078 1733 2286 1775 humiliter
2308 1747 2407 1787 por·-

1361 1790 1478 1830 rectis
1510 1790 1719 1841 inclinati,
1738 1791 2011 1845 vpraeinsertam
2048 1790 2404 1842 declarationem,

1360 1848 1398 1888 &
1416 1851 1639 1890 Decretum
1653 1849 1747 1891 disti
1767 1850 1956 1905 Gregorii
1975 1847 2281 1892 Praedecefforis
2299 1877 2313 1900 ‚
2330 1849 2410 1892 Vi·-

1364 1918 1421 1947 vae
1433 1908 1540 1950 vocis
1553 1909 1741 1959 oraculo,
1755 1909 1863 1950 dieto
1879 1907 2090 1950 Francisco
2105 1907 2320 1950 Cardinali
2337 1934 2353 1957 ‚
2365 1905 2415 1953 ut

1361 1960 1571 2022 praefertur
1587 1995 1602 2016 ‚
1628 1967 1731 2009 fano
1742 1996 1755 2018 ,
1771 1982 1865 2009 cum
1877 1967 2059 2009 omnibus
2074 1993 2089 2016 ,
2103 1967 2143 2007 &
2158 1965 2317 2021 singulis
2334 1966 2408 2008 ἰπὶ-,ι

1361 2025 1418 2066 eis
1433 2026 1639 2067 contentis
1653 2054 1667 2076 ,
1694 2027 1731 2066 &
1747 2024 1958 2082 expreffis,
1984 2024 2214 2080 Apostolica
2231 2025 2412 2068 auctori-

1360 2087 1611 2134 tate‚tenore
1626 2084 1871 2140 praesentium
1885 2084 2086 2141 perpetuo
2101 2082 2407 2135 confirmamus,

1359 2144 1400 2183 δι
1413 2143 1675 2197 approbamus
1691 2172 1705 2196 ‚
1735 2141 2149 2199 illisqueinviolabilis
2165 2141 2407 2198 Apostolicae

1360 2200 1563 2243 firmitatis
1581 2203 1704 2245 robur
1721 2203 1930 2260 adjicimus
1945 2233 1960 2254 ,
1991 2215 2037 2243 ac
2065 2215 2205 2244 omnes
2221 2202 2257 2241 &
2277 2201 2408 2255 fingu-

1360 2261 1449 2310 los,
1477 2270 1557 2302 tam
1571 2261 1693 2318 juris,
1725 2265 1844 2318 quam
1865 2262 1954 2304 fasti
1969 2258 2152 2303 defec'tus
2166 2291 2181 2311 ‚
2207 2261 2233 2302 fi
2247 2260 2313 2315 qui
2329 2262 2408 2302 de·-

1357 2319 1473 2374 super
1487 2320 1797 2374 *quomodolibet
1809 2319 2108 2364 intervenerint
2123 2349 2136 2370 ‚
2147 2315 2372 2375 supplemus
2385 2347 2405 2359 .,

1362 2382 1644 2421 Decernentes
1670 2379 1739 2421 illa
1765 2409 1780 2432 ,
1817 2393 1974 2423 necnon
2013 2379 2223 2433 praesentes
2263 2376 2403 2420 literas

1361 2437 1492 2479 valida
1508 2465 1520 2487 ,
1543 2436 1683 2490 firma,
1708 2440 1745 2480 &
1772 2438 1948 2483 efficacia
1976 2434 2066 2478 fore
2090 2466 2104 2487 ‚
2131 2439 2170 2478 ὃς
2197 2436 2371 2479 existere
2390 2463 2406 2487 ‚

1361 2509 1406 2537 ac
1436 2495 1520 2536 suos
1546 2497 1771 2550 plenarios,
1797 2500 1837 2539 δε
1859 2502 2041 2553 integros
2058 2495 2218 2536 effeftus
2236 2496 2405 2544 sortiri,

1358 2556 1396 2595 &
1425 2554 1640 2605 obtinere,
1669 2556 1708 2596 δι
1733 2556 1784 2597 ab
1808 2557 1994 2598 omnibus
2020 2583 2035 2603 ‚
2062 2554 2101 2593 &
2122 2552 2281 2606 fingulis
2310 2553 2409 2595 dicti

1360 2612 1528 2655 Ordinis
1549 2615 1859 2668 Superioribus,
1890 2613 2125 2663 Fratribus,
2151 2614 2190 2653 ἃ.
2203 2611 2406 2668 personis,

1357 2671 1410 2713 'ad
1430 2685 1528 2726 quos
1549 2673 1698 2727 spet‘tat
1711 2702 1724 2724 ‚
1750 2675 1790 2714 &
1803 2689 1876 2729 pro
1889 2681 2076 2727 tempore
2087 2669 2404 2726 quomodolibet

1360 2731 1400 2772 in
1430 2728 1610 2772 futurum
1629 2729 1824 2786 spectabit
1839 2760 1852 2782 ‚
1869 2729 2156 2772 inviolabiliter
2169 2727 2375 2770 observari
2391 2738 2408 2778 ·,

1362 2787 1495 2844 ficque
1520 2802 1594 2843 per
1616 2786 1884 2844 quoscumque
1894 2787 2061 2845 Ju'dices
2077 2786 2333 2837 ordinarios,
2369 2787 2410 2828 δε

1357 2847 1604 2901 delegatos,
1633 2848 1756 2890 etiam
1781 2848 1983 2890 causarum
2004 2844 2148 2888 Palatii
2182 2841 2407 2900 Apo'stolici

1362 2906 1583 2950 Auditores
1598 2935 1612 2957 ,
1642 2907 1682 2947 &
1708 2909 1746 2948 S.
1764 2908 1816 2948 R.
1830 2908 1878 2948 Ε.
1896 2904 2134 2948 Cardinales
2150 2933 2163 2955 a
2180 2903 2332 2946 sublata
2349 2903 2409 2944 eis

1363 2967 1403 3007 δε
1428 2978 1579 3007 eorum·
1601 2965 1768 3007 cuilibet
1788 2965 1938 3018 -quavis
1971 2964 2091 3006 aliter
2121 2961 2327 3019 judicandi
2362 2962 2408 3003 .&

1363 3023 1657 3077 interpretandi
1674 3020 1884 3073 facultate,
1897 3025 1937 3064 &
1950 3021 2197 3070 auctoritate,
2212 3020 2405 3076 judicari,

1362 3097 1409 3126 ac
1425 3080 1585 3124 diffiniri
1600 3082 1752 3125 debere
1767 3094 1782 3134 ς
1800 3081 2015 3129 acirritum
2028 3108 2041 3130 ,
2067 3080 2241 3120 &inane
2257 3107 2273 3128 ‚
2301 3077 2324 3118 s1
2343 3075 2406 3119 ses

1361 3155 1430 3184 cus
1458 3139 1575 3197 super
1594 3141 1655 3182 his
1671 3142 1692 3183 a
1709 3154 1935 3198 quoquam,
1963 3138 2101 3195 quavis
2129 3137 2404 3181 auctoritate,-

1362 3200 1562 3250 scienter,
1590 3196 1656 3241 vel
1671 3201 1910 3255 ignoranter
1932 3196 2152 3252 contigerit
2179 3195 2374 3237 attentari
2390 3223 2402 3234 .

1360 3263 1454 3302 Non
1471 3258 1717 3300 obstantibus
1745 3255 2134 3305 Constitutionibus‚
2160 3255 2200 3295 &
2221 3252 2405 3294 Ordina-

1359 3317 1539 3361 tionibus
1555 3316 1793 3374 Apostolicis
1809 3347 1825 3368 ‚
1849 3330 1894 3358 ac
1911 3316 2005 3357 dicsti
2019 3312 2182 3355 Ordinis
2197 3339 2210 3361 ‚
2245 3312 2405 3355 etiam..-

1359 3375 1588 3430 iuramento
1616 3406 1632 3428 ,
1678 3375 2003 3418 Confirmatione
2037 3370 2272 3425 Apostolica
2291 3399 2306 3421 ³
2324 3407 2325 3410 ,
2341 3371 2407 3413 vel

1364 3436 1503 3490 quavis
1517 3433 1714 3476 firmitate
1732 3434 1807 3476 alia
1822 3432 2020 3475 roboratis
2036 3429 2189 3471 statutis
2206 3458 2219 3479 ,
2245 3430 2284 3468 &
2309 3442 2410 3471 con-

1366 3491 1640 3537 suetudinibus
1655 3523 1670 3544 ,
1700 3487 1917 3547 privilegiis
1930 3503 2092 3546 quoque
2108 3518 2122 3540 ‚
2137 3487 2303 3532 indultis
2321 3517 2336 3538 ,
2368 3489 2410 3528 &

1368 3554 1498 3596 literis
1524 3550 1798 3608 Apostolicis‚
1837 3549 2140 3605 Superioribus,
2166 3549 2203 3588 δι
2227 3546 2407 3602 personis

1367 3611 1436 3654 sub
1470 3609 1783 3666 quibuscumque
1809 3608 2016 3650 tenoribus
2038 3637 2051 3658 ,
2093 3609 2129 3648 &
2152 3604 2289 3647 formis
2319 3633 2333 3655 ‚
2358 3618 2403 3646 ac

1367 3685 1459 3712 cum
1482 3667 1678 3725 quibusvis
1703 3667 1824 3708 etiam
1853 3666 2206 3721 derogatoriarum
2227 3664 2402 3718 deroga-

1364 3729 1476 3770 toriis
1491 3754 1506 3777 a
1533 3725 1696 3781 al‘nsque
1713 3724 1998 3768 efficacioribus
2014 3755 2026 3777 ‚
2055 3723 2272 3765 &insolitis
2294 3721 2404 3763 clau-

1365 3787 1455 3830 sulis
1467 3815 1483 3836 ,
1496 3783 1819 3841 irritantibusque
1835 3813 1848 3837 ,
1874 3786 1912 3827 δε
1927 3784 2015 3842 aliis
2032 3782 2211 3826 decretis
2225 3780 2262 3822 in
2279 3792 2399 3834 gene.

2258 3852 2304 3879 re
2324 3867 2340 3889 ‚
