2658 4244
1022 208 1186 295 Sub
1250 209 1500 298 “Paulo
1566 199 1668 299 V.

275 325 548 374 suetudinibus
562 357 577 381 3
605 324 825 385 privilegiis
836 336 995 381 quoque
1009 352 1023 375 ,
1041 325 1205 366 indultis
1221 352 1235 375 ‚
1264 327 1302 366 &

271 388 401 431 literis
414 388 669 443 Apostolicis‚
683 387 763 429 illis
774 413 789 437 ,
802 387 840 427 &
855 397 992 426 eorum
1008 383 1302 436 Superioribus,

268 459 527 502 quocumque
558 447 718 490 nomine
750 441 985 496 nuncupatis
997 471 1013 491 ‚
1043 440 1109 480 sub
1139 442 1302 499 quibusl-

271 519 444 559 cumque
454 506 656 548 tenoribus
670 533 686 555 ,
713 505 752 543 &
766 499 903 544 formis
915 530 931 550 ,
959 514 1004 541 ac
1021 513 1111 540 cum
1137 498 1300 556 quibus·-

272 564 330 604 vis
346 591 358 614 ,
381 562 501 605 etiam
520 561 861 616 derogatoriarum
876 557 1145 614 derogatoriis
1159 589 1174 609 ,
1206 558 1302 601 aliis:

267 636 348 677 que
362 617 651 663 efficacioribus
667 648 679 670 ‚
704 621 742 660 &
772 617 940 661 insolitis
968 615 1184 667 clausulis,
1211 618 1302 660 irri-

267 675 525 733 rantibusque
539 706 555 729 ‚
576 679 616 717 δε
628 675 717 718 aliis
735 677 911 720 decretis
927 675 964 716 in
982 689 1134 732 genere
1147 702 1160 725 ‚
1178 675 1243 717 vel
1261 677 1300 719 in

266 739 399 793 specie
415 763 428 787 ,
455 749 500 776 ac
528 735 627 777 alias
658 735 698 776 in
730 735 974 777 contrarium
1013 732 1297 791 pra-‚missorum

263 792 574 850 quomodolibet
588 792 778 834 concessis
793 821 807 843 ,
831 792 1078 836 confirmatis
1092 821 1107 845 ‚
1132 796 1171 835 &
1181 794 1298 837 inno-

262 853 392 896 vatis:
421 850 561 906 quibus
576 851 758 893 omnibus
771 880 784 902 ,
809 853 848 893 &
861 851 1023 907 lingulis
1036 881 1052 903 ,
1066 852 1217 895 etiamfi
1244 853 1297 897 de

259 910 370 960 inis,
394 922 615 965 eorumque
643 910 739 953 totis
767 912 979 955 tenoribus
994 911 1175 966 specialis
1192 940 1206 963 ‚
1231 926 1299 955 ex-

259 965 386 1025 preffa
400 994 416 1017 ‚
440 970 481 1009 &
493 967 700 1011 individua
714 997 728 1019 ,
754 983 799 1011 ac
819 968 871 1012 de
888 970 1013 1012 verbo
1028 969 1078 1012 ad
1095 971 1263 1012 verbnm
1279 1000 1294 1023 ‚

258 1042 338 1069 non
353 1036 486 1068 autem
501 1041 570 1082 per
585 1027 776 1070 clausulas
788 1028 1129 1083 generales2idem
1146 1029 1295 1085 impor-

257 1095 392 1128 tantes
406 1087 557 1128 mentio
570 1114 583 1136 ‚
605 1084 673 1127 seu
686 1089 823 1141 quevis
840 1087 915 1129 alia
930 1087 1128 1142 expreffio
1143 1088 1288 1131 haben-

255 1143 308 1186 da
324 1172 338 1195 ‚
363 1155 433 1186 aut
446 1145 575 1199 aliqua
590 1146 778 1200 exquifita
793 1143 918 1189 forma
934 1144 983 1188 ad
1003 1147 1076 1188 hoc
1094 1146 1285 1189 servanda

254 1200 364 1245 foret
384 1232 399 1255 ,
427 1214 586 1246 tenores
618 1203 839 1259 hujusmodi
856 1234 870 1255 ,
897 1219 943 1247 ac
971 1203 993 1245 si
1010 1205 1063 1247 de
1092 1204 1219 1248 verbo
1233 1204 1284 1252 ad

257 1262 427 1303 verbum
454 1262 729 1305 insererentur
742 1291 756 1314 ,
782 1263 1035 1318 praesentibus
1051 1278 1123 1318 pro
1138 1264 1256 1318 plene
1269 1292 1285 1314 ,

253 1318 550 1362 &sufficienter
579 1320 764 1375 expressis
796 1323 1016 1370 habentes,
1038 1321 1118 1362 illis
1137 1321 1231 1363 alias
1246 1322 1285 1362 in

251 1377 322 1419 suo
352 1380 501 1420 robore
534 1378 794 1433 permansuris
821 1407 835 1430 ‚
868 1381 940 1421 hac
973 1381 1062 1422 vice
1092 1379 1286 1421 duntaxat

251 1434 477 1488 specialiter
490 1466 504 1488 ,
515 1438 551 1477 δι
567 1438 752 1490 expresse
767 1439 1006 1491 derogamus
1019 1468 1035 1488 ,
1057 1438 1286 1492 caeteristlue

251 1495 462 1536 contrariis
488 1494 799 1550 quibuscumque
815 1524 826 1535 .
852 1498 1002 1537 Datum
1031 1498 1164 1538 Romae
1180 1493 1284 1550 apud

253 1555 438 1596 Sanetam
452 1554 619 1595 Mariam
635 1553 831 1608 Maiorem
846 1555 915 1596 sub
929 1554 1091 1597 Annulo
1106 1554 1284 1597 Piscato-

248 1611 304 1652 τίς
318 1614 395 1654 Die
416 1626 533 1655 xxti
549 1614 992 1668 r.Januariimncx1x.
1023 1611 1290 1657 Pontificatus

247 1671 387 1714 Nostri
403 1674 524 1713 Anno
541 1672 860 1726 Decimoquarto
874 1700 887 1711 .

481 1745 524 1785 S.
540 1741 658 1785 Card.
674 1746 714 1783 S.
729 1741 913 1799 Susiznnae
933 1772 946 1783 .

306 1829 553 1884 Autograpb.
574 1831 617 1870 in
639 1830 755 1872 Arcb.
775 1834 917 1872 secret.
942 1833 1129 1873 Brevium
1156 1829 1287 1886 Apost-

360 1887 520 1941 Regcst'o
551 1888 681 1944 mensis
706 1888 902 1942 “Januarii
924 1893 1032 1932 Anni
1061 1889 1170 1945 1619.
1194 1889 1288 1933 de..-

359 1958 436 1998 quo
462 1950 586 1986 Breve
601 1944 827 2002 formatum
853 1952 897 1989 in
920 1947 1091 1991 Archino
1107 1948 1288 2005 generali

360 2003 520 2045 Ordinis
543 2006 645 2045 Tom.
661 2007 716 2047 H.
731 2019 836 2048 num.
853 2020 912 2048 21.

534 2161 575 2199 D
605 2160 639 2199 E
672 2160 711 2200 C
742 2160 781 2200 R
812 2161 846 2201 E
879 2162 915 2201 T
946 2164 1011 2204 Ο.

245 2234 685 2304 S.Congregationis
697 2230 907 2301 Episcop.
920 2232 967 2286 ὅ(
979 2238 1197 2306 Regular.
1211 2255 1284 2299 nef

952 2374 1020 2438 N
1160 2378 1230 2441 Ο

2243 232 2281 297 6
2336 258 2338 261 .

1396 329 1536 398 gotiis
1552 324 1821 395 praepofiti,
1854 330 2022 382 Ordini
2052 251 2408 403 facultatem3Se·

1398 402 1572 448 culares
1591 397 1648 446 ad
1667 400 1818 448 Tertii
1835 401 2025 451 Ordinis
2044 406 2271 458 Habitum
2295 412 2405 459 reci..

1397 468 1548 538 piendi
1562 482 1822 537 competere
1836 506 1853 529 ,
1874 470 2128 525 declaratur
2144 512 2158 525 .

1472 596 1672 641 UMalias
1686 596 1706 638 ἂ
1721 598 1831 642 sacra
1845 602 2181 656 Congregatione
2204 608 2403 652 Cardina.

1496 656 1594 697 lium
1610 656 1783 712 negotiis
1810 658 2076 714 Regularium
2103 666 2401 719 praepofitorum

1359 714 1570 758 decretum
1586 712 1703 771 super
1718 716 1868 758 Habitu
1883 746 1898 769 ‚
1913 719 1952 758 &
1966 718 2226 773 qualitatibus
2240 726 2403 768 Tertia-

1359 774 1507 816 riarum
1520 773 1774 816 emanaverit
1790 804 1804 826 ‚
1829 776 1868 817 in
1880 790 1960 832 quo
1990 778 2100 819 inter
2123 780 2201 823 alia
2223 785 2401 826 caveba-

1358 840 1427 874 tur
1440 859 1454 882 ,
1481 840 1528 874 ut
1558 832 1842 889 Superioribus
1876 834 2154 890 Regularibus
2189 841 2403 884 sufficienti

1359 890 1408 933 ad
1436 889 1478 932 id
1505 891 1554 934 ab
1584 893 1655 934 hac
1680 894 1822 935 Sancta
1848 893 1954 936 Sede
1982 893 2178 952 suffultis(
2194 903 2401 953 Capacinis

1355 955 1520 1004 exceptis
1537 952 1558 1006 )
1575 949 1767 992 mulieres
1782 950 1904 1004 alias,
1923 951 2034 1008 juxta
2050 952 2158 996 idem
2175 958 2401 999 Decretum

1353 1007 1674 1063 qualificatas2ad
1694 1011 1987 1053 Tertiariarum
2003 1011 2201 1055 Habitum
2217 1018 2401 1070 recipere

1351 1065 1499 1109 liceret
1516 1095 1527 1108 .
1543 1067 1826 1124 Veruni‚'quia
1843 1069 2057 1125 capucini,
2077 1072 2328 1116 authoritate
2344 1076 2395 1117 ab

1351 1125 1494 1168 eadem
1505 1129 1646 1168 Sancta
1672 1126 1777 1169 Sede
1802 1129 1952 1170 Eorum
1982 1129 2187 1185 Religioni
2213 1131 2394 1175 concessa.

1345 1184 1495 1240 privari
1512 1211 1526 1234 ‚
1552 1199 1596 1227 ac
1627 1195 1846 1240 propterea
1863 1214 1876 1236 ‚
1904 1187 1941 1228 in
1964 1187 2158 1230 invidiam
2190 1191 2295 1244 apud
2324 1193 2393 1234 bo-

1346 1256 1416 1283 nos
1435 1242 1538 1285 trahi
1552 1247 1925 1298 conquerebantur3
1939 1245 2186 1289 Illustriffimi
2203 1246 2392 1305 ejusdem

1345 1298 1461 1342 sacrae
1491 1301 1831 1354 Congregationis
1860 1306 2003 1345 Patres
2027 1333 2041 1355 ‚
2070 1306 2223 1348 eisdem
2250 1311 2390 1363 Capu-

1348 1358 1470 1408 cinis,
1486 1357 1707 1413 privilegiis
1724 1359 1829 1400 circa
1846 1359 2033 1413 praemiffa
2061 1364 2119 1404 e'is
2136 1367 2390 1419 quomodoli-

1346 1416 1417 1458 bet
1429 1417 1756 1469 competentibus
1770 1444 1783 1466 ,
1801 1419 1860 1459 uti
1874 1447 1887 1469 ‚
1901 1420 1940 1459 &
1955 1417 2032 1461 frui
2048 1419 2190 1472 licere,
2209 1426 2391 1468 Decreto

1347 1470 1569 1529 hujusmodi
1586 1487 1663 1515 non
1678 1473 1876 1526 obstante,
1892 1476 2147 1530 censuerunt,
2162 1479 2390 1524 dummodo

1346 1531 1534 1574 mulieres
1551 1531 1599 1574 ad
1627 1532 1922 1576 Tertiariarum
1949 1537 2243 1591 Capucinarum
2260 1540 2388 1582 Habi-

1352 1602 1439 1633 tum
1454 1590 1715 1633 admittendae
1729 1619 1743 1642 ,
1769 1593 1820 1634 ad
1837 1593 2050 1636 formalem
2066 1623 2080 1646 ‚
2112 1599 2386 1641 materialem-

1350 1663 1430 1704 que
1446 1647 1622 1704 ejusdem
1637 1650 1865 1705 Religionis
1882 1651 2075 1695 Habitum
2089 1683 2103 1705 ,
2120 1657 2161 1696 &
2174 1657 2329 1699 servato
2343 1659 2386 1700 in

1350 1707 1518 1762 reliquis
1544 1707 1724 1748 omnibus
1739 1709 1885 1751 eodem
1902 1713 2085 1754 Decreto
2110 1712 2384 1758 admittantur

1349 1768 1490 1809 Romae
1504 1764 1573 1808 die
1592 1768 1838 1822 13·Januarii
1859 1782 2041 1810 mncxx..
2182 1770 2190 1772 ”
2332 1773 2335 1775 ’

1486 1856 1549 1906 A.
1567 1855 1720 1907 Maria
1739 1859 1866 1910 Card.
1882 1861 2035 1925 Gallus
2054 1896 2068 1912 .

1350 1968 1478 2009 Locus
1493 1965 1549 2022 »Β
1562 1966 1693 2023 Sigilli
1707 1997 1721 2009 .

1780 2078 1819 2121 V-
1842 2078 2088 2137 Novaricrgst's
2106 2082 2348 2126 Secretarius
2360 2111 2377 2129 0

1404 2193 1611 2247 Exemplar
1624 2195 1848 2238 numnam
1865 2197 2031 2239 Archivo
2037 2178 2218 2255 generali
2233 2200 2374 2256 Oraia,
2438 2240 2444 2246 .

1464 2254 1565 2295 Tom-
1588 2255 1757 2299 F-num.
1782 2266 1865 2311 ¹49·

1357 2383 1421 2445 T
1554 2375 1661 2445 A.'

242 2471 314 2560 P
328 2474 438 2509 Arum
450 2483 566 2509 notum
578 2471 672 2509 fuifl'e
683 2473 821 2509 videtur
833 2472 899 2508 hoc
913 2473 1100 2508 Decretum
1111 2474 1281 2510 modernis
1290 2475 1523 2522 Scriptoribus
1537 2491 1550 2518 ;
1578 2481 1691 2525 plures
1713 2482 1802 2517 enim
1827 2493 1945 2518 eorum
1957 2506 1970 2527 ,
1988 2484 2030 2520 de
2043 2483 2146 2520 tertio
2161 2485 2198 2522 S.
2208 2487 2246 2522 P.
2261 2486 2372 2523 Fran-

339 2521 418 2556 cisci
428 2522 561 2556 Ordine
578 2521 762 2556 “aetantes
774 2544 787 2563 ,
812 2531 857 2555 ex
877 2521 1046 2556 anteriore
1069 2523 1217 2567 quodam
1250 2524 1358 2560 Sacra:
1384 2525 1672 2570 Congregationis
1687 2529 1837 2565 Concilii
1856 2532 2006 2568 Decreto
2018 2556 2032 2575 ‚
2060 2533 2147 2569 XX.
2165 2535 2250 2570 Dec.
2271 2535 2368 2572 1616.

240 2578 419 2610 emanue,
444 2569 559 2604 Nobis
572 2591 584 2610 ‚
604 2568 661 2614 jus
675 2569 718 2604 ad
726 2568 855 2603 diGtum
866 2567 1037 2604 Ordinem
1048 2569 1235 2615 recipiendi
1250 2596 1264 2614 ,
1286 2582 1478 2618 competere
1490 2596 1501 2615 ‚
1517 2575 1649 2611 cordate
1665 2577 1859 2622 denegant:
1873 2581 1931 2615 alii
1945 2582 2028 2616 vero
2039 2605 2051 2623 ‚
2075 2594 2164 2628 quos
2182 2583 2367 2619 Decretum

238 2615 488 2664 suprapositum
504 2618 605 2653 latere
623 2628 692 2651 non
711 2625 848 2662 poterat
861 2639 874 2657 ‚
902 2615 993 2652 varie
1020 2617 1117 2653 tortis
1134 2619 1332 2663 ambagibus
1358 2619 1453 2656 illius
1477 2620 1634 2665 vigorem
1649 2636 1810 2661 enervare
1833 2626 1991 2666 affetfftant
2006 2655 2016 2664 .
2037 2629 2226 2664 Videantur
2253 2642 2367 2668 autem

238 2665 323 2700 infra
336 2665 610 2702 Constitutiones
625 2666 812 2700 Clementis
831 2663 867 2699 X
873 2665 899 2700 l.
914 2663 1088 2701 Benediffi
1100 2667 1198 2703 Xlll.
1211 2679 1288 2704 cum
1304 2669 1494 2715 prolixiore
1505 2671 1561 2707 sua
1575 2673 1670 2709 Nota
1682 2697 1697 2715 ,
1720 2674 1754 2710 8<
1766 2675 1952 2715 Clementis
1967 2679 2018 2714 Xl
2028 2678 2091 2713 L&
2107 2678 2191 2725 quid
2201 2676 2289 2724 juris
2305 2691 2368 2716 no-

243 2713 294 2750 bis
305 2724 475 2761 competat
489 2737 503 2758 ,
531 2725 578 2749 ex
598 2712 640 2748 iis
653 2712 794 2759 liquebit
807 2736 819 2748 .

237 2939 583 3010 Indulgentiam
623 2939 871 3006 plenariam
900 2957 983 3008 pro
1009 2943 1267 2993 Oratione,

267 3011 561 3077 quadraginta
581 3012 819 3060 Horarum
833 3046 849 3068 ,
873 3012 918 3058 in
936 3011 1140 3062 Eccleliis
1157 3017 1262 3063 Pro-

259 3081 515 3130 vinciarurn
542 3081 1002 3135 Ultramontanarum
1025 3082 1227 3133 instituta
1245 3121 1262 3143 ,

262 3149 506 3201 confirmat
522 3188 537 3210 ‚
566 3168 754 3218 eamque
782 3150 840 3200 ad
857 3151 1074 3202 Ecclefias
1095 3156 1262 3204 Cathe-

261 3219 409 3270 drales
425 3258 441 3281 ,
470 3224 516 3271 in
547 3220 710 3288 quibus
741 3238 823 3287 per
852 3221 1122 3273 Adventum
1141 3261 1156 3282 ,
1189 3227 1261 3274 vel

262 3289 672 3361 Qadragefimam
698 3294 876 3341 Fratres
907 3294 1262 3353 concionantur,

263 3360 403 3427 &per
420 3381 496 3412 eos
515 3363 686 3414 Oratio
711 3377 963 3414 memorata
989 3364 1261 3425 instituitur,

263 3431 467 3482 extendit
487 3469 500 3482 .

378 3547 728 3607 PAULUS
781 3556 991 3604 PAPA
1042 3556 1107 3605 V.

442 3629 510 3670 Ad
507 3628 699 3686 futuram
717 3639 776 3677 ret·
796 3640 1018 3679 memoriam
1032 3666 1044 3678 .

229 3700 447 3816 ALias
463 3717 532 3758 per
547 3718 615 3747 nos
629 3711 922 3765 accepto‚quod
938 3711 1071 3753 dilecti
1087 3709 1160 3753 filii
1173 3710 1266 3753 Fra·

381 3773 464 3806 tres
483 3762 647 3808 Ordinis
662 3769 842 3812 Fratrum
858 3772 1064 3815 Minorum
1084 3774 1123 3815 S·
1135 3772 1264 3814 Eran-

1325 2944 1417 2987 cisci
1431 2948 1730 3003 Capucinorum
1746 2963 2062 3010 nuncupatorum
2075 2981 2089 3004 2
2118 2956 2361 2998 Orationem

1324 3004 1586 3061 quadraginta
1613 3012 1815 3054 Horarum
1849 3013 1902 3054 ad
1926 3015 2161 3057 Animarum
2190 3015 2361 3057 salutem

1321 3061 1540 3117 augendam
1555 3095 1568 3117 ‚
1593 3069 1632 3110 in
1649 3069 1970 3114 Ultramontanis
1984 3073 2164 3128 partibus
2179 3102 2192 3125 ‚
2223 3074 2260 3115 in
2279 3075 2359 3115 Ec-

1322 3121 1449 3163 clefiis
1471 3124 1690 3170 Civitatum
1706 3156 1720 3178 ‚
1741 3131 1780 3171 &
1802 3131 2001 3174 Locorum
2022 3159 2036 3182 2
2062 3133 2127 3173 ubi
2151 3132 2218 3187 ipsi
2247 3134 2359 3172 Con.-

1321 3192 1464 3222 ventus
1488 3184 1633 3228 habent
1649 3215 1663 3238 ‚
1691 3188 1896 3232 instituere
1922 3189 2075 3233 soleant
2094 3219 2105 3230 .
2122 3193 2206 3232 Nos
2226 3189 2357 3243 pium,

1322 3241 1361 3280 ὃς
1375 3239 1548 3283 sanctum
1562 3243 1814 3302 hujusmodi,
1828 3263 1982 3291 necnon
1999 3251 2091 3289 Deo
2105 3246 2275 3290 maxime
2290 3245 2359 3289 ac?-

1323 3301 1523 3353 ceptabile
1549 3318 1646 3358 opus
1687 3320 1930 3361 promovere
1959 3306 2166 3360 cupientes
2192 3335 2206 3357 ,
2245 3307 2356 3348 inter
2382 3359 2389 3366 .

1320 3357 1414 3401 alias
1436 3373 1509 3415 per
1526 3363 1675 3405 nostras
1690 3393 1704 3415 ,
1718 3365 1756 3407 in
1773 3364 1885 3406 fimili
1899 3362 2026 3407 forma
2040 3364 2196 3417 Brevis,
2210 3363 2276 3406 sub
2289 3363 2360 3407 die

1318 3431 1366 3458 xr
1382 3419 1534 3475 1-Junii
1552 3437 1727 3465 M.nc.v1
1742 3439 1794 3465 ιι.
1809 3423 2019 3477 expeditas
2036 3421 2211 3474 Literas,
2225 3424 2356 3465 omni-

1318 3477 1389 3517 bus
1405 3478 1608 3535 utriusque
1623 3479 1748 3522 Sextis
1765 3479 2105 3524 Christifidelibus
2120 3508 2134 3532 ‚
2153 3482 2250 3524 vere
2264 3496 2354 3538 poe-

1320 3536 1539 3580 nitentibus
1550 3567 1565 3586 ..
1576 3541 1616 3579 &
1627 3538 1841 3591 Conseffis‚
1859 3554 1906 3582 ac
1919 3543 2040 3582 Sacra
2053 3542 2353 3586 Communione

1319 3593 1478 3637 refestis
1518 3626 1532 3647 ‚
1574 3598 1640 3653 qui
1681 3599 1864 3640 Orationi
1904 3598 2172 3654 quadraginta
2213 3602 2350 3643 Hora-

1316 3667 1403 3694 rum
1419 3654 1643 3710 hujusmodi
1668 3656 1705 3697 in
1722 3655 1887 3698 Eclefiis
1903 3657 2094 3711 praediffls
2120 3657 2242 3702 semel
2275 3661 2349 3704 in.)

1323 3715 1441 3755 Anno
1469 3714 1740 3766 instituendae,
1767 3729 1838 3769 per
1866 3715 2028 3772 aliquod
2051 3719 2245 3773 temporis
2262 3720 2348 3775 spa-

1320 3772 1418 3828 tium
1433 3772 1698 3818 interfuissent
1716 3802 1730 3828 ,
1758 3777 1798 3818 δι
1822 3775 1876 3820 ibi
1900 3789 1974 3833 pro
1985 3776 2345 3826 Christianorum-,2

2129 3838 2286 3880 Princi-
