2658 4244
1044 251 1213 372 'Sub
1273 258 1353 355 S.

555 366 924 430 s.P1Us
997 380 1064 429 v.

296 500 449 553 Italus,
477 513 525 544 ex
540 501 685 559 Oppido
698 501 836 562 >Boschi
848 533 862 557 ,
877 505 920 546 in
930 506 1171 553 Lambardiae
1187 514 1349 554 Provin-

350 564 430 612 cia,
453 561 497 601 in
516 562 660 603 Saeculo
677 566 937 616 Antoniani&
947 571 990 608 in
1008 571 1153 611 Ordine
1167 573 1349 614 PP.Prae-

354 619 574 664 dicatorum
606 623 678 663 Fr.
713 623 892 666 Michacl
921 627 1140 671 Ghz‘slerius
1183 628 1307 672 dmm
1332 659 1347 682 ,

354 680 397 719 S.
415 680 464 720 R.
479 680 525 723 E.
543 679 776 724 Cardinalis
793 686 874 726 Tit.
889 687 932 726 S.
949 689 1098 728 Mart’ae
1110 686 1236 746 fitper
1259 692 1347 733 Mi-

353 750 516 780 nervam
531 765 546 789 ,
572 740 704 781 Romae
718 754 797 784 vii.
814 744 914 796 Jan.
934 757 1140 789 mevi.
1168 750 1345 789 Summus

353 794 542 854 Pontifi‘x·
568 808 721 841 creatus
736 829 747 841 .
781 801 851 843 Ad
862 803 982 844 Caelos
999 803 1166 859 transiit
1182 820 1213 846 i.
1237 808 1347 848 Maii

353 869 525 897 MDLxx
541 869 555 897 1
569 869 600 898 1.
614 857 984 918 postquamstdtfflt
1000 866 1131 906 Annos
1146 875 1218 906 vt·
1231 866 1345 907 Men-

335 913 408 975 sts
426 922 530 966 tres,
548 914 628 957 dics
644 931 763 961 xxv.

356 272 465 364 30

293 1032 375 1087 Ut
405 1033 645 1083 Fratribus
670 1034 730 1084 ad
764 1035 971 1087 Insulam
1003 1043 1156 1089 Cretae
1186 1036 1231 1086 se
1246 1042 1347 1105 pro?-

330 1119 500 1170 pagare
516 1104 776 1154 volentibus
792 1142 808 1165 ‚
828 1110 1105 1156 Conventus
1122 1108 1233 1156 inibi
1250 1108 1349 1157 aedi-

291 1213 293 1215 .
328 1171 493 1221 ficetur
511 1207 528 1231 ‚
556 1172 784 1242 Episcopo
801 1175 993 1246 Agienfi
1009 1178 1284 1229 committit.

291 1302 331 1356 A
352 1306 474 1359 tergo
492 1329 504 1342 .
560 1301 778 1407 Venerabilqi
805 1307 954 1420 fisa-²7²⁶
985 1305 1133 1364 Aloyfio
1163 1305 1344 1365 Episcopo

765 1377 859 1420 gten
873 1379 890 1405 ι
905 1393 917 1404 .

447 1481 711 1536 PIUS
781 1485 1056 1534 PAPA
1129 1488 1194 1535 V.

442 1608 673 1652 Enerabilis
703 1611 880 1661 Frater,
910 1612 1093 1654 Salutem
1109 1612 1186 1651 ὅτε.
1214 1612 1343 1652 Sacrae

460 1666 720 1720 Religionis,
752 1667 822 1709 sub
847 1681 926 1723 qua
961 1668 1102 1710 dileffi
1131 1666 1222 1709 Filii
1248 1669 1346 1708 Fra-

293 1731 384 1767 tres
412 1722 575 1766 Ordinis
602 1726 643 1767 S.
660 1724 862 1766 Francisci
889 1725 942 1766 de
973 1725 1239 1769 Observantia
1265 1727 1347 1767 Ca-

294 1782 436 1840 pucini
468 1782 713 1839 nuncupati,
733 1781 930 1827 devotum
947 1813 961 1836 ,
991 1784 1223 1828 &sedulum
1240 1783 1352 1826 exhi-

296 1843 396 1886 bent
427 1841 609 1883 Domino
637 1838 871 1884 famulatum
895 1872 908 1895 ,
937 1852 1197 1900 promeretur
1225 1845 1354 1885 hone-

288 1900 404 1951 ·stas,
435 1910 481 1942 ut
508 1899 674 1942 illorum
701 1902 888 1955 precibus
906 1930 920 1953 ,
951 1903 992 1944 in
1018 1903 1067 1944 iis
1097 1901 1308 1958 praesertim
1337 1930 1352 1953 ,

296 1972 382 2015 quae
395 1957 524 2000 divini
541 1956 676 2000 cultfis
687 1971 976 2014 augumentum
996 1990 1010 2013 ,
1040 1963 1079 2003 &
1094 1961 1350 2004 animarum,

296 2017 472 2062 salutem
505 2046 520 2069 ,
552 2031 597 2059 ac
622 2017 830 2073 religionis
858 2021 1190 2077 propagationem
1227 2018 1351 2076 respi-

298 2077 444 2128 ciunt,
476 2085 669 2132 quantum
695 2090 787 2119 cum
815 2080 910 2120 Deo
936 2077 1158 2134 possumus,
1190 2077 1351 2121 favora-

295 2135 443 2178 biliter
469 2148 712 2176 annuamus-
748 2137 905 2193 Exponi
935 2138 1027 2180 sane
1059 2137 1191 2181 Nobis
1220 2151 1348 2194 nuper

293 2193 490 2236 fecerunt
508 2193 631 2235 iidem
646 2196 829 2247 Fratres,
857 2196 967 2253 quod
996 2197 1063 2252 ipsi
1089 2195 1349 2239 consideran·

298 2262 365 2298 tes
383 2251 588 2294 nullamin
602 2249 737 2293 Insula
764 2255 904 2298 Cretae
930 2269 1004 2311 pro
1023 2269 1166 2298 eorum
1192 2256 1351 2298 habita··

299 2310 420 2354 tione
451 2312 629 2352 Domum
661 2310 842 2363 habere,
871 2315 913 2356 in
943 2313 1024 2369 qua
1051 2324 1347 2358 commorantes

294 2368 416 2430 juxta
449 2382 591 2410 eorum
618 2370 844 2425 Regularia
861 2372 1051 2415 Instituta
1068 2372 1248 2415 sedulum
1265 2376 1351 2415 Do-

295 2428 412 2471 mino
431 2427 675 2470 exhiberent
693 2426 961 2482 famulatum,
997 2429 1252 2487 summopere
1279 2447 1353 2475 cu-

296 2487 468 2545 piebant
485 2484 535 2528 ad
551 2487 631 2528 Dei
650 2485 813 2529 laudem
832 2517 847 2539 ,
870 2491 910 2530 δε
924 2491 1120 2532 honorem
1146 2490 1352 2544 aliquam

297 2548 482 2588 Domum
499 2558 573 2599 pro
588 2544 655 2587 usu
673 2572 688 2596 ,
717 2547 755 2587 &
781 2548 1035 2591 habitatione
1061 2552 1230 2605 Septem
1255 2550 1352 2591 Fra-

300 2613 414 2651 trum
428 2601 524 2644 dieti
540 2603 706 2645 Ordinis
726 2633 740 2655 ,
770 2621 941 2662 quorum
970 2621 1070 2651 unus
1093 2607 1205 2664 juxta
1222 2609 1323 2650 ritus
1339 2635 1353 2659 ,

302 2663 346 2709 δε
364 2673 499 2702 mores
515 2659 614 2702 dieti
627 2662 792 2707 Ordinis
807 2667 1063 2711 Guardianus
1079 2665 1219 2709 existat
1236 2679 1352 2716 ,cum

302 2716 550 2764 Resec‘torio
564 2748 579 2771 ,
610 2721 869 2767 Dorniitorio
886 2755 900 2776 ,
929 2725 1106 2768 Cellulis
1122 2753 1136 2777 ,
1156 2725 1354 2775 Ecclesia,

304 2777 569 2833 Campanili‚
602 2782 839 2836 Campana,
872 2785 1016 2827 Hortis
1039 2813 1052 2835 ,
1083 2784 1306 2827 hortalitiis
1338 2811 1353 2835 ,

306 2839 350 2883 δι
368 2835 458 2879 aliis
472 2835 696 2881 necessariis
710 2840 880 2886 officinis
898 2844 1078 2896 habere,
1095 2858 1142 2886 ac
1166 2851 1351 2898 propter-

299 2910 356 2940 ea
368 2896 498 2937 Nobis
514 2896 723 2942 humiliter
735 2900 948 2959 supplicari
963 2899 1151 2947 fecerunt
1167 2935 1182 2957 ,
1210 2911 1256 2946 ut
1281 2901 1351 2944 sibi

299 2956 349 2998 in
364 2954 565 3010 praemiffis
580 2961 808 3013 opportune
824 2961 1042 3018 providere
1057 2992 1072 3015 ,
1099 2962 1152 3005 de
1168 2961 1354 3018 benigni·

302 3013 653 3081 tates-&postolica
679 3018 938 3075 dignaremur
979 3024 1069 3064 Nos
1098 3023 1249 3078 igitur,
1280 3020 1349 3077 qui

302 3070 573 3138 Religionem
599 3103 615 3124 ,
644 3078 681 3117 &
708 3079 878 3122 Cultum
903 3079 1128 3137 hujusmodi
1157 3112 1172 3135 ‚
1202 3079 1344 3126 nostriS

300 3130 506 3190 potissime
521 3136 771 3186 temporibus
785 3139 922 3195 augeri
937 3169 951 3190 ,
976 3142 1015 3182 &
1030 3141 1169 3195 vigere
1185 3140 1346 3185 intensis

301 3190 580 3258 desideramus
598 3193 801 3240 affeitibus
817 3226 832 3249 ,
851 3197 1074 3254 hujusmodi
1088 3199 1351 3257 supplicatio-

302 3250 426 3293 mbus
453 3250 637 3296 inclinati
665 3282 681 3305 ,
710 3257 974 3301 Fraternitati
1002 3261 1099 3303 Tuae
1124 3274 1241 3303 unam
1269 3263 1352 3302 Do.

307 3323 419 3351 mum
449 3310 489 3352 in
522 3312 706 3366 praedffia
736 3313 869 3358 Insula
901 3316 941 3358 in
974 3316 1097 3367 loco,
1131 3318 1170 3359 in
1198 3332 1277 3374 quo
1301 3331 1352 3361 ex

310 3367 561 3416 eleemosinis
578 3373 793 3416 commode
807 3376 973 3418 Fratres
1002 3375 1236 3419 substentari
1265 3377 1355 3433 ροβ-

311 3426 417 3492 fitjt3
442 3443 516 3483 pro
530 3429 598 3473 usu
614 3461 628 3484 ,
653 3434 694 3474 δι
711 3433 964 3477 habitatione
979 3437 1146 3490 Septem
1166 3438 1352 3478 Fratrum

312 3481 413 3539 (1¹31
426 3488 589 3537 Ordinis
606 3520 622 3544 ,
651 3506 821 3555 quorum
838 3506 936 3537 unus
951 3507 1027 3553 pro
1043 3503 1228 3550 tempore
1241 3494 1354 3552 juxta

1099 3604 1331 3671 ΝΟ

1507 264 1517 284 δ
1545 260 1559 266 ”“
1622 269 1626 276 ι

1421 262 1557 352 ‘on
1626 267 1727 357 V.

1403 387 1504 428 ritus
1520 412 1534 436 ,
1559 385 1598 425 &
1620 399 1754 428 mores
1781 381 1876 427 dieti
1897 379 2062 427 Ordinis
2094 375 2345 426 ciiii-dianus
2374 388 2443 428 ex?

1402 443 1491 485 istat
1515 472 1530 495 ,
1562 457 1653 486 cum
1683 442 1921 486 Reseffitorio
1941 472 1954 495 ,
1987 441 2266 500 Dormitorio,
2298 443 2443 485 Cellu-

1409 501 1458 544 lis
1481 531 1496 554 ,
1528 502 1710 545 Ecclefia
1738 530 1752 554 ,
1783 501 2008 559 Campanili
2027 528 2041 553 2
2069 503 2305 555 Campana,
2335 503 2446 543 Hor-

1408 561 1491 611 tis,
1523 561 1740 603 hortalitiis
1765 590 1779 614 ,
1811 565 1849 603 δε
1880 562 1968 603 aliis
2001 557 2227 602 necessariis
2260 556 2440 600 Officinis

1407 617 1554 674 absque
1580 620 1747 677 alicujus
1779 620 2014 679 praejudicio
2039 617 2245 668 construi,
2275 615 2448 657 &redifi-

1407 677 1491 719 cari
1523 675 1731 730 faciendi,
1755 693 1829 721 nec
1855 695 1934 722 non
1959 677 2115 722 eisdem
2134 674 2342 719 Fratribus
2362 677 2448 716 Do-

1410 748 1515 777 mum
1543 735 1663 790 ipsam
1689 750 1762 792 pro
1789 737 1856 779 usu
1885 766 1900 789 ,
1926 740 1965 780 &
1996 736 2249 780 habitatione
2281 731 2448 788 praefatis

1406 793 1518 851 juxta
1534 794 1632 836 ritus
1651 823 1665 846 ,
1695 797 1733 837 δε
1750 810 1880 840 mores
1895 825 1909 848 ‚
1942 812 1989 840 ac
2017 794 2240 852 Regularia
2266 791 2450 833 Instituta

1403 852 1500 894 difti
1526 853 1694 895 Ordinis
1721 856 2002 908 concedendi,
2034 858 2073 898 δε
2100 849 2345 909 affignandia
2376 849 2454 892 Cis·

1403 909 1579 965 demque
1595 912 1927 955 Fratribusillam
1942 914 2194 968 recipiendi,
2227 924 2273 952 ac
2308 923 2449 964 perpe.

1403 970 1478 1010 tuo
1504 968 1739 1020 retinendi,
1771 984 1815 1011 ac
1833 972 1996 1014 Fratres
2013 971 2227 1027 praedictos
2244 966 2421 1010 moribus
2438 995 2453 1018 ,

1404 1027 1444 1067 &
1476 1026 1674 1069 Institutis
1703 1027 2003 1081 Regularibus,
2037 1043 2191 1072 necnon
2225 1028 2450 1068 Observan-

1407 1084 1470 1126 tiae
1497 1085 1664 1126 aliarum
1697 1087 1964 1139 Regularium
1987 1086 2082 1129 disti
2109 1085 2276 1139 Ordinis
2295 1085 2455 1124 Domo-

1406 1156 1495 1185 rum
1512 1140 1765 1185 conformare
1779 1142 1935 1187 debere
1948 1175 1962 1197 ,
1989 1145 2217 1196 statuendi,
2247 1144 2286 1183 δε
2308 1140 2456 1183 decer-

1403 1200 1553 1252 nendi,
1571 1199 1728 1255 plenam
1744 1228 1758 1251 ,
1789 1200 2008 1245 &liberam
2026 1233 2041 1254 ,
2071 1204 2322 1245 authoritate
2341 1203 2456 1254 Apo-

1401 1259 1543 1302 stolica
1569 1268 1713 1300 tenore
1739 1258 1988 1313 praesentium
2019 1260 2230 1302 licentiam
2256 1257 2455 1299 concedi-

1404 1331 1518 1366 mus,
1545 1318 1582 1357 &
1599 1316 1858 1359 facultatem.
1881 1322 1969 1361 Nos
1990 1320 2142 1373 igitur,
2157 1317 2344 1360 fidinam
2365 1318 2451 1358 Do-

1404 1390 1513 1421 mum
1525 1374 1678 1418 eisdem
1694 1375 1902 1419 Fratribus
1917 1377 2158 1429 concesseris
2173 1405 2186 1427 ,
2220 1385 2266 1418 ut
2279 1374 2451 1430 praefer-

1404 1446 1500 1485 tur,
1531 1433 1699 1484 domui,
1731 1448 1776 1476 ac
1793 1436 2000 1478 Fratribus
2016 1435 2211 1492 praediffis
2231 1434 2270 1475 in
2301 1447 2348 1475 ea
2373 1446 2453 1488 pro

1405 1505 1592 1549 tempore
1610 1492 1850 1548 degentibus
1868 1523 1882 1546 ,
1914 1505 1957 1537 ut
1973 1495 2159 1537 omnibus
2174 1522 2188 1544 ,
2219 1494 2258 1534 &
2286 1490 2451 1547 singuiis

1404 1552 1658 1610 privilegiis,
1682 1554 1981 1608 praerogativis,
2013 1550 2361 1601 immunitatibus,
2388 1564 2455 1593 ex.

1404 1611 1678 1665 emptionibus
1694 1637 1708 1660 ,
1739 1609 1943 1652 favoribus
1963 1616 1977 1661 ,
2007 1612 2145 1666 gratiis
2161 1640 2174 1662 ,
2206 1613 2243 1652 δε
2259 1609 2454 1660 Induitis,

1406 1670 1550 1725 quibus
1566 1668 1651 1709 aliae
1669 1670 1820 1708 Domus
1837 1696 1851 1717 ,
1881 1671 1920 1709 &
1943 1672 2110 1711 Fratres
2138 1668 2318 1723 ejusdem
2332 1669 2458 1710 Ordi-

1414 1729 1472 1770 nis
1489 1727 1675 1767 haetenus
1692 1726 1771 1775 usi,
1803 1727 1953 1781 potiti,
1983 1728 2023 1767 &
2048 1726 2167 1782 gavisi
2192 1726 2310 1776 sunt,
2342 1736 2458 1767 utan-

1414 1796 1511 1835 tur,
1545 1784 1781 1839 potiantur,
1812 1784 2093 1838 &gaudeant,
2125 1785 2271 1835 acuti,
2303 1784 2456 1838 potiri,

1412 1849 1452 1887 δι
1474 1844 1655 1898 gaudere
1684 1841 1827 1896 poffint
1842 1870 1856 1892 ,
1887 1842 2117 1886 &debeant
2141 1842 2453 1899 quomodolibet

1412 1906 1452 1947 in
1472 1903 1652 1945 futurum
1667 1929 1681 1951 ,
1701 1902 1951 1944 authoritate
1964 1903 2004 1942 &
2016 1911 2164 1945 tenore
2178 1902 2378 1957 praesentis
2393 1903 2456 1944 in-

1412 1962 1626 2016 dulgemus
1641 1975 1655 2014 3
1669 1958 1878 2002 districtius
1893 1961 2122 2003 inhibentes
2135 1959 2338 2013 quibusvis
2357 1975 2455 2015 per-

1407 2021 1511 2065 sonis
1525 2019 1794 2078 cujuscunque
1808 2019 2019 2075 dignitatis
2034 2048 2048 2072 ‚
2081 2017 2199 2062 statfis
2215 2047 2229 2070 ,
2261 2017 2419 2061 ordinis
2432 2048 2449 2071 ,

1407 2084 1448 2123 &
1470 2078 1718 2123 conditionis
1740 2077 1907 2121 existant
1922 2107 1935 2130 ,
1971 2079 2092 2121 etiam
2112 2078 2182 2120 sub
2207 2080 2454 2120 Excommu-

1409 2139 1613 2184 nicatione
1626 2168 1640 2191 ,
1672 2138 1709 2178 &
1724 2138 1812 2180 aliis
1826 2135 2032 2180 sententiis
2048 2166 2062 2188 ,
2078 2137 2256 2179 censuris
2273 2165 2287 2187 ,
2308 2137 2348 2176 &
2362 2151 2455 2192 poe-

1410 2199 1469 2243 nis
1483 2228 1497 2250 ,
1529 2213 1578 2240 ne
1594 2197 1785 2252 deinceps
1799 2196 2004 2252 perpetuis
2021 2197 2165 2238 futuris
2200 2197 2450 2250 temporibus

1409 2257 1571 2301 eosdem
1586 2258 1744 2299 fratres
1760 2256 1875 2310 super
1888 2255 2087 2309 pra-millis
2101 2253 2333 2305 molestare,
2351 2268 2452 2310 per-

1409 2316 1608 2366 turbare,
1639 2314 1705 2357 vel
1737 2314 1965 2369 inquietare
1998 2312 2257 2369 praesumant.
2289 2315 2448 2356 Decer-

1410 2384 1551 2420 nentes
1565 2388 1727 2430 quoque
1744 2372 1953 2429 praesentes
1983 2372 2120 2417 literas
2148 2373 2261 2415 nullo
2277 2385 2451 2428 unquam

1413 2445 1599 2489 tempore
1613 2434 1666 2475 de
1680 2430 1966 2486 subreptionis,
1980 2432 2046 2474 vel
2061 2429 2313 2488 obreptionis
2331 2431 2450 2481 vitio,

1414 2504 1482 2535 aut
1500 2492 1735 2535 intentionis
1757 2491 1894 2533 nostrae
1919 2488 2081 2532 defectu
2092 2491 2249 2541 notari,
2281 2488 2350 2530 vel
2370 2490 2449 2529 im-

1414 2553 1583 2608 pugnari
1600 2549 1706 2606 posse
1723 2580 1737 2602 ,
1754 2550 1930 2591 minusve
1945 2547 2011 2590 sub
2026 2549 2228 2605 quibusvis
2243 2547 2452 2598 fimilium,

1415 2610 1482 2652 vel
1498 2609 1742 2653 dissimilium
1756 2610 1977 2662 gratiarum
1998 2607 2326 2650 revocationibus
2343 2634 2357 2655 ,
2389 2605 2453 2648 su—

1412 2668 1685 2723 spenfionibus
1700 2697 1714 2718 ,
1744 2667 2050 2710 limitationibus
2067 2695 2081 2718 ,
2109 2668 2148 2707 &
2171 2665 2454 2720 derogationi-

1412 2729 1486 2770 bus
1502 2724 1816 2782 comprehendi,
1831 2724 1899 2766 sed
1915 2725 2069 2780 semper
2082 2724 2224 2765 abillis
2241 2734 2450 2777 exceptas,

1410 2793 1451 2829 δ(
1480 2787 1642 2840 quoties
1670 2784 1747 2828 illae
1774 2784 2014 2826 emanabunt
2044 2810 2058 2832 ,
2100 2782 2292 2828 totiesjin
2322 2781 2454 2837 pristi-

1410 2859 1505 2889 num
1531 2845 1676 2888 statum
1704 2840 1935 2893 restitutas,
1965 2844 2004 2883 &
2029 2839 2210 2896 plenarie
2225 2840 2451 2896 reintegra—

1411 2915 1472 2948 tas
1487 2901 1565 2947 effe
1581 2933 1594 2956 ,
1624 2906 1662 2946 ὃς
1689 2899 1841 2945 censeri
1868 2917 1879 2944 :
1909 2901 2091 2958 sicquein
2107 2898 2304 2955 praemiffis
2320 2913 2448 2941 omni-

1403 2965 1485 3007 ‘bus
1505 2977 1578 3020 per
1605 2961 1862 3019 quoscunque
1889 2963 1967 3003 &c-
1998 2959 2122 3003 etiam
2136 2956 2358 3002 Causarum
2377 2961 2454 3001 Pa-

1413 3023 1502 3066 latii
1530 3020 1747 3078 Apostolici
1773 3019 1996 3064 Auditores
2021 3045 2035 3067 ,
2071 3032 2116 3059 ac
2148 3021 2186 3062 S.
2204 3018 2256 3058 R.
2274 3018 2322 3058 Ε.
2351 3020 2453 3060 Car-

1408 3081 1591 3133 dinales,
1617 3075 1771 3124 sublati}
1799 3078 1855 3121 eis
1881 3080 1956 3120 &c.
2000 3076 2203 3126 scienter,
2234 3074 2302 3116 vel
2340 3076 2454 3129 igno-

1408 3151 1547 3185 ranter
1577 3138 1798 3195 contigerit
1823 3136 2044 3179 attentari.
2080 3139 2174 3178 Non
2198 3133 2443 3175 obstantibus

1406 3198 1608 3258 praemissis
1622 3229 1636 3251 ,
1667 3214 1711 3244 ac
1729 3196 1899 3240 seh-rec.
1918 3193 2106 3241 Bonifacii
2125 3194 2242 3236 v111.
2261 3221 2274 3243 ,
2293 3193 2372 3248 qufi
2388 3207 2449 3235 ca.

1414 3268 1560 3310 vetur,
1591 3273 1641 3301 ne
1667 3256 1795 3315 quivis
1818 3255 2020 3298 Ordinum
2034 3251 2356 3296 Mendicantium
2371 3253 2449 3293 &c.

1415 3315 1646 3377 caeterisque
1668 3314 1882 3359 contrariis
1925 3311 2251 3370 quibuscunque.
2299 3314 2449 3353 Datum

1413 3381 1555 3423 Romae
1579 3375 1684 3433 apud
1713 3377 1752 3418 S.
1771 3376 1938 3417 Petrum
1960 3368 2030 3414 sub
2054 3370 2214 3414 Annulo
2231 3368 2466 3411 Piscatoris-

1414 3438 1497 3481 Die
1522 3450 1575 3482 vt
1587 3451 1622 3479 1.
1645 3433 1750 3492 Junii
1774 3444 2004 3480 Mnrxvit.
2023 3428 2284 3475 Pontificatus
2316 3429 2448 3473 Nostri

1414 3499 1534 3541 Anno
1548 3493 1733 3543 Secundo
1745 3520 1758 3538 ι

1418 3604 1661 3668 TA.

380 3718 420 3754 N
436 3718 673 3757 executionem
686 3722 880 3761 Pontificlae
891 3722 993 3771 hujus
1003 3720 1260 3760 constitutionis
1272 3722 1317 3758 ad
1331 3721 1448 3760 rudem
1459 3721 1544 3756 hanc
1557 3716 1698 3753 insulam
1710 3739 1724 3761 ,
1749 3727 1824 3763 quae
1835 3725 1967 3752 mutato
1976 3714 2049 3762 jam
2063 3715 2201 3752 nomine
2213 3714 2344 3752 Candi'a
2372 3725 2431 3761 ap-

391 3767 538 3813 pellatur
550 3791 565 3811 ‚
589 3770 609 3802 a
622 3769 661 3804 P.
677 3771 790 3806 Mario
803 3775 823 3808 a
839 3774 932 3810 Foro
944 3770 1100 3811 Sarzinio
1114 3796 1126 3814 ‚
1155 3770 1303 3807 Ordinis
1316 3770 1459 3808 Vlcario
1470 3765 1643 3804 Generali
1657 3790 1669 3810 ,
1681 3777 1746 3802 ceu
1758 3765 2012 3801 Cominisl'arius
2027 3763 2139 3799 missus
2153 3764 2200 3799 est
2218 3765 2254 3799 Ρ.
2275 3763 2432 3806 ignatius

315 3814 362 3850 de
380 3815 495 3861 Apiro
508 3838 522 3858 ,
546 3816 606 3862 qui
617 3839 630 3860 ‚
654 3828 756 3863 quam
772 3819 895 3855 sudore
909 3819 1011 3856 studii
1023 3843 1037 3863 ,
1061 3820 1187 3856 arrium
1201 3819 1236 3855 St
1251 3819 1446 3863 linguarum
1460 3815 1617 3863 peritiam
1643 3826 1713 3850 non
1737 3814 1948 3861 possidebat,
1973 3813 2097 3848 docilis
2118 3812 2247 3856 ingenii
2282 3812 2435 3847 acumine

319 3873 396 3905 tam
407 3862 585 3918 acquistvit
597 3888 611 3914 2
634 3864 681 3906 ita
695 3866 853 3915 quidem,
874 3876 913 3905 ut
925 3867 1126 3908 Gra-corum
1137 3867 1415 3919 interpretaretur
1429 3865 1534 3903 libros
1545 3888 1559 3910 ,
1584 3865 1619 3903 8<
1635 3863 1739 3903 iibere
1757 3864 1964 3902 Hebraicum
1980 3862 2174 3910 loqueretur
2198 3860 2322 3896 idIoma
2339 3884 2348 3894 .
2382 3860 2433 3896 lbi

2307 3909 2389 3955 tium
