2658 4244
1021 227 1184 313 Sub
1248 222 1491 309 Paulo
1558 223 1658 310 V.
2236 255 2270 320 5
2296 257 2328 321 5

286 344 376 383 latus
391 356 402 381 ε
415 342 540 382 Oratio
554 343 783 393 quadraginta
796 339 956 379 horarum
970 339 1174 377 Sanfiarum
1186 363 1199 382 ,
1219 339 1382 375 videlicet
1396 336 1758 386 earumfignifr'catum,
1770 330 1938 388 institutio
1952 362 1965 382 ‚
1977 339 2018 382 ὅς’
2033 341 2160 378 fruitus
2173 352 2183 376 ε
2197 344 2312 390 'Typis
2333 341 2396 377 ῑηι.

279 391 409 443 pressus
423 393 612 430 Mediolani
623 419 636 438 ,
653 396 687 430 8(
701 394 734 429 in
749 392 984 429 Germanicam
998 389 1143 432 linguam
1157 386 1330 423 traduGtus
1343 412 1357 431 ,
1372 399 1410 423 ac
1424 387 1527 433 praelo
1541 385 1640 421 datus
1654 385 1852 421 Laudishuti
1865 387 1901 420 in
1919 388 2062 425 Bavaria
2075 403 2162 425 anno
2176 400 2271 437 1739.

378 442 470 478 Cum
480 453 592 478 autem
605 443 672 478 haec
683 439 930 486 devotiojuxta
946 437 1171 474 P.Boverium
1185 436 1243 482 (a)
1254 438 1292 471 ea
1307 440 1438 470 ratione
1451 433 1599 469 instituta
1614 433 1712 472 sn3ut
1725 434 1835 470 Sacra
1847 434 2058 485 Eucharistid
2066 437 2200 484 publice}
2213 437 2394 486 inEcclefia
2411 446 2524 482 (olm
2537 445 2606 476 ςῐω.

275 487 342 538 'per
353 489 490 526 totidem
499 489 598 526 horas
610 499 650 524 ex
673 490 747 538 qsstd
758 512 771 531 ‚
793 486 986 537 Christiana
995 483 1088 534 plebs
1102 483 1317 521 Paenitentia·
1336 483 1557 519 Sacramenta
1577 480 1598 517 ὰ
1612 480 1720 528 culpis
1733 483 1868 529 expiata
1877 506 1890 526 ,
1905 494 1944 517 ac
1957 484 2063 520 Sacro
2078 486 2230 522 ‘Domini
2245 486 2393 534 Corpore
2411 495 2441 518 to
2454 505 2464 516 ·

281 537 428 585 reftffa,
446 547 553 575 totum
568 535 631 572 illa
664 536 820 584 temporis
831 535 982 584 spatium
1000 534 1062 582 pt'a‘
1077 532 1246 569 Oratione
1269 530 1413 568 celebret
1421 531 1492 571 &c-
1512 530 1638 565 Paulus
1649 529 1696 565 V.
1718 529 1946 567 confessarios
1958 533 2088 567 nostros
2101 556 2112 575 ,
2136 535 2251 581 quoad
2276 536 2395 572 Sacra-

279 587 382 621 menti
399 585 600 622 Poenitentiae
611 584 925 620 administrationem
940 605 951 625 ‚
966 580 1126 628 peculiari
1139 580 1298 616 facultate
1321 578 1468 615 munivit
1486 603 1495 613 .
1516 578 1717 614 Notandum
1743 587 1854 614 autem
1879 578 1929 614 est
1940 602 1953 622 ‚
1978 581 2072 625 quod
2083 581 2186 626 juxta
2200 581 2395 629 apostolici

279 631 401 672 Brevis
415 636 538 677 verba,
549 632 609 666 illa
619 630 785 668 duntaxat
797 633 848 668 uti
862 631 978 679 possint
989 658 1000 672 ,
1013 636 1045 667 &
1060 631 1220 671 debeant,
1234 629 1353 675 quoad
1368 624 1519 663 excelsus
1530 624 1722 662 eommifl'os
1736 649 1749 670 ‚
1763 627 1798 662 8(
1807 627 1961 665 censuras
1974 628 2039 664 &c-
2054 629 2201 666 incursas
2216 653 2227 665 .

562 679 614 726 (·)
641 679 681 714 In
697 682 910 727 praeteritum
930 677 951 715 ἃ
969 679 1026 715 die
1045 678 1205 714 datarum
1226 676 1440 726 prafienn'um
1452 699 1463 709 .
1718 710 1723 713 ,

280 730 345 774 ita,
357 741 394 766 ut
403 729 512 767 sensus
523 725 680 773 proprius
693 750 705 769 ‚
719 728 753 763 &
771 731 792 763 ὲ
803 728 966 764 Ministris
981 728 1144 764 Romanae
1157 725 1273 761 Curiae
1287 721 1445 771 expresse
1460 724 1479 758 a
1493 735 1545 758 me
1559 722 1707 771 petitus,
1731 722 1770 760 fit
1782 749 1797 768 ,
1824 725 1920 772 quod
1936 725 2133 773 poenitentes
2156 728 2397 765 tantummodo

278 778 398 823 possint
405 775 535 812 absolvi
548 775 568 808 a
577 773 775 811 criminibus
785 799 797 819 ‚
810 777 844 812 &
861 774 1006 812 censuris
1018 784 1099 812 ante
1111 773 1199 809 diem
1212 772 1311 810 Datae
1326 797 1338 816 ‚
1350 770 1514 820 commissis
1525 795 1539 815 ,
1561 771 1619 808 vel
1627 772 1769 821 incursis
1780 799 1789 808 .
1809 774 1942 810 Summi
1962 775 2141 811 Pontifices
2154 776 2242 811 enim
2255 800 2266 819 ‚
2294 788 2399 824 quan-

277 824 324 859 do
337 824 433 860 nobis
443 821 676 869 Apostolicam
692 822 774 858 hanc
784 822 977 861 facultatem
990 823 1174 868 delegant,
1195 833 1264 856 non
1278 820 1428 865 cogitant
1442 820 1484 855 de
1500 819 1586 856 statu
1601 821 1860 867 poenitentium,
1879 834 1937 867 per
1949 822 2160 870 septennium
2176 822 2294 859 futuro
2306 850 2320 869 ,
2341 824 2399 859 sed

274 871 319 907 de
327 873 432 908 unico
445 870 531 907 statu
547 869 700 916 praesenti
714 884 723 907 τ
737 884 798 909 nec
809 871 1008 908 Christianis
1021 869 1182 919 perverlis
1194 870 1304 907 ansam
1319 870 1398 906 dare
1408 868 1552 915 cupiunt
1563 892 1576 911 ‚
1596 880 1642 905 ex
1657 870 1855 915 Septennali
1870 870 2032 907 facultate
2057 872 2292 908 committendi
2319 872 2400 908 libe·

274 920 349 956 tius
360 930 494 967 peecata
507 942 520 961 ‚
533 918 594 954 sub
605 919 659 966 spe
670 919 895 957 absolutionis
903 944 916 963 ,
938 921 973 956 in
985 919 1152 958 Oratione
1166 918 1387 965 quadraginta
1398 917 1556 953 horarum
1570 918 1780 965 impetranda
1793 941 1806 961 ‚
1835 918 1891 956 sed
1907 919 2092 956 remedium
2116 920 2222 961 dant,
2241 930 2279 954 ut
2295 920 2401 966 poeni·

275 976 385 1004 tentes
394 968 583 1016 proficiant
602 965 666 1014 a‘se
680 969 899 1016 iniquitates,
915 968 949 1005 in
959 969 1084 1016 quibus
1096 978 1210 1011 antea,
1222 967 1279 1002 seu
1292 965 1553 1014 inpraeteritum
1567 965 1775 1013 praevaricati
1794 965 1868 1004 sunt
1878 993 1892 1013 ,
1907 967 1950 1008 (ς’
1957 967 2163 1017 faciantfibi
2178 967 2246 1004 Cor
2258 977 2401 1010 novum,

272 1014 485 1064 &spiritum
495 1026 621 1051 novum
632 1040 641 1050 .
657 1016 736 1054 Inde
748 1016 889 1056 facultas
899 1017 968 1055 haec
985 1028 1054 1053 non
1067 1015 1116 1052 est
1130 1026 1328 1063 permanens
1341 1015 1383 1052 ad
1396 1013 1604 1061 septennium
1617 1038 1629 1058 ‚
1640 1013 1696 1049 sed
1708 1039 1720 1058 ,
1734 1026 1837 1062 prout
1853 1017 1886 1052 in
1906 1016 2009 1052 Brevi
2024 1015 2227 1062 Apostolico
2241 1025 2400 1051 notanter

272 1065 398 1100 dicitur
408 1090 419 1101 .
435 1063 503 1101 Pro
512 1064 626 1112 prz‘ma
638 1065 712 1100 vice
725 1067 873 1112 tantam,
888 1079 955 1115 qua
967 1063 1149 1122 exponitur
1164 1064 1302 1108 Oratio,
1315 1063 1377 1106 ita,
1390 1072 1426 1098 ut
1439 1063 1473 1099 in
1489 1061 1585 1098 annis
1598 1061 1770 1109 subsequis
1783 1087 1796 1107 ‚
1819 1063 1943 1102 etiamsi
1955 1065 2023 1100 haec
2037 1074 2228 1112 exponatur
2243 1088 2256 1108 ,
2270 1074 2339 1099 non
2353 1074 2401 1099 ta-

271 1124 349 1150 men
361 1114 460 1150 duret
474 1112 612 1149 facultas
625 1112 821 1150 absolvendi
835 1139 848 1159 ,
875 1115 931 1151 sed
944 1123 1079 1160 expiret
1091 1112 1159 1148 illis
1170 1111 1278 1147 tribus
1291 1111 1412 1147 diebus
1423 1135 1435 1154 ‚
1461 1110 1585 1158 quibus
1599 1110 1706 1158 prima
1723 1112 1796 1148 vice
1807 1112 1870 1149 fuit
1882 1111 2037 1159 expolita
2051 1113 2163 1148 oratio
2173 1136 2183 1149 .

369 1164 480 1198 Durat
504 1171 642 1198 econtra
661 1173 720 1209 per
747 1173 858 1199 totum
872 1160 1092 1210 Septennium
1104 1184 1117 1204 ,
1142 1160 1198 1196 vel
1219 1158 1431 1196 Decennium
1443 1159 1565 1206 ,juxta
1584 1158 1764 1195 terminum
1780 1160 1814 1196 in
1828 1161 1930 1197 Brevi
1946 1161 2198 1208 specificatum,
2214 1161 2398 1205 induigen-

271 1208 320 1246 tia
335 1209 483 1258 plenaria
496 1234 507 1244 .
529 1210 690 1256 Cumque
705 1211 890 1258 aliquando
902 1211 1098 1253 dubitetur,
1122 1208 1335 1255 quandonam
1347 1232 1361 1250 ,
1386 1210 1442 1243 vel
1455 1207 1555 1254 hujus
1567 1232 1581 1251 ,
1606 1209 1662 1243 vel
1678 1208 1822 1244 aliarum
1841 1209 2130 1253 indulgentiarum
2147 1209 2397 1256 septennium..

269 1258 434 1305 incipiat,
456 1256 614 1294 videlicet
625 1281 640 1301 ,
666 1270 707 1294 an
719 1259 805 1296 adie
820 1257 1062 1306 publicationis
1078 1255 1217 1299 Brevis,
1237 1258 1292 1291 vel
1305 1257 1325 1290 a
1340 1255 1394 1290 die
1412 1258 1508 1291 Datae
1523 1278 1536 1298 ‚
1554 1267 1667 1302 operae
1692 1257 1835 1303 pretium
1849 1258 1935 1294 duxi
1951 1281 1964 1302 ‚
1988 1260 2171 1294 Decretum
2195 1259 2216 1293 ἐι
2241 1259 2279 1295 S.
2295 1257 2396 1293 Con-

269 1305 469 1352 gregatione
487 1305 776 1350 indulgentiarum
798 1308 940 1354 desuper
955 1315 1162 1346 emanatum,
1182 1303 1367 1338 incidenter
1388 1303 1441 1339 hic
1465 1314 1658 1348 apponere.

370 1354 482 1392 Sacra
497 1354 724 1400 Congregatio
739 1353 968 1402 indulgentiis
980 1379 993 1397 ,
1017 1365 1056 1388 ac
1077 1353 1144 1388 SS.
1161 1349 1333 1397 Reliqut'is
1351 1351 1519 1399 praepofita
1532 1374 1544 1393 ‚
1567 1350 1635 1386 Die
1653 1349 1790 1389 XVIII.
1806 1352 1931 1393 onan
1956 1351 2009 1390 M.
2027 1353 2139 1390 DCC.
2155 1353 2219 1389 XI.
2245 1353 2393 1390 declara·

269 1402 329 1439 vit
341 1426 355 1446 ‚
381 1413 448 1438 non
472 1400 560 1436 hdie
581 1399 823 1448 publicationis
837 1427 849 1446 ,
864 1402 928 1451 sed
942 1401 1027 1437 tidie
1045 1400 1138 1445 Παῖς
1151 1398 1285 1434 ‘Brevis
1298 1399 1478 1445 Septennii
1499 1406 1626 1445 tempus
1644 1401 1794 1448 incipere
1815 1412 1823 1436 τ
1847 1400 1889 1441 &⁴
1896 1400 1990 1449 fafia
2011 1400 2176 1436 relatione
2194 1401 2398 1449 Sanfiit'ffima

271 1449 418 1486 Domino
429 1446 568 1497 N’ostrO,
578 1456 640 1495 per
654 1450 900 1493 ,secret-arium,
913 1450 970 1485 die
984 1446 1070 1484 XX.
1084 1446 1227 1494 ejusdem
1240 1445 1551 1493 Mensis,.5ant‘iitas
1558 1445 1640 1493 sua,
1657 1447 1942 1495 Congregate'onis
1948 1449 2157 1495 sententiam
2169 1449 2374 1498 approbavit
2387 1474 2399 1485 .

368 1499 519 1534 Decreto
533 1497 620 1539 hoc,
639 1497 675 1531 in
689 1497 783 1533 dubii
796 1499 892 1534 cassis
907 1497 1058 1541 regulam
1070 1493 1277 1539 generaliter
1290 1492 1438 1529 addufto
1451 1518 1464 1538 ‚
1489 1494 1664 1538 regredior
1680 1496 1724 1530 ad
1742 1497 1849 1532 Breve
1871 1496 2020 1532 nostrum
2037 1497 2242 1543 particulare
2258 1521 2272 1540 ,
2295 1497 2329 1532 &
2341 1498 2401 1532 ad-

263 1545 402 1595 jungo,
424 1544 519 1591 quod
532 1543 620 1579 iilud
632 1545 675 1580 ab
688 1546 808 1581 eodem
825 1545 1037 1583 sanetiffimo
1057 1543 1152 1578 Patre
1169 1542 1278 1577 Paulo
1297 1541 1342 1576 V.
1360 1542 1433 1588 post
1446 1542 1648 1580 decennium
1660 1544 1762 1580 fuerit
1776 1556 1981 1581 renovatum
1993 1569 2005 1588 ,
2028 1545 2143 1581 addita
2157 1569 2169 1588 ‚
2184 1545 2239 1580 vei
2257 1546 2399 1582 extensa

267 1594 426 1630 facultate
440 1591 639 1629 absolvendi
652 1594 671 1628 a
689 1594 839 1642 peccatis
851 1595 915 1631 ἃς.
929 1618 941 1637 ,
965 1593 1067 1630 etiam
1078 1589 1144 1641 post
1156 1590 1238 1626 duos
1252 1590 1375 1638 menses
1395 1589 1415 1625 ὰ
1432 1590 1527 1626 Data
1539 1591 1665 1628 Brevis
1678 1593 1841 1643 commt'ffis
1854 1616 1867 1637 ‚
1887 1593 2013 1641 absque
2040 1592 2242 1630 limitatione
2269 1604 2402 1643 tempo-

269 1643 318 1679 ris
331 1639 668 1690 quoaddurationem
698 1643 890 1687 indulgenti
915 1653 988 1678 rum
1003 1666 1015 1676 .
1961 1643 1964 1647 '

369 1689 517 1726 Duravit
530 1688 630 1724 etiam
643 1689 711 1725 haec
723 1689 887 1733 extensio,
899 1691 1002 1737 usque
1014 1688 1056 1724 ad
1070 1697 1203 1733 tempus
1221 1686 1405 1733 Alexandri
1420 1685 1505 1723 vlt.
1518 1709 1531 1729 ‚
1542 1686 1601 1732 qui
1615 1686 1651 1722 in
1666 1688 1727 1724 suo
1741 1689 1843 1724 Brevi
1856 1690 1998 1736 desuper
2010 1689 2172 1736 expedito
2182 1714 2194 1733 ,
2210 1691 2318 1727 Casus
2332 1690 2398 1726 ita-,-

268 1740 382 1776 reseos
393 1762 408 1782 ,
438 1736 602 1774 Simonia:
619 1760 632 1780 ,
659 1738 798 1780 Duelli,
824 1737 1032 1773 Violat10nis
1045 1734 1218 1770 Clausurae
1234 1736 1517 1771 monasteriorum
1534 1735 1739 1772 Monialium
1751 1761 1763 1780 ‚
1788 1739 1822 1773 8(
1838 1738 1989 1774 recursus
2000 1740 2043 1774 ad
2062 1738 2202 1787 Judices
2215 1740 2323 1777 laicos
2334 1750 2399 1775 ex-

268 1787 360 1835 cepit
371 1788 406 1823 &
423 1785 615 1822 facultatem
629 1787 649 1820 a
666 1785 806 1831 reliquis
817 1785 1035 1828 absolvendi,
1048 1794 1111 1830 pro
1124 1783 1228 1830 prima
1243 1782 1317 1820 vice
1330 1784 1460 1819 tantum
1472 1807 1484 1827 ‚
1496 1783 1616 1819 iterum
1630 1784 1818 1821 limitavit.

367 1833 419 1873 Ut
445 1844 562 1870 autem
593 1833 662 1870 ΡΙ).
682 1835 808 1870 Paulus
838 1845 952 1870 tenera
978 1833 1042 1869 suae
1056 1830 1250 1868 devotionis
1264 1830 1376 1875 sensa,
1405 1832 1565 1868 ulteriore
1580 1833 1690 1877 gratia
1704 1845 1783 1878 erga
1797 1835 1882 1871 banc
1906 1835 2110 1871 Orationem
2138 1837 2400 1882 comprobaret,

267 1896 331 1933 per
345 1882 437 1919 aliud
453 1882 561 1917 Breve
587 1881 825 1928 Apostolicum
839 1907 852 1926 ,
882 1883 987 1918 Anno
1007 1883 1058 1917 Μ.
1073 1880 1154 1916 DC.
1168 1879 1255 1915 XX.
1279 1879 1392 1916 datum
1407 1904 1419 1923 ‚
1441 1892 1507 1915 non
1535 1881 1642 1916 solum
1672 1882 1907 1926 indulgentias
1937 1896 2013 1919 cum
2041 1884 2201 1919 facultate
2223 1885 2400 1921 absoluto-

268 1934 318 1970 ria
333 1943 396 1979 pro
410 1928 771 1967 EcciefiisDomorum
788 1930 1045 1966 Provinciarum
1060 1930 1381 1964 ultramontanarurn
1403 1928 1645 1970 confirmavit,
1663 1929 1718 1965 sed
1746 1931 1849 1965 etiam
1873 1942 1928 1967 eas
1963 1932 2004 1967 ad
2034 1930 2195 1967 Ecciestas
2223 1931 2397 1969 saeculares

270 1980 494 2017 Cathedrales
508 2000 523 2018 ‚
546 1978 581 2012 In
608 1977 733 2024 quibus
756 1979 886 2015 Fratres
910 1977 1012 2014 nostri
1035 1977 1068 2012 in
1095 1976 1357 2023 Qadragtiima
1371 2002 1384 2022 ,
1411 1978 1465 2012 vel
1493 1977 1526 2011 in
1550 1978 1714 2013 Adventu
1731 1978 1886 2014 Verbum
1912 1979 1979 2016 Dei
2006 1980 2222 2026 praedicarent
2234 2004 2248 2025 ,
2271 1981 2307 2018 &
2333 1981 2399 2018 in...

264 2029 393 2078 quibus
405 2025 495 2062 dieta
511 2025 639 2061 Oratio
651 2027 879 2063 institueretur
892 2027 985 2073 (iine
999 2025 1090 2062 dieta
1105 2036 1213 2060 tamen
1227 2023 1578 2071 facultate).eXtend-'t
1590 2049 1602 2061 .
1882 2027 1884 2030 ’
2365 2036 2368 2039 ’

372 2074 533 2112 Proceffit
548 2073 662 2120 postea
678 2075 824 2112 ulterius
848 2076 886 2112 S.
904 2075 955 2111 M.
970 2075 1131 2111 Urbanus
1145 2074 1235 2118 Papa
1258 2072 1361 2109 Vlil.
1375 2098 1388 2116 ‚
1414 2074 1446 2109 &
1464 2085 1534 2108 non
1549 2074 1658 2109 solum
1673 2073 1832 2114 Ecclefias
1847 2075 2072 2114 Catbedraies
2080 2103 2096 2123 ,
2122 2076 2178 2114 sed
2201 2077 2403 2115 indiscrimi-

266 2124 373 2164 natim
387 2134 504 2160 omnes
516 2146 530 2166 ,
555 2122 590 2158 in
603 2123 727 2170 quibus
742 2123 869 2160 Fratres
880 2147 892 2166 ‚
903 2133 1054 2171 tempore
1071 2119 1343 2170 Qadragefimae
1356 2122 1398 2160 de
1410 2121 1564 2159 cathedra
1583 2123 1734 2169 mysteria
1748 2123 1851 2168 fidei,
1876 2126 1910 2161 8<
1928 2125 2045 2162 salutis
2060 2126 2301 2162 annuntiarent
2316 2150 2328 2169 ‚
2345 2127 2401 2162 ln-

269 2172 456 2219 dulgentiis
480 2171 636 2217 plenariis
648 2171 852 2215 decoravit,
873 2173 907 2208 &
927 2172 1067 2219 insuper
1080 2172 1165 2207 alias
1183 2169 1339 2215 partiales
1357 2170 1512 2219 adjunxit
1529 2196 1538 2205 .
1565 2171 1681 2217 thue
1697 2172 1731 2207 in
1754 2172 1925 2219 posterum
1943 2173 2128 2211 evitaretur
2152 2187 2251 2210 omne
2270 2174 2372 2211 cbaos
2390 2200 2402 2211 .

270 2223 343 2259 duo
353 2221 479 2267 semper
492 2218 616 2255 Brevia
632 2242 645 2264 ‚
667 2221 687 2255 a
700 2230 852 2267 tempore
865 2220 967 2268 hujus
984 2218 1205 2256 pontificatus
1218 2216 1310 2256 fuere
1329 2220 1491 2268 expedita
1507 2231 1516 2253 ε
1541 2230 1644 2254 unum
1658 2221 1799 2256 lImitati:
1816 2233 1880 2268 pro
1898 2222 2048 2259 Ecclefiis
2062 2222 2182 2259 nostris
2195 2224 2230 2259 in
2249 2222 2397 2258 Provin-

268 2270 333 2307 ciis
346 2268 614 2307 Ultramontanis
627 2291 640 2311 ,
666 2280 743 2304 cum
768 2269 924 2305 facultate
939 2269 1136 2305 absolvendi
1152 2269 1361 2303 memorata:
1389 2268 1482 2304 aliud
1495 2268 1683 2312 generatim
1701 2280 1762 2315 pro
1788 2269 1939 2306 Ecclciiis
1961 2270 2163 2307 saecularium
2180 2295 2191 2314 ‚
2216 2272 2252 2307 in
2271 2271 2396 2318 quibus

270 2319 406 2402 ¹lfratres
423 2317 528 2400 &ostri
544 2328 601 2362 per
623 2317 922 2364 Qadragefimam
936 2318 1115 2365 praedicare
1126 2315 1318 2360 contingit,
1344 2316 1409 2353 {ine
1421 2318 1577 2353 facultate
1593 2316 1810 2362 absolvendi,
1825 2318 1920 2366 quod
1934 2319 2036 2367 usque
2049 2321 2091 2357 ad
2107 2320 2248 2367 praesens
2262 2329 2393 2367 tempus

286 2377 335 2403 uit
387 2378 420 2401 ra
459 2376 581 2401 tearum
594 2391 604 2401 .

322 2378 460 2498 &rilide
489 2413 610 2495 BiiVia
626 2413 827 2454 Pontificum
840 2412 949 2452 inhac
971 2415 1070 2452 Nota
1095 2413 1381 2452 mentionatorum
1397 2437 1411 2459 ,
1435 2414 1518 2451 Infra
1531 2437 1544 2458 ,
1560 2413 1595 2448 8(
1611 2414 1760 2452 indicem
1773 2415 1983 2452 Generaiem
1999 2416 2143 2453 Verbo:
2167 2414 2392 2463 Indulgentiae

272 2472 317 2510 qu
364 2470 498 2507 ragtnta
551 2472 706 2497 orarum.

270 2664 484 2717 Prohibet
499 2699 513 2723 ,
537 2682 590 2713 ne
613 2665 833 2733 Religiofi
858 2666 1048 2716 Ordinis
1070 2673 1120 2717 B.
1143 2670 1301 2718 Mariae
1361 2666 1508 2709 &alios
1524 2668 1686 2721 Reguiae
1701 2668 1897 2710 strietioris
1910 2669 2103 2712 incorum
2120 2669 2389 2724 sodalitatem,

303 2735 361 2785 de
373 2733 585 2784 Mercede
600 2736 839 2801 Redempt.
853 2740 1159 2802 Captivorum
1170 2775 1185 2796 ,
1205 2743 1305 2787 Fra-

304 2820 396 2857 tres
409 2803 582 2854 nostros
601 2804 658 2853 ad
677 2802 806 2855 suum
827 2807 1055 2857 Ordinem
1073 2811 1302 2877 recipiant.

368 2947 750 3002 PAULUS
819 2950 1066 2998 PAPA
1138 2953 1200 2999 V.

454 3075 524 3118 Ad
532 3083 764 3131 perpetuam
785 3080 845 3119 ret·
868 3079 1113 3118 memoriam.

410 3193 527 3248 Uper
548 3189 599 3234 ad
629 3196 715 3237 Nos
738 3192 938 3249 perlatum
953 3193 1010 3236 est
1030 3223 1046 3244 ,
1073 3191 1298 3248 Religiosos

427 3251 592 3294 Ordinis
621 3255 752 3294 Beatae
778 3253 913 3294 Mariae
930 3251 982 3294 de
998 3252 1192 3299 Mercede
1214 3254 1300 3294 Re-

267 3309 508 3366 demptionis
522 3311 795 3364 Captivorum
815 3340 831 3361 ,
857 3321 1048 3365 praetextu
1064 3310 1299 3365 cujusdam-

265 3368 416 3410 Induiti
441 3368 656 3424 Apostoilci
671 3398 686 3419 ,
698 3369 805 3410 dicto
818 3369 960 3411 Ordini
976 3368 1191 3425 antiquitus
1204 3383 1301 3411 con-

267 3425 421 3476 ceffi‚ac
434 3427 596 3469 demum
612 3441 686 3482 per
702 3427 932 3470 fehrecord-
950 3428 1207 3470 Clementem
1228 3430 1301 3469 Pa-

268 3496 360 3538 pam
375 3485 494 3527 vlu.
508 3484 839 3528 Praedecefforem
865 3486 1053 3529 Nostrum
1067 3516 1082 3536 ,
1114 3500 1185 3540 per
1213 3484 1296 3528 suas

267 3542 308 3582 in
327 3539 546 3595 hujusmodi
565 3542 691 3588 forma
709 3546 845 3587 Brevis
865 3546 1148 3596 Lireras‚datas
1165 3559 1295 3587 xxvtt.

268 3599 510 3642 Decembris
540 3616 587 3642 M.
604 3618 644 3644 o.
661 3618 779 3648 xcvi.
812 3603 1072 3647 Pontificatus
1101 3604 1166 3645 bui
1191 3617 1295 3646 anno

266 3658 434 3714 quinto,
462 3658 601 3700 aboliti
621 3691 637 3712 ,
665 3664 700 3704 &
716 3663 926 3714 revocati,
949 3674 1015 3705 aut
1039 3659 1166 3703 forsan
1193 3662 1296 3703 alte-

266 3717 349 3759 rius
371 3746 387 3767 ,
415 3714 832 3763 ProfetsoresOrdinis
858 3725 1038 3765 Fratrum
1058 3722 1295 3764 Minoi-unt,

267 3777 399 3835 Sancti·
427 3774 621 3820 Francisci
654 3781 948 3836 Capucinorum
973 3790 1294 3837 nuncupatorum

1365 2726 1430 2766 seu
1449 2727 1625 2775 Dt›moS‚
1648 2738 1714 2768 aut
1731 2731 1965 2770 Conventus
1995 2729 2180 2782 recipere
2203 2758 2215 2770 .
2245 2733 2388 2788 Qare

1365 2797 1455 2825 cum
1471 2782 1659 2839 id,saepius
1673 2785 1837 2827 meritas
1853 2799 1990 2839 poenas
2005 2786 2166 2828 eluendi
2181 2791 2287 2830 causta
2302 2787 2388 2841 fiat,

1364 2844 1400 2883 &
1414 2855 1464 2882 ex
1480 2843 1552 2883 hoc
1569 2843 1693 2884 muita
1709 2843 1884 2887 scandala
1900 2844 1937 2887 in
1952 2846 2105 2899 Populo
2121 2857 2385 2900 generentur,

1360 2902 1398 2941 &
1423 2900 1500 2941 alia
1519 2902 1646 2943 multa
1666 2902 1920 2944 incommoda
1943 2902 2178 2946 nascantur:
2215 2909 2297 2946 Nos
2315 2908 2388 2949 hu-
2411 2933 2413 2936 -

1360 2956 1530 3015 jusmodi
1546 2960 1736 3002 scandatis
1751 2961 1915 3004 obviare
1927 2992 1942 3012 ,
1962 2964 1999 3003 8(
2013 2964 2139 3018 quieti
2158 2964 2386 3018 Religioso-

1363 3032 1453 3059 rum
1480 3018 1646 3073 amplius
1673 3020 1899 3074 prospicere
1924 3022 2134 3076 cupientes
2163 3051 2179 3072 ,
2221 3036 2271 3063 ne
2297 3025 2385 3078 quis

1361 3076 1648 3128 Praeiatorum,
1675 3076 1737 3120 seu
1754 3079 2015 3133 superiorum
2036 3110 2051 3130 ,
2076 3092 2145 3122 aut
2168 3083 2384 3125 Fratrum„

1360 3139 1665 3188 Conventuum,
1683 3140 1744 3178 seu
1763 3140 1984 3180 Domorum
1998 3138 2090 3181 dieti
2106 3137 2265 3181 Ordinis
2282 3141 2385 3180 Bea-

1359 3205 1408 3241 tae.
1434 3195 1571 3236 Mariae
1583 3195 1635 3237 de
1651 3196 1844 3238 Mercede
1863 3196 2172 3252 Redemptionis
2187 3196 2385 3251 Captivo-

1360 3267 1448 3296 rum
1472 3282 1487 3303 ,
1529 3263 1610 3295 tam
1641 3253 1679 3295 in
1713 3255 1865 3311 Regnis
1896 3256 2204 3310 Hispaniarum,
2229 3254 2381 3309 quam„

1361 3311 1452 3355 alibi
1492 3312 1786 3355 consistentium
1807 3342 1822 3365 ,
1856 3313 1993 3369 quavis
2030 3313 2102 3356 ilie
2137 3312 2339 3368 dignitate
2362 3343 2380 3364 ,

1359 3369 1658 3424 praeeminentia
1692 3402 1707 3423 ,
1749 3372 2010 3428 praerogativa
2044 3402 2060 3423 ,
2109 3370 2174 3412 vel
2211 3385 2382 3414 munere

1359 3427 1568 3484 fungatur,
1589 3441 1782 3484 praetextu
1809 3429 1976 3485 cujusvis
1999 3429 2174 3479 induiti,
2205 3428 2269 3472 seu
2297 3429 2381 3487 pri-

1357 3488 1489 3543 vilegii
1516 3488 1731 3541 Apostolici
1767 3490 1948 3544 recipere
1970 3488 2152 3539 audeat,
2186 3488 2250 3531 vei
2281 3503 2382 3544 prae-

1358 3546 1478 3588 sumat
1511 3577 1525 3597 ,
1561 3547 1671 3590 causa
1705 3548 1835 3599 quarti
1868 3547 1988 3598 voti,
2030 3546 2135 3602 quod
2176 3546 2243 3602 ipfi
2276 3550 2379 3590 Pro-

1354 3605 1511 3647 fessores
1528 3607 1689 3647 Ordinis
1707 3610 1833 3649 Beatae
1850 3606 1986 3647 Mariae
2013 3605 2063 3661 de
2089 3606 2285 3649 Mercede
2302 3607 2378 3648 hu-

1352 3663 1517 3721 jusmodi
1544 3661 1693 3706 faciunt
1716 3679 1730 3717 3
1767 3663 1995 3718 Apostolica
2025 3665 2292 3716 austoritate,
2315 3676 2378 3707 te-

1355 3736 1452 3764 nore
1468 3721 1716 3777 praesentium
1733 3754 1747 3774 ,
1770 3722 1942 3765 districte
1959 3724 2213 3778 prohibemus
2236 3754 2246 3766 .
2281 3727 2375 3766 Non

1353 3781 1597 3825 obstantibus
1618 3782 1842 3838 Privilegiis
1856 3811 1872 3836 ‚
1896 3781 1961 3827 seu
1975 3782 2138 3827 induitis
2154 3782 2374 3838 huiusi-nodi

2173 3855 2217 3884 ac
2232 3856 2320 3899 qut-
