2658 4244
748 233 935 331 Sub
964 234 1372 322 Clemente·
1403 165 1578 321 XII.

2188 266 2336 334 195

265 364 316 411 F..
332 363 702 411 Bonaventuram
725 356 749 408 ἃ
769 356 973 408 Ferraria
986 353 1289 404 Ministrum...
1350 342 1399 391 ’Τὲ
1414 348 1647 398 Provincias
1663 349 1882 402 mittendi,
1907 352 1973 405 qui
1989 350 2079 395 tuas
2095 350 2207 396 vices
2223 360 2397 406 gerant,

299 434 602 490 Generalem,
624 430 685 480 ob
710 427 961 497 Apostolici
985 426 1290 476 Concionato-

274 543 277 546 .
298 503 359 550 ris
375 518 542 553 munus
558 537 573 559 ,
591 501 647 550 ab
661 500 935 569 obligatione
955 494 1161 546 visitandi
1182 497 1289 543 Pro-

1349 420 1443 449 cum
1458 405 1663 450 consuetis
1682 406 2013 460 facultatibus2de
2029 425 2142 452 more
2157 412 2306 453 eisdem
2326 412 2403 455 Vi-

1347 464 1575 509 fitatoribus
1594 466 1770 508 concedi
1787 467 1912 509 sblitis
1928 498 1942 520 ,
1966 482 2063 522 quas
2081 480 2215 511 tamen
2238 472 2298 512 Tu
2319 483 2406 512 mo-

1344 525 1477 570 derari
1491 555 1506 577 ,
1519 527 1559 566 δε
1572 526 1767 579 ampliare
1779 555 1794 575 ‚
1812 538 1933 580 prout
1946 525 2155 569 neceffitas
2176 531 2363 582 exegerit
2381 557 2397 579 ,

297 573 469 622 VissClas
495 573 687 630 eXifflib
716 575 856 638 Eique
885 569 996 618 alios
1017 564 1288 617 Vifitatores
1352 585 1610 627 &communi
1628 583 1854 639 Religionis
1883 589 1992 628 bono
2019 584 2057 625 in
2088 588 2262 629 Domino
2283 601 2407 643 expe-

299 657 385 708 pro
410 641 514 694 casu
536 640 800 693 neceffitatis
817 641 861 688 in
888 640 1006 703 vices
1025 635 1296 686 constituen-

299 710 376 770 di,
404 709 667 763 facultatem
694 714 884 782 largitur
901 745 913 757 .

363 851 767 904 CLEMENS
817 853 1022 903 PAPA
1073 853 1196 901 XII.

267 990 305 1035 A
318 998 436 1048 tergo
448 1021 461 1033 .
520 990 678 1035 Dileflo
698 993 802 1034 Filio
818 995 1098 1035 Bonaventurae
1116 990 1145 1031 ᾰ
1158 993 1302 1034 Ferra-

335 1054 401 1092 m‘a
425 1050 612 1107 Minssro
627 1051 810 1091 Generali
829 1051 983 1092 Ordinis
999 1053 1032 1093 Ρ
1039 1052 1082 1092 F.
1098 1052 1232 1092 Mino-

409 1121 500 1151 rum
512 1106 648 1151 Sanblt‘
663 1108 862 1166 Francifii
879 1113 1162 1165 capuanorum

612 1176 920 1222 nuncupatorum
943 1197 955 1209 .

388 1295 540 1341 Dileb‘t'e
555 1297 638 1341 Fili
650 1296 824 1339 Salutem
837 1326 851 1348 ‚
865 1300 918 1347 &
933 1296 1185 1355 Apostolt‘cam

616 1355 918 1399 Benedift'ioncm
932 1387 943 1397 .
992 1361 995 1363 “

393 1471 589 1528 Eligionis
601 1472 755 1524 Zelus,
783 1474 900 1524 vitae,
923 1489 971 1516 ac
1000 1487 1157 1515 morum
1174 1473 1298 1513 hone-

421 1531 490 1573 stas
514 1562 531 1582 ,
554 1531 713 1587 aliaque
740 1531 954 1573 laudabilia
980 1530 1193 1587 probitatis
1221 1554 1235 1577 ‚
1260 1528 1299 1567 δι

269 1593 470 1631 virtutum
484 1591 629 1631 merita
646 1617 661 1640 ,
675 1588 790 1645 super
803 1589 949 1644 quibus
963 1589 1065 1643 apud
1082 1591 1167 1631 Nos
1181 1584 1299 1627 fide.)

268 1645 391 1702 digno
411 1647 705 1690 commendaris
723 1647 970 1695 testimonio,
985 1649 1073 1688 Nos
1089 1644 1303 1693 inducunt,

267 1715 314 1747 ut
335 1704 409 1745 tibi
423 1705 642 1746 reddamur
653 1703 705 1745 ad
723 1704 892 1758 gratiam
907 1702 1094 1745 liberales
1108 1731 1121 1743 .

326 1762 434 1803 Cum
454 1762 591 1817 itaque
607 1789 621 1812 ,
635 1759 735 1803 sicut
751 1761 980 1816 accepimus
994 1788 1009 1811 ‚
1025 1762 1088 1803 Tu
1101 1758 1304 1814 Apostoli-

273 1819 311 1860 ci
326 1820 637 1863 Concionatoris
649 1832 818 1861 munere
834 1818 1072 1876 praepeditus
1086 1848 1100 1871 ‚
1125 1818 1302 1872 regulari

270 1878 487 1921 visitationi
505 1878 833 1930 Provinciam,
860 1879 901 1919 δε
923 1881 1213 1921 Conventuum
1240 1877 1301 1919 tui

271 1934 437 1980 Ordinis
479 1951 550 1992 per
575 1938 637 1978 Te
675 1934 799 1991 ipsum
828 1937 1065 1980 incumbere
1092 1948 1263 1991 nequeas
1290 1963 1305 1986 ‚

269 1997 357 2036 Nos
374 1995 427 2038 de
448 2005 518 2036 tua
534 1994 750 2048 prudentia
769 2022 783 2045 ‚
798 1995 996 2037 charitate
1008 2024 1024 2045 ,
1038 1995 1275 2050 integritate
1290 2021 1304 2044 ,

268 2052 481 2109 religionis
499 2052 620 2102 zelo,
642 2054 683 2092 &
697 2066 835 2094 rerum
859 2053 1104 2107 agendarum
1128 2051 1303 2108 peritia-2

270 2110 488 2167 plurimum
503 2111 543 2155 in
563 2111 740 2153 Domino
754 2111 1050 2168 confisi‚Teque
1065 2110 1302 2167 specialibus

270 2168 476 2213 favoribus
492 2198 507 2223 ,
535 2172 572 2211 &
597 2170 734 2225 gratiis
762 2171 944 2226 prosequi
979 2170 1160 2212 volentes
1178 2198 1193 2220 ,
1215 2171 1252 2210 &
1281 2169 1302 2210 ἃ

268 2229 470 2284 quibusvis
491 2228 917 2271 excommunicationis
932 2259 946 2280 ‚
963 2227 1220 2285 suspensionis
1235 2256 1248 2279 2
1261 2229 1300 2269 &

268 2287 473 2330 interdicti
502 2316 515 2338 ,
543 2286 708 2342 aliisque
734 2288 1018 2331 Ecclesiasticis
1048 2285 1257 2333 sententiis
1284 2315 1300 2336 ‚

269 2347 446 2390 censuris
463 2376 477 2398 ,
496 2348 534 2387 &
552 2347 682 2401 poenis
699 2347 719 2387 a
734 2346 822 2402 jure
838 2375 850 2398 ‚
878 2347 943 2390 vel
960 2348 1008 2389 ab
1026 2347 1186 2388 homine
1203 2359 1302 2401 qua-

268 2404 330 2445 vis
344 2405 551 2448 occasione
566 2433 581 2457 ‚
596 2404 660 2446 vel
677 2405 788 2447 causa
805 2405 896 2448 latis
908 2436 923 2457 ‚
938 2407 964 2447 si
978 2405 1118 2461 quibus
1133 2419 1303 2460 quomo-

266 2460 422 2509 dolibet
440 2462 654 2506 innodatus
671 2464 802 2506 existis
815 2493 830 2515 ,
855 2465 904 2506 ad
932 2464 1115 2507 effectum
1134 2461 1301 2518 praesen-

269 2521 374 2563 tium
394 2521 547 2566 tantum
562 2520 805 2576 consequen.
822 2523 962 2564 harum
977 2523 1078 2564 serie
1096 2521 1304 2563 absolven-

268 2587 358 2631 tes,
386 2582 426 2621 &
442 2578 663 2621 absolutum
691 2580 777 2621 sore
801 2582 1011 2622 censentes
1026 2609 1040 2630 ,
1071 2582 1187 2623 Motu
1206 2594 1305 2634 pro-

265 2637 360 2690 prio
374 2666 389 2690 ‚
404 2652 447 2682 ac
468 2652 518 2679 ex
532 2647 644 2679 certa
661 2634 826 2680 scientia
846 2667 859 2689 a
875 2640 913 2680 &
929 2649 1085 2680 matura
1101 2638 1305 2680 delibera-

267 2695 379 2738 tione
398 2696 538 2739 nostris
553 2723 568 2746 ,
582 2695 718 2751 deque
735 2697 971 2752 Apostolicae
989 2697 1201 2739 Potestatis
1216 2696 1304 2752 ple-

265 2753 479 2807 nitudine,
506 2753 599 2795 Tibi
617 2781 631 2803 ,
650 2768 768 2810 quem
793 2755 939 2797 adistae
958 2755 1207 2798 Vifitationis
1232 2769 1305 2796 ex-

267 2813 415 2854 ercitio
454 2814 685 2868 opportune
725 2812 988 2869 dispensamus
1008 2844 1023 2865 ‚
1064 2815 1302 2855 Visitatores

267 2867 445 2926 ejusdem
459 2869 626 2913 Ordinis
644 2870 824 2926 eligendi
843 2901 858 2924 ,
879 2872 1024 2930 eosque
1046 2871 1097 2914 ad
1114 2871 1300 2929 respecti-

976 3018 1045 3081 N
1173 3017 1239 3079 O

1356 646 1445 688 dire
1459 643 1718 686 arbitraberis
1738 671 1751 694 ‚
1766 643 1896 686 libere
1910 673 1923 696 ,
1939 647 1979 686 &
1999 643 2112 685 licite
2127 645 2266 701 possis,
2281 648 2319 687 &
2337 659 2406 687 va-

1354 706 1439 748 leas
1456 731 1470 755 ‚
1492 712 1640 745 tenore
1666 700 1922 757 praesentium
1937 732 1951 755 ‚
1970 703 2178 746 licentiam
2205 705 2402 748 concedi-

1356 777 1442 807 mus
1456 791 1468 814 ,
1483 761 1797 816 &impertimur
1818 791 1830 802 .

1417 820 1658 866 Mandantes
1674 831 1890 877 propterea
1908 821 1948 863 in
1966 821 2119 863 virtute
2141 819 2276 862 stnGlae
2294 822 2406 864 Obe-

1360 882 1521 926 dientiae
1535 880 1719 923 omnibus
1735 907 1749 929 ‚
1774 881 1814 920 δι
1827 880 1987 936 singulis
2004 879 2306 922 Provinciarum
2320 907 2335 930 2
2365 882 2406 921 &

1362 945 1652 986 conventuum
1674 937 1902 996 hujusmodi
1926 938 2133 982 Fratribus
2148 966 2161 989 ,
2189 939 2225 978 &
2259 940 2406 980 Perso-

1362 999 1708 1054 nis‚coeterisque,
1722 997 1771 1041 ad
1787 1012 1889 1055 quos
1903 996 1928 1039 s
1919 1001 2068 1054 pediu,
2090 1007 2133 1037 ut
2149 995 2407 1048 Vifitatores,

1363 1062 1504 1115 vigore
1534 1057 1785 1114 praesentium
1802 1072 1877 1114 pro
1892 1069 2082 1112 tempore
2101 1055 2317 1110 deputatos
2340 1068 2408 1096 re-

1362 1120 1512 1176 cipiant
1524 1146 1536 1169 ‚
1551 1118 1589 1158 &
1604 1116 1821 1159 admittant
1833 1147 1849 1167 ‚
1866 1116 2022 1172 illisi]ue
2038 1123 2232 1170 pareant,
2246 1115 2284 1154 &
2301 1113 2403 1161 obe-

1359 1180 1471 1222 diant
1487 1207 1502 1227 ,
1517 1190 1561 1220 ac
1578 1176 1741 1219 illorum
1760 1175 1931 1219 salubria
1946 1175 2103 1215 monita
2118 1201 2132 1223 ,
2159 1174 2199 1213 &
2214 1172 2405 1215 mandata

1359 1238 1586 1293 recipiant,
1609 1234 1843 1286 humiliter,
1868 1236 1907 1276 8(
1938 1232 2166 1275 efficaciter
2180 1230 2407 1287 adimplere

1357 1306 1577 1354 procurent
1594 1326 1608 1347 ‚
1639 1295 1906 1337 decernentes
1925 1291 2181 1334 nihilominus
2208 1290 2368 1331 irritum
2389 1318 2406 1341 ‚

1356 1360 1397 1399 &
1410 1355 1569 1407 inane,s1
1587 1354 1697 1396 secus
1714 1351 1830 1408 super
1846 1353 1904 1395 his
1921 1352 1941 1392 a
1959 1348 2318 1406 quoquam‚quavis
2333 1360 2404 1390 au·-

1358 1417 1548 1458 ctoritate
1562 1443 1576 1464 2
1593 1413 1769 1454 scienter
1794 1441 1808 1463 ‚
1837 1410 1902 1453 vel
1930 1411 2166 1465 ignoranter
2180 1407 2406 1461 contigerit

1359 1473 1552 1517 attentari
1572 1500 1583 1511 .
1612 1474 1705 1512 Non
1728 1469 1975 1512 obstantibus
2001 1465 2372 1511 Constitutionibus
2389 1494 2405 1516 ,

1357 1534 1397 1573 &
1427 1527 1761 1572 ordinationibus
1792 1526 2032 1582 Apostolicis
2047 1553 2061 1576 ‚
2092 1539 2139 1566 ac
2154 1553 2168 1575 ,
2198 1533 2404 1578 quatenus

1358 1603 1459 1645 opus
1473 1590 1519 1628 sit
1533 1615 1548 1637 ‚
1564 1584 1730 1628 Ordinis
1747 1614 1761 1636 ,
1787 1584 2092 1628 Provinciarum
2107 1611 2123 1635 2
2150 1583 2188 1624 &
2204 1585 2403 1624 Conven-

1361 1658 1475 1689 tuum
1490 1642 1712 1701 hujusmodi
1728 1671 1742 1694 ‚
1754 1643 1875 1686 etiam
1890 1641 2121 1698 juramento
2134 1669 2150 1692 ‚
2175 1638 2403 1683 Confirma—'

1361 1705 1475 1747 tione
1495 1701 1723 1759 Apostolica
1739 1731 1755 1752 ‚
1786 1701 1853 1742 vel
1868 1701 2010 1755 quavis
2026 1698 2217 1741 firmitate
2242 1697 2320 1740 alia
2336 1712 2404 1739 ro-

1359 1762 1516 1806 boratis
1534 1759 1704 1804 Statutis
1720 1788 1735 1809 ,
1757 1760 1796 1800 &
1808 1756 2174 1801 Consuetudinibus
2188 1784 2203 1808 ³
2218 1755 2404 1799 Privile-

1362 1822 1433 1877 giis
1449 1834 1609 1877 quoque
1622 1850 1638 1870 ,
1664 1817 1838 1860 indultis
1852 1845 1866 1867 ‚
1890 1818 1930 1857 &
1956 1816 2104 1860 Literis
2130 1814 2370 1871 Apostolicis
2387 1844 2403 1867 ,

1363 1883 1401 1924 in
1418 1878 1662 1922 contrarium
1678 1873 1959 1932 praemissorum
1976 1873 2287 1931 quomodolibet
2304 1888 2403 1916 con·-

1364 1938 1474 1983 ceffis
1489 1968 1503 1988 ,
1526 1939 1565 1978 &
1589 1938 1814 1980 innovatis.
1843 1935 2002 1995 Qibus
2020 1934 2204 1976 omnibus
2219 1961 2233 1983 ,
2261 1934 2300 1974 &
2324 1934 2402 1974 fin-

1366 1998 1468 2054 gulis
1485 2025 1499 2046 ,
1523 1996 1684 2037 illorum
1701 2005 1866 2037 tenores
1883 1993 2141 2048 praesentibus
2159 2006 2231 2046 pro
2243 1991 2367 2046 plene
2383 2020 2402 2042 ,

1363 2061 1403 2099 &
1426 2055 1664 2097 sufficienter
1678 2050 1864 2106 expressis
1885 2079 1900 2102 a
1926 2065 1971 2093 ac
1995 2050 2048 2092 de
2074 2050 2202 2093 verbo
2229 2049 2280 2092 ad
2309 2063 2402 2092 ver-

1364 2117 1456 2158 bum
1470 2113 1628 2155 insertis
1644 2112 1841 2154 habentes
1856 2139 1869 2160 ,
1897 2108 1975 2151 illis
1992 2109 2088 2150 alias
2111 2109 2150 2149 in
2166 2107 2234 2150 suo
2246 2108 2402 2151 robore

1362 2169 1627 2232 permansuris
1639 2197 1653 2219 ‚
1668 2169 1718 2210 ad
1735 2165 2013 2225 praemifforum
2029 2166 2231 2218 effectum,
2247 2168 2322 2209 hac
2341 2166 2405 2217 vi-‚

1360 2247 1408 2275 ce
1432 2231 1655 2278 duntaxat‚·
1673 2227 1901 2282 specialiter
1917 2255 1931 2278 ‚
1961 2225 2201 2280 &expresse
2223 2225 2400 2280 deroga-

1364 2304 1447 2333 mus
1461 2318 1474 2339 ,
1490 2286 1734 2342 coeterisque
1749 2286 1961 2328 contrariis
1979 2283 2282 2341 quibuscunque
2297 2312 2309 2324 .

1421 2353 1570 2391 Datum
1587 2349 1727 2388 Romae
1754 2344 1857 2398 apud
1874 2347 2056 2387 Sant‘tam
2079 2343 2249 2385 Mariam
2267 2340 2399 2397 Majo-

1360 2423 1448 2450 rem
1473 2407 1540 2447 sub
1555 2404 1717 2447 Annulo
1735 2402 1947 2447 Piscatoris
1963 2402 2032 2444 die
2052 2414 2157 2443 xxvx
2172 2414 2184 2442 1
2200 2415 2233 2441 1.
2252 2402 2399 2455 Augu-

1362 2466 1407 2508 sti
1446 2476 1678 2507 MDccxxxt
1691 2475 1704 2503 ι
1718 2475 1752 2504 1.
1792 2460 2055 2504 Pontificatus
2096 2459 2231 2503 Nostri
2270 2460 2396 2501 Anno

1362 2527 1523 2583 Qarto
1540 2551 1552 2563 .

1736 2640 1784 2682 F.
1802 2638 1920 2681 Card.
1939 2638 2132 2680 Oliva-rius
2147 2666 2160 2678 .

1422 2757 1712 2812 Autograph.in
1726 2754 1896 2799 Archivo
1910 2755 2241 2797 Secret.Brevium
2255 2753 2392 2809 Apali.

1476 2818 1569 2870 ch.
1588 2820 1691 2872 Aug.
1712 2826 1832 2868 1733.
1849 2811 1930 2871 fol.
1949 2828 1987 2868 3.
2011 2813 2059 2872 dc
2075 2827 2148 2868 quo
2160 2817 2283 2855 Breve
2292 2812 2395 2871 for-

1473 2883 1622 2918 matum
1634 2879 1677 2918 in
1690 2872 1999 2928 Arcb.gen.0rd.
2008 2872 2388 2915 Tam-AA.num.26.

1371 3019 1662 3085 TA.

264 3174 344 3261 C
361 3175 527 3213 Ommuni
541 3177 679 3225 quidem
696 3176 820 3214 divina
833 3173 1065 3211 Providenziae
1079 3173 1218 3210 consilio
1230 3173 1402 3223 hucusque
1412 3174 1512 3212 nobis
1524 3175 1657 3224 semper
1668 3175 1733 3212 fuit
1745 3174 1918 3224 provisum
1931 3174 1974 3211 de
1988 3174 2086 3211 Viris
2100 3199 2113 3218 ‚
2125 3185 2274 3223 quorum
2286 3173 2386 3211 indu·

373 3225 455 3262 strio
467 3227 560 3261 Zelo
572 3249 584 3268 ‚
602 3226 742 3271 Religio
758 3225 869 3261 nostra
880 3247 893 3266 2
909 3223 1050 3271 copiose
1064 3224 1161 3270 super
1175 3223 1295 3259 faciem
1313 3224 1407 3260 orbis
1427 3223 1535 3261 effusa
1552 3225 1734 3268 Religiosae
1752 3222 1962 3261 Profeffionis
1976 3224 2107 3262 Sobole
2131 3223 2386 3271 multiplicata,

261 3273 306 3314 ὠ·
317 3274 416 3321 posita
429 3273 471 3323 est
482 3275 520 3308 in
525 3274 722 3322 superbiam
735 3271 940 3310 Saeculorum
957 3296 968 3315 ‚
989 3271 1154 3317 singulare
1174 3283 1301 3315 tamen,
1318 3277 1349 3308 δι
1362 3284 1489 3308 novum
1502 3272 1566 3308 fuit
1577 3273 1700 3310 divinae
1711 3272 1926 3317 dignationis
1937 3282 2026 3318 opus
2042 3295 2056 3314 ,
2074 3271 2154 3307 dum
2167 3269 2201 3306 in
2214 3272 2272 3308 illa
2288 3273 2389 3318 plan-

262 3322 348 3357 tavit
368 3324 404 3357 P.
417 3323 686 3358 bonaventuram
704 3321 919 3358 Barberinum
934 3322 952 3356 a
968 3320 1117 3356 Ferraria
1128 3343 1142 3363 ‚
1170 3320 1270 3368 supra
1284 3331 1510 3358 memoratum
1523 3345 1535 3366 ‚
1560 3332 1684 3369 utpote
1697 3346 1712 3366 ,
1737 3321 1792 3357 cui
1807 3332 1885 3356 cum
1900 3320 1965 3355 illo
1970 3318 2162 3366 secundam
2178 3331 2295 3357 nomen
2310 3321 2385 3370 ejus

264 3380 437 3407 venerunt
447 3371 533 3405 bona
544 3395 555 3414 ‚
568 3371 721 3418 perennis
736 3370 945 3405 monumenti
962 3368 1040 3404 fidei
1053 3369 1301 3406 committenda
1311 3396 1320 3406 .

364 3419 455 3454 inter
466 3418 609 3455 clariora
624 3419 840 3454 multiformis
854 3419 970 3462 granae
984 3416 1178 3453 charismata
1189 3440 1201 3460 ,
1226 3419 1350 3465 quibus
1365 3418 1460 3456 Deus
1474 3420 1570 3456 illum
1586 3419 1759 3456 cumulate
1778 3415 1989 3460 exornavit,
2011 3416 2192 3464 specialius
2206 3418 2335 3467 semper
2348 3417 2385 3455 in

259 3477 307 3504 eo
321 3466 570 3513 resplenduere,
585 3468 724 3503 Donum
741 3467 992 3503 l'raedicationis
1006 3489 1019 3508 ,
1030 3465 1064 3502 &
1078 3465 1228 3512 Spiritus
1245 3467 1429 3512 Regularis
1441 3467 1678 3505 Observantiae
1691 3491 1700 3501 .

361 3516 501 3550 Donum
517 3515 770 3552 Praedicationis
789 3516 836 3550 ita
862 3515 989 3551 illustre
1004 3514 1094 3556 fuit,
1116 3524 1154 3549 ut
1168 3525 1240 3550 non
1257 3515 1367 3553 solirm
1381 3516 1425 3552 ad
1449 3516 1554 3564 prima
1573 3515 1677 3553 ltalioe
1696 3514 1827 3562 pulpita
1841 3537 1855 3559 ,
1879 3515 2025 3551 Nomen
2043 3515 2186 3552 Domini
2202 3516 2384 3555 circumtu-

259 3563 337 3598 lerit
350 3588 365 3608 ,
392 3562 426 3598 in
438 3562 545 3608 iisque
553 3562 664 3611 palam
668 3565 796 3613 fecerit
808 3562 1020 3612 disciplinam
1035 3561 1270 3611 doffrinaesuae
1282 3589 1296 3609 ‚
1319 3565 1439 3601 verbm
1449 3566 1553 3602 etiarn
1582 3566 1601 3600 a
1623 3565 1673 3608 gl.
1689 3575 1792 3598 mem.
1804 3562 2009 3600 innocentio
2023 3563 2093 3600 ΡΡ.
2107 3566 2207 3603 Xlll.
2228 3566 2264 3602 in
2285 3564 2385 3603 Sacri

257 3610 380 3647 Palatii
397 3611 592 3658 Apostolici
605 3614 893 3649 Concionatorem
915 3613 1014 3648 fuerit
1027 3610 1168 3648 selectus
1185 3637 1194 3648 .
1218 3613 1346 3661 Spiritu
1361 3613 1546 3659 Regularis
1558 3613 1799 3650 Observantiae
1811 3623 1925 3649 autem
1939 3636 1952 3656 ,
1977 3612 2027 3648 ita
2040 3611 2173 3661 semper
2185 3617 2350 3660 agebatur
2365 3640 2383 3661 ‚

254 3669 295 3694 ut
319 3671 387 3694 non
404 3660 514 3694 s'oliim
532 3662 714 3698 Provincia
729 3661 953 3698 Bononiensis
974 3661 1088 3696 omnia
1114 3660 1254 3697 honoris
1277 3662 1390 3698 munia
1407 3663 1439 3699 ei
1451 3660 1638 3700 contulerit
1652 3685 1665 3704 ,
1690 3661 1747 3697 sed
1768 3663 1872 3698 etiam
1894 3661 2047 3698 Comitia
2061 3663 2174 3700 nostra
2189 3664 2382 3702 Generalia

256 3708 363 3743 Anno
381 3708 479 3754 1726.
507 3709 609 3745 illum
626 3711 851 3746 Definitorem
865 3710 1097 3754 Generalem‚
1125 3710 1159 3745 &
1174 3711 1278 3748 Anno
1293 3721 1392 3758 1733·
1422 3711 1617 3748 Ministrum
1632 3711 1840 3748 Generalem
1863 3709 1882 3757 (
1898 3710 1934 3746 in
1955 3722 2029 3747 mea
2047 3711 2143 3749 Serie
2168 3714 2382 3761 quadragesi-

253 3767 345 3791 mum
359 3758 377 3802 )
394 3758 689 3802 promulgaverint
703 3784 713 3794 .

347 3804 590 3853 Apostolicum
602 3831 617 3852 ,
637 3808 670 3844 8<
685 3806 889 3853 Regularem
909 3809 1060 3857 laborem
1075 3831 1088 3853 ‚
1111 3808 1286 3845 communi
1302 3809 1469 3860 applausu
1482 3808 1718 3848 continuatum
1733 3833 1748 3856 ,
1764 3819 1802 3847 ut
1815 3809 1896 3850 San.
1909 3821 2008 3848 mem.
2025 3808 2189 3853 Clemens
2203 3811 2272 3848 ΡΡ.
2288 3813 2324 3849 X
2331 3813 2378 3851 ll.

2221 3874 2333 3900 remu·
