2626 4256
928 221 1095 311 Sub
1155 218 1535 308 Clemente
1600 220 1777 309 VII.

2306 267 2349 332 7

290 345 388 385 bat-n
406 339 860 399 deserendiplenam,&
876 337 1041 381 liberam
1062 337 1120 379 eis
1135 337 1327 379 concedi·
1389 338 1516 382 nostra
1534 341 1784 390 protectum
1799 336 2049 393 suscipimus:
2076 345 2201 404 Qod
2226 345 2250 387 si
2279 350 2410 402 Lega-

292 416 384 443 mus
402 402 664 446 facultatem.
689 398 887 459 Qodque
903 395 1126 453 hujusmodi
1145 396 1323 437 Societa-

290 470 379 501 tem
397 489 409 511 ‚
442 458 658 514 omnesque
674 487 689 510 ,
706 448 749 500 v&
774 455 942 512 fingulos
961 454 1195 509 superiores
1216 455 1320 495 ΕΓΒ·

291 519 410 561 mitas
429 548 444 570 ,
474 521 630 562 oblatos
646 544 660 566 ,
689 516 906 564 Novitios,
934 512 1167 557 Familiares
1182 540 1196 563 ,
1224 516 1318 554 Ser-

291 580 448 621 vjtores
465 606 479 628 ‚
503 580 540 617 &
555 574 740 630 personas
756 574 866 616 dicftae
884 572 1098 615 Societatis
1114 586 1217 612 nunc
1234 599 1248 620 ,
1278 572 1317 612 &

289 650 364 691 pro
385 648 566 687 tempore
587 627 827 681 existentes,
854 645 900 672 ac
917 631 1031 685 ipfius
1048 629 1289 671 Monasteria
1304 657 1319 681 ,

289 692 535 737 Eremitoria
547 690 772 744 Religiosa,
791 692 828 730 δι
842 689 919 732 alia
935 690 1022 733 loca
1034 702 1311 744 quaecumque,

287 766 334 792 ac
356 750 518 792 mobilia
534 777 547 799 ,
574 751 612 790 &
636 748 855 791 immobilia
880 749 984 790 bona
1015 746 1246 802 praesentia,
1270 748 1309 786 δε

284 807 418 850 futura
435 807 484 849 ad
501 806 725 862 praedictam
743 807 992 850 Societatem
1007 805 1313 862 quomodolibet

278 880 356 920 pro
370 878 555 921 tempore
572 866 814 919 pertinentia
829 894 842 916 ,
858 866 948 907 &in
967 864 1164 920 posterum
1178 864 1312 907 eidem

275 924 331 966 de
347 937 454 966 novo
471 927 611 966 erectae
632 926 828 967 Societati
848 925 1178 979 quandocumque
1194 952 1207 973 ,
1238 921 1305 965 seu

275 982 583 1037 quomodolibet
599 983 730 1035 uniri,
751 985 790 1026 &
806 984 1080 1038 incorporari,
1103 983 1168 1024 seu
1185 980 1303 1038 subji-

279 1041 318 1082 ci
333 1039 372 1081 in
391 1052 629 1096 perpetuum
645 1070 659 1092 ,
683 1042 746 1085 vel
764 1046 815 1087 ad
835 1054 994 1098 tempus
1008 1041 1227 1096 contigerit
1245 1068 1259 1092 ,
1287 1039 1309 1080 :i

278 1112 623 1156 quorumcumque
649 1102 894 1156 Legatorum
911 1129 925 1150 ,
955 1102 1079 1143 etiam
1109 1100 1160 1142 de
1187 1103 1312 1144 Late-

281 1171 356 1209 re,
385 1171 544 1200 necnon
568 1159 815 1202 Nuntiorum
841 1161 952 1202 distae
975 1160 1093 1204 Sedis
1109 1188 1122 1211 ,
1146 1171 1191 1200 ac
1212 1171 1313 1213 quo-

278 1216 430 1257 rumvis
447 1216 688 1261 Officialium
705 1221 895 1262 Romanae
920 1218 1107 1261 Ecclesiae
1124 1246 1137 1268 ,
1165 1223 1203 1257 &
1234 1218 1307 1259 Pa-

278 1275 545 1318 triarcharum
569 1304 583 1327 ,
612 1276 1016 1332 Archiepiscoporum
1042 1305 1056 1326 ,
1090 1273 1307 1327 Episcopo-

275 1346 394 1383 rum,
421 1333 653 1376 Eledtorum
676 1362 690 1383 ,
715 1336 753 1375 &
784 1335 1070 1390 Inquifitorum
1100 1331 1309 1377 Haereticae

276 1390 488 1445 pravitatis
500 1418 512 1441 ,
529 1404 777 1448 quacumque
792 1394 915 1437 etiam
934 1391 1162 1447 Apostolica
1181 1393 1307 1432 aucto.

276 1449 402 1490 ritate
419 1475 434 1499 ,
461 1462 506 1490 ac
530 1449 701 1491 aliorum
723 1464 1064 1506 quorumcumque
1085 1448 1272 1505 Judicum
1291 1474 1304 1497 a

274 1506 585 1548 ordinariorum
603 1535 616 1557 ,
642 1510 680 1548 &
704 1522 781 1550 non
803 1510 1110 1553 Ordinariorum
1128 1536 1140 1559 ,
1166 1506 1304 1561 quavis

273 1567 519 1606 auctoritate
537 1593 550 1615 ,
575 1567 613 1606 &
639 1567 838 1621 potestate
863 1567 1141 1622 fungentium,
1174 1565 1305 1608 Ditio-

274 1636 324 1665 ne
338 1651 352 1675 ,
379 1623 640 1676 auctoritate,
661 1626 942 1678 ffiperioritate
955 1656 969 1678 ,
987 1625 1185 1681 potestate
1198 1652 1211 1674 ,
1228 1623 1303 1667 do-

272 1681 399 1722 minio
415 1708 429 1730 ,
456 1681 720 1734 Vifitatione,
749 1684 1057 1727 Reformatione
1073 1712 1087 1734 ,
1115 1686 1152 1727 &
1168 1696 1304 1727 corre·

270 1740 431 1791 &ione3
463 1740 518 1780 ita
532 1767 545 1790 ,
569 1741 676 1795 quod
691 1754 832 1786 contra
856 1743 1001 1787 dietam
1019 1744 1070 1788 de
1087 1756 1196 1784 novo
1219 1755 1308 1783 ere-

269 1801 372 1839 <stam
387 1796 616 1840 societatem
632 1827 647 1849 ,
677 1800 740 1841 vel
757 1801 844 1856 ejus
862 1802 1076 1857 singulares
1094 1799 1302 1856 personas,

271 1870 432 1897 necnon
452 1856 693 1899 Monasteria
708 1886 722 1908 ,
749 1862 995 1904 Eremitoria
1010 1888 1023 1911 ,
1051 1862 1088 1901 δε
1114 1859 1204 1901 loca
1223 1887 1236 1908 ,
1262 1861 1301 1900 &

267 1911 457 1969 personas
479 1942 493 1964 ,
522 1929 566 1956 ac
594 1915 808 1959 familiares
827 1947 841 1970 ,
865 1933 956 1961 cum
984 1919 1042 1961 eis
1070 1917 1270 1970 degentes
1287 1944 1301 1968 ,

264 1971 425 2014 ratione
438 1971 576 2015 delicti
592 2001 606 2022 ,
632 1974 813 2020 excessus
829 2006 841 2027 ,
867 1979 933 2019 seu
949 1972 1177 2020 contractos
1193 2005 1208 2030 ,
1232 1985 1300 2018 aut

265 2029 417 2078 rei,de
446 2044 521 2086 qua
549 2042 720 2086 agetur,
747 2036 988 2090 ubicumque
1019 2036 1176 2078 ineatur
1202 2050 1300 2078 con·

266 2091 416 2131 trastus
434 2117 448 2139 ,
478 2091 760 2133 committatur
786 2094 978 2137 delictum
996 2122 1010 2145 ,
1039 2105 1105 2137 aut
1131 2110 1194 2137 res
1218 2092 1297 2150 ipsa

264 2145 444 2189 consistat
468 2159 483 2198 3
518 2150 944 2196 excommunicationis
967 2183 981 2204 ,
1008 2152 1264 2209 suspensionis
1281 2182 1294 2203 ,

265 2207 303 2247 δι
320 2205 549 2257 interdicti,
576 2218 642 2251 aut
658 2207 756 2252 alias
773 2210 926 2264 quasvis
944 2210 1164 2254 sententias
1179 2240 1193 2262 ,
1222 2211 1290 2256 nisi

264 2263 317 2306 de
331 2262 489 2318 speciali
507 2266 622 2307 Sedis
639 2267 825 2321 praedi&ae
839 2270 1106 2313 commissione
1121 2285 1290 2327 quomo-

261 2321 423 2364 dolibet
440 2350 453 2373 ‚
477 2321 631 2367 directe
655 2353 669 2376 ,
698 2325 763 2368 vel
780 2327 973 2371 indirecte
988 2328 1204 2383 proferre,
1227 2329 1293 2373 sest

260 2379 520 2435 promulgare
536 2396 612 2424 non
631 2384 796 2438 possint.
815 2389 903 2429 Nec
920 2402 998 2431 non
1016 2390 1065 2430 ab
1079 2389 1263 2431 omnibus
1278 2417 1292 2441 2

261 2440 302 2480 &
317 2439 517 2493 quibusvis
532 2440 703 2484 decimis
720 2471 733 2494 ,
755 2444 940 2486 collectis
955 2474 970 2495 ,
996 2448 1292 2498 exactionibus,

262 2495 431 2548 gabellis
448 2524 460 2545 ‚
481 2497 593 2541 taleis
608 2525 621 2548 ,
638 2499 786 2542 dativis
802 2528 815 2550 ,
838 2503 961 2544 datiis
977 2531 991 2552 ,
1016 2505 1150 2545 tractis
1165 2532 1176 2554 ,
1206 2505 1292 2547 sub-

262 2551 368 2594 sidiis
402 2553 656 2597 charitativis
672 2583 686 2605 ,
714 2557 1026 2612 impositionibus
1051 2562 1261 2604 ordinariis
1277 2590 1290 2612 ‚

260 2610 590 2655 extraordinariis
609 2641 622 2662 ,
648 2614 851 2671 Collegiis
876 2619 1163 2670 Parochianis,
1190 2621 1290 2663 Uni·

260 2666 518 2733 verfitatibus
541 2697 554 2720 ,
582 2672 834 2719 Monasteriis
859 2703 874 2725 ,
902 2676 1107 2729 Fabricis,
1134 2680 1173 2720 δε
1199 2677 1288 2721 aliis

259 2725 574 2782 quibuscumque
599 2729 778 2783 personis
795 2762 807 2782 ,
835 2747 1086 2789 quacumque
1115 2738 1288 2779 austori-

257 2795 375 2835 tate,
401 2786 439 2826 δί
467 2799 516 2829 ex
543 2788 681 2841 quavis
711 2792 851 2842 causa,
882 2794 919 2834 δε
936 2792 1285 2846 consideratione,

257 2843 382 2884 etiam
409 2857 485 2897 pro
509 2845 772 2899 expeditione
798 2859 939 2893 contra
967 2850 1160 2897 Infideles
1177 2883 1189 2904 ,
1216 2865 1284 2896 aut

256 2901 430 2945 Fabricae
443 2901 614 2946 Bafilicae
632 2906 828 2962 Principis
844 2909 1127 2964 Apostolorum
1142 2912 1193 2953 de
1210 2914 1284 2954 Ur-

256 2959 308 3000 be
329 2987 343 3009 ,
375 2968 441 3000 aut
465 2960 554 3003 aliis
574 2963 873 3009 imminentibus
897 2968 1195 3011 necessitatibus
1214 2974 1280 3012 Se·

212 3075 215 3077 Β
254 3016 296 3058 di
311 3018 549 3083 Apostolicae
564 3048 577 3070 ,
592 3025 829 3067 auctoritate
846 3026 1034 3079 praedietae
1048 3028 1164 3069 Sedis
1181 3057 1194 3078 ,
1220 3027 1285 3071 vel

256 3089 398 3131 quavis
414 3077 491 3119 alia
506 3077 697 3133 impositis
713 3110 726 3132 ,
754 3084 818 3125 vel
837 3085 1091 3139 imponendis
1109 3085 1175 3127 sub
1190 3100 1286 3142 qua-

256 3147 426 3190 cumque
446 3138 660 3180 verborum
680 3140 742 3191 vi,
759 3144 795 3182 &
816 3141 941 3185 forma
958 3171 971 3193 ,
994 3145 1117 3187 etiam
1134 3144 1199 3185 sub
1219 3159 1288 3186 ex-

251 3195 628 3239 communicationis
653 3196 739 3242 latae
762 3199 966 3246 sententiae
982 3217 1099 3255 poena
1115 3232 1128 3253 ,
1151 3217 1288 3244 exem-

248 3251 339 3306 pti,
364 3253 401 3293 ὃς
418 3265 603 3308 exempta
630 3258 894 3311 censeantur,
926 3261 992 3304 nisi
1016 3261 1068 3302 de
1097 3260 1283 3310 indulto,

251 3311 290 3351 &
315 3308 508 3375 societate
534 3312 755 3367 hujusmodi
777 3316 956 3371 specialis
972 3348 986 3370 ,
1008 3321 1046 3359 81
1073 3318 1249 3373 expressa
1268 3347 1282 3369 ,

254 3378 406 3409 mentio
421 3368 491 3412 fiat
509 3370 546 3412 in
566 3373 712 3416 Literis
727 3376 968 3428 Apostolicis
983 3406 993 3416 .
1025 3379 1079 3418 Et
1095 3389 1188 3419 tunc
1205 3391 1282 3419 non

255 3437 389 3467 veram
408 3429 640 3480 Decimam,
657 3429 723 3473 sed
742 3434 914 3476 mediam
930 3434 1013 3477 auri
1028 3436 1183 3477 unciam
1200 3439 1280 3478 Ca-

253 3496 369 3548 merae
382 3487 618 3539 Apostolicae
636 3489 831 3534 solvendo
845 3508 917 3548 pro
932 3493 1116 3534 omnibus
1136 3508 1276 3536 eorum

250 3540 380 3608 loc¹s3
406 3558 449 3585 ac
466 3548 724 3590 Eremitoriis
739 3578 753 3600 ,
779 3550 894 3592 bonis
913 3580 925 3601 ,
946 3554 981 3592 &
999 3550 1174 3604 personis
1195 3580 1206 3602 ,
1228 3552 1280 3594 li-

248 3599 499 3665 berattonem
517 3606 811 3662 consequantur
825 3638 837 3660 ,
861 3611 1023 3664 prorsus
1047 3610 1278 3660 eximimus,

245 3659 284 3699 &
301 3658 486 3725 totaliter
501 3661 715 3706 liberamus
727 3693 740 3714 ,
762 3681 889 3723 eaque
904 3668 1036 3709 omnia
1051 3696 1065 3717 ,
1080 3671 1117 3710 8<
1135 3682 1274 3710 eorum

244 3716 458 3782 quodlibet
476 3732 512 3758 in
533 3717 591 3772 jus
608 3748 621 3770 ,
652 3724 690 3764 &
706 3727 996 3777 proprietatem
1018 3729 1060 3767 B.
1077 3728 1214 3777 Petri,
1235 3728 1273 3768 ὃς

244 3775 359 3818 sedis
377 3776 611 3832 Apostolicae
628 3781 820 3835 praedictae
836 3813 850 3837 ,
878 3800 921 3828 ac
948 3784 1016 3829 sub
1043 3799 1179 3831 eorum
1197 3813 1211 3838 ,
1234 3787 1270 3829 &

1387 397 1444 447 ti,
1467 394 1728 448 subdelegati
1751 425 1765 447 ,
1795 398 2029 450 ordinarii,
2054 418 2117 446 aut
2136 403 2219 445 aliae
2236 406 2408 460 personae

1378 454 1568 511 praedistae
1598 466 1737 495 contra
1766 458 2096 511 exemptionem,
2127 464 2165 503 &
2192 463 2407 507 liberatio-

1377 527 1470 555 nem
1505 511 1674 553 nostram
1709 513 1933 566 hujufinodi
1966 517 2177 573 quidquam
2201 533 2408 564 attentare

1378 570 1666 626 quoquomodo
1691 571 2032 626 praesutnpserint,
2056 591 2101 617 ac
2127 580 2406 631 praesentium..

1380 630 1590 671 literarum
1617 630 1757 684 vigore
1785 631 1958 685 requisiti
1985 646 2057 686 per
2082 635 2196 689 iplius
2223 638 2276 680 de
2299 652 2406 681 novo

1370 691 1511 731 ered'cae
1545 689 1760 732 Societatis
1798 690 1986 731 Praelatos
2014 719 2027 741 ,
2074 694 2301 746 Eremitas,
2335 698 2401 739 vel

1368 750 1658 792 Procuratores
1675 761 1814 788 eorum
1830 775 1843 797 ,
1872 748 1968 790 infra
1995 760 2078 792 tres
2095 753 2181 793 dies
2205 755 2225 794 a
2250 755 2317 798 die
2343 770 2406 796 re-

1371 804 1594 862 quifitionis
1614 805 1836 861 hujusmodi
1852 809 2172 861 computandos,
2188 826 2264 852 non
2283 813 2406 854 desti-

1373 865 1499 906 terint
1512 890 1526 913 ,
1541 864 1963 907 excommunicationis
1979 865 2181 910 sententiat
2198 869 2278 923 ipso
2300 868 2404 914 facto

1364 924 1558 965 noverint
1576 921 1618 963 se
1645 922 1867 976 subjectos:
1897 926 1935 965 ὃς
1954 923 1976 965 fi
1995 923 2099 967 forte
2114 928 2239 969 aliter
2256 926 2403 969 fanum

1362 979 1483 1024 fuerit
1500 981 1674 1036 ,eoiplb
1689 982 1732 1023 fit
1750 982 1933 1034 irritum,
1957 987 1994 1026 δι
2011 983 2155 1036 inane,
2181 983 2405 1043 nulliusque

1371 1041 1527 1083 roboris
1555 1041 1616 1082 vel
1644 1041 1858 1084 momenti.
1887 1044 2084 1085 Praeterea
2113 1042 2198 1098 ipfis
2216 1070 2230 1092 ,
2255 1043 2326 1098 (*)
2358 1054 2405 1087 ut

1368 1098 1554 1142 Clericos
1578 1114 1717 1147 eorum
1739 1099 1903 1141 Ordinis
1919 1101 1969 1143 ad
1987 1103 2156 1155 primam
2176 1102 2372 1144 tonsuram
2388 1131 2403 1153 ,

1370 1159 1411 1198 &
1438 1169 1608 1213 quatuor
1634 1158 1812 1199 Ordines
1842 1159 2049 1212 Minores;
2075 1160 2124 1202 ad
2149 1163 2290 1203 Sacros
2305 1163 2404 1204 vero

1369 1215 1519 1259 etiamsi
1546 1228 1703 1269 tempus
1733 1215 1753 1256 a
1778 1219 2011 1260 Canonibus
2035 1219 2226 1261 statutum
2245 1233 2322 1261 non
2339 1229 2403 1261 at-

1369 1274 1567 1326 tigerint,
1595 1288 1665 1324 per
1692 1276 1916 1327 quemlibet
1947 1278 2209 1318 Catholicum
2238 1277 2405 1332 Episco-

1369 1345 1461 1387 pum
1480 1331 1516 1373 in
1534 1345 1674 1373 eorum
1701 1330 1830 1382 locis,
1862 1334 1899 1373 &
1923 1334 2045 1384 alibi,
2075 1336 2315 1390 ubicumque
2342 1336 2402 1377 eis

1370 1390 1629 1431 commodum
1647 1387 1795 1441 fuerit;
1822 1389 1967 1446 absque
1984 1392 2149 1435 licentia
2169 1394 2403 1435 Dioecesani

1365 1447 1602 1504 (**)eti:'1m
1619 1457 1733 1488 extra
1747 1449 2094 1502 tempora,diebus
2110 1462 2242 1492 tamen
2258 1451 2401 1493 Domi-

1369 1507 1468 1548 nicis
1483 1535 1496 1557 ,
1518 1508 1579 1548 vel
1598 1505 1718 1549 Pestis
1734 1520 1802 1547 eos
1815 1508 2048 1561 promoveri
2065 1509 2266 1560 faciendi,
2297 1511 2333 1550 δε
2349 1509 2404 1551 de

1366 1566 1516 1607 eisdem
1550 1565 1678 1607 libere
1705 1561 1985 1618 conferendi,
2029 1567 2297 1623 eumdemque
2328 1583 2403 1624 pro

1363 1624 1670 1666 consecratione
1690 1623 1889 1664 Altarium
1905 1653 1918 1674 ,
1944 1624 2010 1666 seu
2032 1625 2299 1668 Ecclesiarum
2326 1641 2402 1681 pro

1363 1682 1460 1725 oleo
1483 1685 1653 1731 saneto,
1679 1682 1716 1723 &
1744 1681 1927 1735 quolibet
1957 1685 2234 1726 Ecclesiastico
2261 1688 2399 1726 Sacra.

1368 1751 1507 1782 mento
1522 1739 1696 1783 adeundi
1713 1752 1727 1792 3
1754 1741 1791 1781 ἃ
1806 1739 1857 1780 de
1875 1740 2039 1783 licentia
2055 1757 2194 1783 eorum
2212 1743 2399 1797 Capituli

1365 1800 1593 1855 generalis,
1619 1797 1683 1840 seu
1718 1798 1980 1841 provincialis
1997 1828 2010 1849 ,
2039 1800 2288 1844 Hierusalem
2312 1829 2325 1851 ,
2356 1803 2396 1842 &

1360 1859 1436 1902 alia
1467 1857 1554 1900 loca
1584 1860 1722 1900 Sancta
1752 1856 1961 1908 vifitandi,
1992 1859 2141 1900 &inibi
2161 1859 2395 1910 habitandi,

1360 1932 1403 1961 ac
1433 1916 1550 1966 loca,
1579 1917 1616 1956 &
1644 1915 1903 1958 eleemofinas
1931 1917 2053 1959 etiam
2080 1918 2128 1957 ab
2155 1916 2394 1960 Infidelibus

1362 1973 1586 2030 recipiendi
1601 2002 1615 2024 ,
1642 1973 1878 2022 licentiam,
1902 1975 1939 2014 &
1956 1973 2193 2017 facultatem
2207 1976 2396 2018 concedi-

1362 2047 1471 2075 mus.
1505 2035 1556 2074 Et
1581 2032 1738 2085 insuper
1765 2047 1838 2087 pro
1868 2032 2175 2076 conservatione
2205 2035 2392 2088 puritatis

1356 2106 1494 2136 eorum
1525 2089 1749 2132 solitudinis
1778 2120 1792 2142 ,
1834 2104 1884 2132 ne
1914 2092 2108 2136 Mulieres
2134 2093 2182 2136 ad
2217 2106 2393 2137 eorum-‚

1358 2150 1605 2192 Eremitoria
1617 2178 1630 2200 ,
1646 2150 1765 2192 etiam
1782 2150 1912 2191 Sancti
1929 2151 2167 2204 Hieronymi
2185 2149 2237 2191 de
2254 2152 2394 2193 Pasce·

1351 2209 1450 2264 lupo
1466 2209 1679 2262 Eugubinae
1704 2207 1925 2258 Dioecesis,
1942 2209 2146 2263 praesentia
2164 2238 2177 2260 ,
2202 2210 2239 2249 &
2256 2207 2392 2252 futura

1355 2270 1461 2310 intra
1475 2267 1672 2311 videlicet
1687 2281 1841 2322 percos
1861 2266 2034 2321 praefixos
2053 2297 2066 2319 ,
2099 2269 2164 2310 vel
2183 2267 2393 2323 praefigen-

1354 2327 1428 2369 dos
1445 2326 1638 2368 terminos
1655 2355 1667 2377 ‚
1699 2337 1843 2380 praeter
1860 2327 1951 2369 illos
1970 2327 2125 2369 tantum
2140 2326 2233 2368 dies
2248 2354 2261 2376 ,
2287 2340 2389 2380 quos

1353 2385 1422 2441 ipsi
1451 2384 1659 2426 statuerint
1675 2384 1932 2439 (dummodo
1949 2399 2026 2427 non
2043 2386 2148 2427 ultra
2166 2395 2250 2426 tres
2266 2385 2390 2439 dies)

1354 2444 1393 2486 in
1421 2443 1604 2496 quolibet
1632 2457 1735 2484 anno
1753 2443 1953 2485 accedere
1981 2442 2289 2497 quomodolibet
2316 2440 2387 2483 sub

1353 2500 1779 2543 excommunicationis
1797 2514 1916 2554 poena
1933 2500 2103 2542 audeant
2119 2528 2133 2550 ,
2165 2500 2230 2542 vel
2250 2500 2389 2555 praesu.

1350 2567 1462 2600 mant
1490 2584 1504 2607 ,
1548 2556 1803 2599 Cellularum
1835 2569 1970 2599 tamen
2002 2555 2172 2613 ipsorum
2206 2557 2383 2614 ingressu

1350 2616 1506 2670 semper
1522 2615 1729 2670 prohibito
1748 2626 1983 2658 remanente
2014 2617 2245 2657 inhibemus
2260 2646 2271 2656 .
2306 2619 2388 2659 De.

1351 2675 1457 2717 mum
1472 2688 1544 2728 pro
1560 2673 1851 2717 commoditate
1866 2702 1881 2723 ,
1905 2676 1943 2714 &
1974 2674 2156 2720 utilitate
2175 2675 2382 2718 Eremito-

1348 2734 1498 2776 riorum
1513 2759 1527 2782 ,
1548 2734 1583 2772 &
1604 2732 1785 2774 locorum
1800 2731 2023 2786 hujusmodi
2038 2730 2286 2787 praesentium
2304 2761 2317 2784 ,
2344 2734 2383 2775 ὃς

1346 2791 1598 2840 futurorum,
1623 2791 1675 2833 de
1705 2790 1868 2834 licentia
1895 2803 2038 2832 eorum
2055 2791 2236 2845 Capituli
2259 2805 2383 2847 gene.

1347 2850 1441 2893 ralis
1456 2876 1468 2899 ,
1494 2848 1559 2891 seu
1580 2849 1844 2892 Provincialis
1859 2850 1918 2890 eis
1932 2877 1946 2899 ,
1968 2850 2006 2891 &
2021 2849 2190 2891 cuilibet
2207 2863 2347 2892 eorum
2365 2878 2380 2900 ,

1346 2923 1391 2951 ac
1408 2922 1480 2961 pro
1494 2917 1673 2961 tempore
1697 2907 1958 2950 existentibus
1975 2935 1988 2957 ,
2018 2921 2277 2964 quaecumque
2306 2909 2380 2952 im-

1347 2965 1506 3008 mobilia
1536 2967 1643 3006 Bona
1672 2966 1723 3008 ad
1751 2980 1824 3008 eos
1847 2993 1861 3015 ,
1894 2980 2117 3021 eorumque
2144 2966 2374 3018 Ecclesias,

1348 3023 1587 3067 Monasteria
1601 3053 1615 3074 ,
1641 3025 1883 3066 Eremitoria
1900 3051 1913 3070 ‚
1929 3024 2087 3068 Altaria
2103 3053 2116 3075 ,
2146 3025 2291 3068 &loca
2307 3027 2380 3068 hu·

1346 3081 1513 3139 jusmodi
1530 3096 1604 3136 pro
1619 3093 1807 3138 tempore
1822 3081 2064 3138 spectantia,
2094 3085 2132 3127 ὃς
2168 3084 2377 3139 pertinen-

1348 3142 1403 3184 tia
1422 3141 1458 3182 in
1475 3141 1773 3196 Emphyteusim
1789 3152 2027 3197 perpetuam
2041 3171 2055 3193 ,
2074 3143 2139 3184 vel
2154 3141 2204 3186 ad
2220 3152 2375 3196 tempus

1346 3199 1413 3242 sub
1429 3199 1563 3254 aliquo
1577 3214 1708 3242 annuo
1732 3214 1913 3250 canone,
1944 3200 2022 3242 five
2054 3201 2193 3252 censu,
2221 3200 2375 3255 quibus.

1346 3259 1404 3300 vis
1421 3258 1594 3312 personis
1610 3259 1646 3299 in
1662 3259 1897 3302 evidentem
1914 3258 2180 3300 Ecclefiarum
2193 3286 2207 3308 ,
2233 3263 2372 3301 Mona.

1342 3316 1551 3359 steriorum
1566 3343 1580 3366 ,
1601 3318 1639 3358 &
1657 3317 1918 3371 Regularium
1942 3316 2123 3358 locorum
2147 3315 2372 3371 hujusmodi

1341 3375 1569 3418 concedere
1585 3403 1598 3426 ,
1614 3376 1765 3431 illaque
1778 3390 1851 3430 pro
1865 3375 1952 3417 aliis
1969 3374 2239 3416 immobilibus
2254 3376 2369 3419 bonis

1344 3433 1576 3476 utilioribus
1593 3443 1826 3488 permutare
1842 3462 1855 3484 ,
1882 3432 1946 3475 seu
1965 3433 2144 3474 vendere
2161 3462 2175 3484 ,
2199 3435 2237 3476 &
2269 3434 2371 3476 alie-

1341 3506 1436 3535 nare
1451 3521 1465 3543 ,
1494 3493 1531 3533 8(
1548 3492 1720 3545 pretium
1737 3491 1830 3534 inde
1850 3492 2014 3534 veniens
2032 3491 2070 3533 in
2086 3491 2172 3535 aliis
2186 3492 2370 3535 immobi-

1338 3551 1439 3593 libus
1457 3550 1569 3591 bonis
1592 3578 1605 3600 ,
1637 3550 1828 3592 Ecclefiis
1850 3578 1864 3600 ,
1889 3549 2144 3592 Eremitoriis
2167 3580 2182 3603 ,
2220 3553 2257 3593 &
2285 3554 2368 3594 Re.

1334 3609 1538 3665 gular‘ibus
1557 3608 1657 3650 locis
1673 3623 1812 3650 eorum
1832 3608 2062 3650 utilioribus
2077 3637 2090 3659 ,
2116 3624 2160 3652 ac
2189 3611 2287 3653 alias
2307 3609 2368 3661 iu-

1334 3667 1400 3709 xta
1415 3669 1569 3709 Literas
1587 3666 1742 3708 sel.rec.
1761 3666 1874 3708 Pauli
1889 3669 1944 3708 11.
1961 3667 2268 3712 Praedecefforis.
2280 3672 2369 3710 No-

1333 3725 1464 3767 stride
1480 3727 1619 3768 Rebus
1638 3723 1791 3768 Eccles.
1806 3739 1885 3767 non
1902 3726 2153 3781 alienandis3
2183 3730 2244 3770 Ita
2257 3727 2368 3782 quod

1331 3784 1492 3828 Priores
1514 3810 1528 3834 ,
1566 3784 1632 3839 qui
1658 3797 1733 3840 pro
1759 3794 1944 3841 tempore
1971 3783 2123 3831 fuerint
2150 3787 2368 3833 locorum...

2186 3844 2313 3903 hujus·
