2658 4244
894 194 1052 284 Sub
1115 200 1503 288 Benedjelo
1562 197 1778 290 XIII.

536 310 1122 378 NOTA.

383 453 442 491 Lia
463 455 506 491 de
529 456 589 492 hac
617 454 776 493 Affiiienfi
810 453 1022 500 indulgentia
1045 455 1181 492 notabit
1215 458 1311 494 verb.

402 501 631 540 Portiuneulae
655 503 872 553 Indulgentia'
900 503 1006 540 index
1034 504 1206 548 ‘generalis
1228 529 1241 548 ,
1269 507 1312 542 ad

289 558 391 593 quam
413 551 587 588 nestorem
617 551 754 588 remitto
778 576 790 588 .
825 551 945 588 Gratia
980 561 1091 588 autem
1119 553 1313 591 Provinciis

288 596 561 640 Ultramontanis
572 605 635 646 pro
649 599 760 636 tribus
771 600 888 636 diebus
903 600 1053 636 eonceffa
1069 623 1081 643 ,
1109 600 1175 636 fuit
1200 602 1235 638 Sc
1251 615 1312 649 po-

288 643 356 680 stea
378 645 420 680 ad
434 647 569 684 ltaliam
588 667 602 692 ,
627 649 743 693 quoad
766 649 919 684 Fratrum
926 672 943 697 2
966 649 1002 684 &
1026 649 1231 685 Monialium
1247 651 1309 686 Ec-

288 690 400 729 clefias
418 704 483 740 pro·
503 695 622 732 eodem
647 694 747 732 Festo
765 696 1015 745 Conceptionis
1045 697 1186 735 extensa
1211 722 1226 743 ,
1257 698 1309 735 uti

288 751 372 776 mox
388 741 559 780 videbitur
569 768 580 780 .

276 981 364 1042 ΡΡ.
391 982 636 1045 Ministm,
666 984 715 1038 &
741 984 1033 1039 Procuratori
1070 990 1306 1039 Generali-

276 1044 280 1048 ’
309 1051 402 1172 buls-
419 1055 580 1105 locum
607 1058 654 1106 in
684 1060 902 1127 Cappella
930 1059 1167 1111 Pontificia
1197 1076 1302 1109 con-

306 1138 355 1175 ce
390 1137 451 1173 st.

565 1264 816 1334 ‘Beatiffime
853 1270 980 1321 Pater
997 1307 1010 1321 .

65 1396 258 1476 'eibertus-tup-
371 1391 602 1435 Rocurator
617 1391 833 1437 Generalis
849 1395 1158 1451 Capucinorum
1182 1411 1298 1441 reve-

110 1448 132 1467 8
141 1456 152 1470 t

393 1459 532 1492 tenter
560 1452 776 1506 prostratus
807 1454 858 1494 ad
891 1456 1119 1496 Sanctitatis
1148 1457 1297 1498 Vestras

272 1505 402 1547 Pedes
413 1534 427 1556 ,
452 1507 648 1550 animatus
664 1523 714 1550 ex
732 1507 829 1549 ver&
841 1518 1015 1563 paterno
1029 1523 1170 1555 amore
1182 1542 1198 1562 ,
1214 1527 1296 1567 quo

268 1561 449 1619 pusulam
472 1562 576 1606 suam
593 1565 852 1621 Religionem
870 1569 1122 1622 Capucinam
1136 1569 1295 1626 semper

271 1617 469 1676 respicere
484 1621 647 1678 dignata
661 1626 716 1666 est
730 1652 745 1674 ,
775 1625 959 1665 humiliat
991 1625 1041 1666 ad
1066 1628 1295 1670 Sanetitatis

271 1680 423 1722 Vestrae
439 1680 648 1721 Thronum
672 1681 756 1723 suas
769 1694 915 1736 preces
928 1709 945 1732 ‚
971 1694 1167 1738 qnatenus
1181 1685 1294 1727 inna-

271 1735 316 1781 ’ίὲ
328 1736 393 1778 sua
407 1737 655 1791 benignitate
671 1766 684 1789 ,
712 1740 752 1779 &
763 1735 979 1781 clementia
998 1737 1069 1783 suae
1084 1742 1293 1798 Religioni

271 1799 468 1840 honorem
491 1797 781 1842 communicare
795 1796 1011 1851 dignetur,
1041 1810 1086 1842 ut
1106 1802 1292 1845 Genera·

271 1855 323 1897 lis
337 1883 350 1906 ,
373 1856 411 1895 &
426 1856 669 1896 Procurator
683 1855 900 1898 Generalis
925 1870 1001 1913 pro
1019 1867 1206 1914 tempore
1219 1890 1235 1911 ‚
1252 1860 1291 1903 in

271 1911 440 1967 Capella
454 1909 664 1953 Pontificia
691 1913 1021 1957 locum.habeant
1043 1944 1057 1966 ,
1083 1917 1191 1959 haud
1217 1918 1292 1959 ali-

271 1967 433 2019 tffi‘g'a'c
449 1967 536 2010 talis
550 1968 681 2011 honor
704 1968 744 2012 in
759 1968 898 2026 primis
914 1970 1079 2016 Ordinis
1095 1975 1289 2030 tempori-

271 2029 345 2070 bus
357 2056 373 2077 ‚
390 2027 468 2068 ΡΡ.
486 2029 856 2081 Conventualibus,
871 2043 917 2072 ac
933 2032 1064 2086 postea
1080 2032 1290 2078 successive

266 2087 347 2129 ΡΡ.
363 2085 588 2128 Minoribus
611 2087 920 2131 Observantibus
951 2088 1029 2146 fuit
1055 2090 1257 2135 conceffus
1275 2122 1288 2145 ‚

265 2152 388 2201 prout
403 2144 471 2195 hi,
499 2144 539 2185 δε
569 2145 628 2188 illi
644 2146 771 2189 hocce
783 2148 1003 2203 *privilegio
1033 2150 1163 2192 adhuc
1188 2163 1289 2205 gau-

266 2203 365 2246 dent
389 2201 543 2244 iniimul
569 2218 660 2247 cum
684 2204 770 2247 aliis
785 2206 1068 2262 Religionibus
1086 2235 1100 2258 2
1124 2223 1210 2263 quae
1223 2210 1288 2254 di-

265 2257 382 2315 verso
403 2271 589 2316 tempore
604 2292 617 2315 ,
643 2265 683 2304 &
698 2264 907 2307 Pontificia
927 2268 1179 2323 Benignitate
1197 2268 1288 2310 talis

265 2319 400 2373 gratiae
415 2347 430 2369 a
444 2332 518 2372 pro
529 2335 606 2375 qua
621 2317 866 2378 supplicatur
880 2352 894 2374 ‚
922 2324 1136 2381 participes
1161 2324 1287 2383 dignae

265 2375 373 2418 faetae
387 2376 502 2421 fuere
515 2407 528 2420 .
641 2383 775 2437 Quam
795 2386 904 2426 Deus
919 2385 996 2425 &c-

312 2492 383 2529 Cui
387 2492 534 2540 supplici
545 2494 670 2531 Libello
676 2496 760 2544 suas
767 2503 883 2543 preces
894 2522 907 2541 ,

258 2538 397 2576 *addidit
412 2541 688 2589 Eminenttffimus
695 2544 902 2582 cardinalis

263 2586 474 2636 insequitur
487 2611 498 2623 .

963 2500 1076 2548 roprio
1100 2498 1289 2534 charat‘iere

962 2546 1101 2583 rotetlor
1114 2545 1263 2583 Ordinis
1275 2569 1289 2590 ‚

315 2694 402 2736 Pro
413 2709 490 2750 qua
517 2695 835 2743 reverentiffime
862 2701 986 2743 etiam
1003 2701 1119 2745 instat
1141 2689 1288 2744 Cardi-

258 2750 357 2795 nalis
370 2750 599 2796 Franciscus
614 2759 821 2800 Barberini
839 2760 1058 2802 Proteetor
1074 2790 1086 2801 .

257 2866 386 2918 Foris
406 2905 419 2919 .
468 2870 721 2939 SanHiffi‘mo
758 2875 937 2925 Domino
973 2874 1136 2927 Nos‘iro
1165 2876 1285 2944 Papae

699 2941 933 2996 ‘Benedibio
970 2940 1119 2997 XIII.

350 3064 431 3104 Pro
441 3067 670 3108 Procuratore
683 3071 846 3109 Generalu·
866 3072 1116 3123 Capucinorum
1125 3098 1137 3109 .

252 3177 311 3216 Ex
322 3176 534 3218 Audientia
548 3176 775 3235 Sanflg‘ffimi
788 3193 845 3223 vr.
859 3183 966 3237 Sept.
995 3193 1221 3224 Mocexxv.

387 3291 699 3343 Sanffiffimus
735 3297 916 3347 Annuit
935 3335 948 3349 .

245 3457 270 3503 ,e
298 3415 410 3502 ξξοῖῗ
429 3418 480 3456 R·
505 3420 549 3460 P.
575 3422 872 3475 Archiepiscopum
904 3423 1124 3474 ‹Amafinum
1138 3431 1202 3472 pro
1225 3434 1278 3461 ex·

268 3477 309 3503 cu
328 3478 340 3501 ι
415 3489 425 3500 .

676 3553 715 3592 F.
736 3555 935 3594 Cardinalis
958 3557 1166 3596 Paulatim.

289 3659 391 3706 Orig.
415 3658 571 3697 Italicum
592 3662 632 3698 in
650 3661 807 3716 Archivo
826 3676 944 3715 gener.
990 3663 1080 3710 0νᾶ.
1108 3663 1198 3702 Tom.
1217 3665 1290 3716 Q

337 3717 428 3745 mim.
441 3719 499 3756 43.

2193 231 2334 317 169

1555 319 1676 360 Sabb.
1690 319 1758 362 die
1775 323 1812 362 8.
1827 322 2075 378 Septembris
2099 341 2217 381 1725.

1467 436 1842 497 &uento-hujusmodi
1865 440 2040 499 Rescripto
2055 450 2307 503 Eminentiffimi
2319 479 2331 498 ‚
2355 467 2395 491 ac
2411 462 2599 493 ExecutivRe.

1370 484 1648 536 Reverendtfflma
1658 487 1798 524 Donum
1813 486 2015 528 cardinalis
2025 495 2182 536 Paulucii
2195 503 2395 551 Santiiffimi
2402 503 2495 543 scripti
2506 521 2515 531 .

1369 534 1418 570 D.
1439 531 1495 572 N.
1515 534 1617 584 Papae
1640 535 1764 573 Status
1786 535 1806 571 ὰ
1828 538 1980 576 Secretis
1995 567 2009 586 ,
2027 547 2172 590 petitum
2195 551 2233 584 in
2247 545 2397 599 Cap‘ellis

1368 581 1563 630 Pontificiis
1588 583 1696 620 locum
1709 582 2005 634 Reverendiffimis
2033 590 2210 631 ‘Patribus
2236 599 2396 649 Ministro

1367 629 1532 666 Generali
1543 656 1558 675 ‚
1581 633 1624 674 ὠ·
1647 631 1874 670 Procuratori
1887 635 2051 675 Generali
2081 641 2228 680 Ordinis
2250 646 2397 684 mino-

1367 688 1445 715 rum
1455 679 1495 718 S.
1510 678 1686 730 Francisci
1699 670 1952 729 capucinorum
1964 710 1976 729 ‚
1987 687 2054 736 post
2065 700 2173 726 omnes
2187 693 2269 728 alios
2283 696 2395 731 Gene-

1367 726 1457 764 rales
1467 753 1482 772 ‚
1503 729 1547 770 ὠ·
1566 728 1745 778 νεῙρεδῖἱυὲ
1758 729 2004 772 Procuratores
2018 736 2201 776 Generales
2213 765 2226 785 ‚
2251 745 2311 789 qui
2323 744 2396 791 jam

1366 775 1435 813 tali
1442 780 1666 825 prerogativa
1673 780 1857 826 potiuntur
1869 804 1882 822 ‚
1891 784 2053 831 perpetus)
2068 786 2219 825 dedimus
2234 814 2247 832 ,
2274 791 2316 830 &²
2329 792 2398 838 affi-

1361 827 1574 873 gnavimus3
1598 826 1761 875 hodieque
1782 826 1879 863 mam?
1898 832 1944 867 ad
1964 833 2243 883 interreffendum
2255 834 2397 885 Pontifi-

1366 874 1426 910 ciae
1441 874 1596 923 Capellae,
1607 874 1731 917 habitae
1745 876 1784 911 in
1799 875 1896 917 Eccle
1906 892 1938 915 ta
1950 882 1989 917 S.
2006 882 2132 918 Mariae
2144 884 2185 919 de
2197 884 2322 930 Populo
2332 895 2395 933 pro

1356 921 1549 971 festivitate
1563 922 1786 962 Nativitatis
1810 925 1867 973 eju
1881 927 1955 964 dem
1968 927 2130 977 Virginis
2146 932 2270 968 Μανίας
2285 932 2397 969 Reve-

1363 968 1586 1020 rendtffimum
1601 971 1742 1010 Patrem
1751 972 1906 1011 ‘Petrum
1917 977 2072 1014 Mariam
2097 978 2117 1014 s>
2133 980 2226 1015 Luca
2242 981 2396 1027 praediffii

1363 1018 1512 1055 Ordinis
1530 1020 1783 1069 capuanorum
1808 1023 1854 1059 ad
1887 1025 2006 1072 raesens
2031 1028 2070 1062 in
2082 1026 2236 1064 Romana
2250 1028 2396 1065 Curia-1

1361 1067 1627 1106 Procuratorem
1636 1094 1650 1114 ,
1663 1070 1706 1111 ὼ·
1721 1032 1987 1123 Commiffizrium
1998 1074 2199 1111 Generalem
2209 1077 2392 1125 primum.»

1360 1116 1545 1165 admisimus
1570 1129 1580 1151 z
1606 1126 1711 1166 prout
1747 1119 1813 1156 haeo
1844 1124 1956 1157 omnia
1978 1124 2017 1158 in
2039 1121 2177 1172 Nostris
2198 1124 2393 1172 Pontfficiis

1361 1164 1622 1203 amatoriis
1631 1167 1719 1216 ,five
1730 1167 1958 1219 Diariisfuse
1971 1170 2184 1209 adnotantur
2196 1199 2207 1210 .

1456 1309 1501 1362 fs'.
1513 1312 1556 1364 B?
1568 1311 1928 1365 ArchiepAmafinus
1942 1316 2080 1355 Caerem.
2095 1317 2202 1366 Praef.

1355 1650 1542 1717 Propria
1558 1666 1699 1700 manu
1730 1652 1965 1719 quodlibet
1981 1657 2145 1704 Altare
2161 1660 2312 1720 Majus
2336 1659 2383 1707 in

1361 1768 1363 1771 .
1387 1719 1597 1768 omnibus
1626 1719 1786 1770 nostris
1809 1722 2018 1772 Ecclefiis
2049 1725 2192 1774 tribus
2228 1727 2383 1777 diebus

1384 1787 1754 1840 hebdomadatim
1770 1827 1787 1850 ,
1813 1789 1862 1843 δε
1888 1810 1970 1861 per
1986 1808 2133 1844 totam
2152 1797 2381 1848 Octavam

1389 1861 1855 1912 Commemorationis
1909 1861 2244 1914 Defunctorum
2297 1886 2381 1935 pro

1385 1930 1659 1979 Animarum
1675 1935 1971 2000 purgantium
1991 1935 2304 2002 redemptione
2334 1942 2380 1986 in

1383 2011 1650 2066 perpetuum
1675 2001 1963 2071 privilegiet.

1634 2212 1884 2283 ‘Beatffme
1928 2217 2067 2267 ‘Pater
2082 2255 2095 2267 .

1446 2356 1677 2402 Rocurator
1694 2359 1900 2403 Generalis
1928 2358 2233 2414 Capucinorum
2258 2374 2372 2403 reve·
2388 2381 2576 2420 msamfi‘p.

1349 2360 1435 2470 P
1464 2427 1604 2460 renter
1635 2417 1849 2473 prostratus
1879 2417 1929 2459 ad
1961 2419 2189 2460 Sane'titatis
2222 2420 2469 2463 vestsaeetex·

1348 2476 1501 2527 Pedes,
1525 2484 1610 2516 tam
1636 2475 1686 2516 ab
1711 2474 1963 2530 experientia
1977 2503 1991 2525 ,
2006 2475 2122 2530 quam
2137 2491 2187 2518 ex
2207 2476 2373 2518 relatio-

1347 2549 1400 2578 ne
1425 2532 1552 2576 sciens
1575 2533 1766 2589 angustias
1781 2537 2068 2577 Conventuum
2091 2535 2158 2577 Sui
2176 2535 2368 2586 Ordinis,

1348 2595 1388 2635 in
1414 2593 1554 2648 quibus
1569 2591 1700 2647 saepius
1723 2605 1908 2636 numerus
1924 2591 2221 2646 Religiosorum
2241 2593 2292 2634 de
2307 2591 2367 2634 fa-

1346 2651 1456 2694 milia
1471 2650 1747 2707 affignatorum
1762 2678 1776 2701 ‚
1805 2650 1872 2692 vel
1898 2650 1950 2692 ob
1966 2647 2260 2694 Praedicationis
2276 2665 2365 2692 mu-

1347 2724 1418 2752 nus
1431 2741 1446 2761 ‚
1462 2709 1526 2753 vel
1539 2710 1591 2750 ob
1608 2708 1873 2764 eleemosynae
1886 2707 2097 2751 colleetam
2112 2739 2125 2760 ‚
2159 2710 2222 2751 vel
2240 2710 2292 2752 ob
2307 2709 2366 2750 as-

1345 2766 1843 2817 ssstentiaminfirmorum
1863 2767 1927 2809 vel
1945 2768 1997 2808 ob
2013 2767 2089 2809 alia
2105 2768 2363 2824 impedimen.

1340 2837 1384 2869 ta
1398 2826 1452 2870 ita
1465 2824 1632 2878 deficit,
1666 2835 1711 2868 ut
1728 2825 1893 2868 dubium
1908 2837 2114 2868 remaneat
2128 2856 2141 2878 ,
2163 2841 2212 2868 an
2229 2827 2361 2868 Privi-

1343 2885 1451 2940 legio
1462 2884 1614 2928 Altaris
1633 2913 1647 2936 ,
1660 2882 1729 2926 sub
1745 2883 1906 2939 praefixo
1918 2884 2185 2928 sacerdotum
2201 2898 2366 2927 numero

1342 2938 1525 2986 conceffo
1547 2942 1759 2995 fruantur3
1774 2943 1812 2984 &
1836 2942 1930 2985 ideo
1945 2942 2075 2997 saepius
2096 2940 2367 2987 Benefaet'ori-

1341 3004 1414 3045 bus
1429 3030 1443 3052 ‚
1472 3001 1538 3057 qui
1564 3003 1690 3045 hocce
1719 3013 1905 3057 tempore
1945 3002 2182 3058 plerumque
2222 3010 2366 3056 petunt

1339 3059 1471 3104 Missas
1488 3060 1557 3103 sub
1569 3059 1800 3103 conditione
1814 3086 1830 3111 3
1860 3063 1960 3101 utin
1984 3062 2116 3103 Altari
2135 3060 2366 3117 privilegia-

1339 3129 1384 3162 to
1398 3119 1581 3162 dicantur
1602 3148 1616 3170 ,
1644 3117 1791 3161 debeat
1817 3118 1905 3160 dari
1936 3119 2116 3175 repulsa:
2133 3119 2362 3175 pariterque

1338 3178 1595 3220 reminiscens
1614 3176 1779 3220 alterius
1806 3177 2123 3219 inconvenientis
2140 3205 2153 3227 ,
2177 3189 2225 3216 ex
2242 3188 2362 3216 reno-

1336 3237 1498 3279 vatione
1511 3236 1697 3278 Brevium
1715 3235 2032 3291 Apostolicorum
2047 3234 2129 3288 post
2142 3233 2358 3288 quodlibet

1338 3295 1583 3350 septennium
1597 3295 1815 3336 exorientis
1835 3322 1848 3344 ‚
1863 3307 1911 3334 ex
1926 3306 1976 3333 eo
1989 3322 2003 3341 ,
2017 3292 2126 3346 quod
2144 3294 2221 3333 haec
2236 3322 2249 3344 ‚
2263 3306 2358 3346 prae..

1334 3354 1467 3399 sertim
1492 3367 1565 3404 ea,
1596 3363 1679 3409 quae
1705 3352 1754 3393 ad
1780 3349 2010 3393 Provincias
2027 3350 2356 3393 Ultramontanas

1335 3411 1569 3469 ablegantur
1582 3441 1598 3461 ‚
1615 3411 1680 3453 vel
1697 3423 1770 3464 per
1784 3408 1897 3463 postae
1912 3422 2144 3464 gravamen,
2159 3409 2223 3451 vel
2244 3409 2356 3450 incu-

1334 3466 1433 3513 riam
1446 3465 1613 3512 devient
1627 3497 1639 3519 ‚
1668 3467 1733 3510 vel
1748 3468 1871 3508 etiam
1888 3481 2028 3508 eorum
2046 3469 2255 3509 renovatio
2283 3481 2355 3519 pro

1332 3539 1514 3584 tempore
1545 3527 1687 3569 debito
1717 3525 1909 3567 oblivioni
1942 3524 2064 3566 detur
2089 3538 2103 3576 3
2133 3524 2355 3567 humillime

1330 3587 1534 3630 Sanstitati
1565 3583 1715 3627 Vestrae
1739 3582 1963 3639 supplicat,
1990 3593 2183 3636 quatenus
2207 3597 2354 3626 conce·-

1327 3645 1427 3688 dere
1439 3644 1626 3699 dignetur
1640 3674 1655 3694 ,
1680 3654 1725 3686 ut
1738 3644 1777 3684 in
1793 3656 2025 3698 quacunque
2044 3641 2267 3697 Religionis
2282 3640 2353 3682 suae

1327 3702 1502 3746 Ecclefia
1518 3703 1662 3744 Altare
1679 3701 1807 3758 Mlajus
1823 3715 1895 3756 pro
1909 3701 2047 3742 diebus
2066 3704 2183 3743 Lunae
2198 3729 2211 3751 ,
2242 3704 2352 3742 Mer-

1326 3763 1423 3804 curii
1442 3791 1456 3815 ,
1480 3761 1650 3823 Veneris
1669 3789 1684 3813 2
1713 3762 1840 3818 &pro
1868 3761 2065 3810 sabbato,
2080 3758 2262 3857 absiluesfi
2271 3773 2319 3799 xo
2335 3785 2350 3809 ,

2241 3831 2291 3859 eu
