2658 4244
364 211 516 260 122

282 295 514 351 hujusinodi
530 287 700 339 Decreti
715 299 854 341 Roinae
879 296 1100 342 residentes
1117 303 1325 357 „superiori

282 356 427 397 Locali
447 355 691 399 Conventus
709 356 854 400 subditi
870 358 972 401 sint?

341 413 444 457 Ideo
458 419 738 472 Congregatio
753 418 1040 466 nonnullorum
1056 419 1328 466 Eminentiffi-

282 483 443 515 morum
471 477 512 517 S.
531 475 583 516 R.
602 477 648 517 E.
676 476 956 519 Cardinalium
970 512 983 534 ‚
1009 496 1128 538 quam
1142 485 1183 522 S.
1203 483 1253 522 D.
1273 483 1328 521 N.

283 532 460 586 negotiis
487 532 584 576 dieti
612 534 776 576 Ordinis
806 538 993 582 Fratrum
1020 539 1328 596 Capucinorum

283 590 560 634 examinandis
576 596 815 648 praeposuit,
842 597 894 637 ad
909 611 1149 653 praenarrata
1176 598 1330 640 dubia„

282 649 466 693 tollenda
483 679 497 703 ‚
520 666 693 706 quorum
719 653 929 698 occasione
956 657 1083 713 posset
1111 655 1331 711 religiosa-1

281 709 397 763 quies
411 737 424 758 ,
439 712 480 751 δι
493 721 627 754 mutua
643 713 838 763 charitas,
852 715 889 754 in
907 715 1013 758 dieto
1026 716 1200 764 Ordine,
1212 725 1331 755 caete-

281 768 427 823 roquin
456 769 509 810 ob
523 768 608 826 ejus
623 772 823 825 egregiam
846 773 1139 816 sanfiiimoniam
1163 787 1240 813 non
1257 772 1331 812 im-

280 827 432 868 merito
450 827 558 883 apud
574 842 714 871 omnes
735 831 969 873 venerando
986 830 1331 888 perturbari2cen-

279 883 358 927 suit
373 915 388 937 ,
416 899 462 928 ac
479 886 703 929 declaravit
721 918 735 939 ,
764 890 947 943 urgentia
963 919 976 941 ,
1000 893 1039 932 δι
1058 891 1242 943 graviora
1263 902 1332 930 ne-

279 944 390 1000 gotia
409 944 463 987 ad
476 944 658 987 effestum
674 948 713 987 in
729 959 979 1001 praenarrato
997 953 1183 992 Decreto
1211 945 1329 989 esse)

278 1001 504 1060 praesertim
520 1003 789 1057 intelligenda
806 1034 817 1045 .

344 1063 687 1104 DEPUTATio
717 1062 982 1106 visitatorum
1006 1063 1056 1105 ad
1093 1062 1328 1109 Provincias

276 1118 498 1161 visitandas
514 1146 525 1158 .

260 1179 289 1211 0
339 1176 659 1225 COGNITIO,
683 1191 728 1219 ac
757 1176 943 1221 definitio
971 1177 1179 1222 causarum
1197 1210 1211 1230 ,
1240 1193 1324 1234 quae

277 1235 316 1277 in
335 1235 463 1290 gradu
478 1234 763 1289 appellationis
780 1237 800 1278 a
819 1237 1042 1281 Sententiis
1070 1238 1133 1281 seu
1164 1242 1323 1281 Decre-

277 1294 329 1336 tis
348 1296 510 1335 Patrum
531 1293 847 1337 Provincialiuni
870 1296 920 1339 de
949 1295 1037 1353 jure
1054 1297 1101 1340 ad
1118 1301 1326 1341 Patrem.)

276 1352 507 1395 Ministrum
524 1353 771 1395 Generalem
785 1355 1062 1398 devolvuntur
1080 1386 1091 1397 .

291 1435 303 1446 a
339 1412 664 1454 CONCESSIO
706 1410 908 1457 facultatis
939 1416 1127 1457 Patribus
1156 1414 1324 1458 Provin-

277 1470 447 1512 cialibus
462 1468 714 1526 procedendi
729 1472 917 1515 adversus
938 1472 1163 1527 Religiosos
1192 1474 1321 1515 incor-

277 1528 459 1582 rigibiles
477 1555 492 1578 ,
519 1526 569 1569 ad
598 1528 782 1572 effectum
812 1532 942 1585 ipsos,
971 1529 1135 1574 servatis
1155 1531 1206 1574 de
1233 1531 1322 1590 jure

277 1585 486 1629 servandis
503 1615 516 1636 ,
545 1585 734 1640 ejiciendi
755 1618 766 1628 .

336 1645 636 1686 FACULTAS
650 1646 891 1699 acceptandi
903 1675 916 1698 ‚
931 1646 996 1687 seu
1017 1645 1200 1701 erigendi
1217 1661 1329 1689 nova>

274 1702 520 1746 Monasteria
533 1728 549 1750 ,
566 1702 687 1743 etiam
703 1716 912 1759 acceptata
935 1733 948 1755 ‚
964 1703 1027 1744 seu
1044 1707 1177 1747 ere&a
1193 1715 1323 1747 trans-

274 1759 462 1811 ferendi,
486 1769 556 1800 aut
585 1761 864 1804 commutandi
895 1764 1236 1805 concurrentibus
1260 1779 1322 1806 re-

273 1818 451 1875 spemve
478 1816 636 1870 modis,
665 1821 706 1860 &
733 1818 873 1863 formis
901 1835 973 1876 per
999 1822 1320 1865 Constitutiones

273 1876 528 1934 Apostolicas
543 1905 558 1928 ,
584 1880 624 1919 &
637 1878 800 1922 Ordinis
817 1881 1055 1936 praescriptis
1077 1883 1243 1937 :Atque
1265 1883 1322 1924 ita

274 1937 315 1979 in
342 1936 570 1992 supradictis
599 1939 804 1992 negotiis,
833 1939 999 1993 aliisque
1028 1939 1139 1995 juxta
1168 1941 1255 1991 rei,
1284 1943 1324 1981 &

275 1996 472 2051 temporis
489 1995 830 2054 exigentiam,per
841 1999 1089 2041 Eminentiffi
1098 2013 1203 2041 mum
1218 1999 1321 2055 ejus·

277 2053 372 2096 dem
402 2053 567 2096 Ordinis
588 2055 695 2110 apud
726 2060 908 2100 §aristam
935 2057 1083 2100 Sedem
1110 2061 1320 2101 Prote&o-

275 2127 369 2156 rem
391 2114 620 2167 opportune
644 2113 898 2158 declarandis
914 2145 928 2167 ‚
959 2117 1318 2163 commistionem,

275 2171 545 2221 Generalem,
560 2185 634 2226 pro
651 2181 834 2229 tempore
851 2173 1080 2217 faciendam
1098 2179 1207 2219 Patri
1227 2182 1322 2221 Pro-

276 2229 457 2273 curatori
487 2231 691 2273 Generali
717 2234 738 2274 a
767 2237 884 2278 Patre
907 2234 1091 2276 Ministro
1125 2238 1322 2282 Generali

274 2287 584 2341 intelligendam
611 2317 625 2339 ‚
661 2304 706 2330 ac
743 2291 1007 2346 reputandam
1039 2291 1116 2334 esse
1145 2310 1325 2337 commu·

276 2359 371 2389 nem
401 2345 588 2388 Patribus
613 2347 906 2392 Diffinitoribus
933 2350 1207 2394 Generalibus
1224 2383 1239 2406 ‚
1281 2355 1323 2396 ut

274 2403 420 2462 supra,
443 2403 711 2447 residentibus
728 2436 741 2449 .

335 2465 434 2523 Qo
449 2464 546 2504 vero
560 2463 610 2506 ad
627 2462 844 2508 secundam
856 2464 1323 2519 dubitationem,eadem

275 2522 555 2576 Congregatio
568 2523 719 2564 censuit
734 2553 749 2576 2
766 2525 948 2580 ipsosmet
968 2526 1221 2571 Diffinitores
1236 2533 1324 2572 Ge-

275 2581 435 2624 nerales
447 2580 559 2638 juxta
577 2579 780 2636 praefatum
801 2587 1027 2627 Decretum
1043 2587 1223 2642 Capituli
1239 2592 1324 2633 Ge·

275 2639 519 2694 neralis,pei·
532 2639 655 2682 dietas
672 2643 829 2687 Literas
848 2644 1098 2698 Apostolicas
1111 2648 1214 2691 confi
1222 2664 1323 2692 rma-

279 2709 365 2741 tum
383 2700 523 2739 Romae
538 2699 756 2744 residentes
773 2703 947 2758 intelligi
964 2732 978 2754 ‚
1005 2714 1130 2759 atque
1159 2707 1235 2752 esse
1259 2723 1325 2751 ex.

278 2755 736 2813 emptosasubjeffione
769 2763 997 2817 Superioris
1023 2765 1181 2809 Localis
1212 2771 1324 2812 Con-

277 2813 424 2858 ventus
441 2844 456 2865 ,
487 2817 527 2857 δε
551 2817 661 2859 Patri
684 2819 870 2863 Ministro
895 2823 1096 2867 Generali
1122 2855 1137 2876 ,
1176 2828 1322 2869 imme-

276 2873 388 2918 diate
406 2873 625 2930 subject053
639 2873 725 2932 ipso
741 2880 840 2921 vero
853 2878 1019 2923 absente
1039 2886 1150 2927 Patri
1170 2889 1322 2930 Procu-

275 2932 402 2977 ratori
431 2935 629 2976 Generali
651 2936 832 2982 subditos
859 2937 938 2981 esse
956 2969 967 2982 .
1029 2945 1173 2989 Romae
1198 2949 1319 3003 v.Ju-

277 2992 325 3035 lii
349 3006 563 3035 MDchxi.

337 3053 392 3094 Et
407 3052 486 3094 Die
508 3065 552 3094 vi
568 3065 582 3093 1
598 3066 631 3093 r.
649 3056 815 3109 Augusti
830 3055 1007 3111 ejusdem
1023 3061 1127 3103 Anni
1142 3062 1242 3108 fasta
1261 3079 1315 3108 re-

276 3109 434 3153 latione
450 3111 722 3164 Sanc'tiffimm
752 3116 944 3158 Sanetitas
971 3122 1048 3160 Sua
1075 3124 1319 3179 congrega-

276 3169 401 3211 tionis
427 3168 667 3213 sententiam
698 3173 736 3214 in
762 3176 946 3218 omnibus
963 3170 1231 3233 approbavit,
1260 3193 1320 3225 at·

276 3243 359 3284 que
377 3229 432 3272 ita
455 3230 493 3271 in
509 3228 712 3283 posterum
729 3230 881 3274 servari
898 3238 1090 3291 praeccpit
1104 3267 1119 3290 ,
1150 3251 1319 3284 contra-

279 3289 349 3330 riis
363 3289 668 3346 quibuscunque
683 3304 761 3334 non
776 3291 1021 3335 obstanlibus
1034 3319 1049 3336 .
1326 3308 1328 3312 “

406 3409 446 3451 V.
480 3407 599 3451 card.
633 3411 866 3466 Carpineus.

398 3522 528 3566 Locus
544 3526 594 3578 ᾧ
610 3526 744 3584 Sigilli
759 3557 773 3572 .

611 3649 654 3687 C.
686 3646 730 3686 de
768 3647 808 3690 V.
841 3647 1026 3705 Archicp.
1059 3648 1204 3692 Athen·

343 3757 552 3811 originale
564 3760 607 3799 in
626 3762 938 3818 Arch.gen.0rd.
950 3768 1053 3809 Tom·
1071 3767 1124 3810 H.
1136 3769 1232 3810 Har.
1248 3768 1317 3824 38.

974 181 1163 277 Sub·
1194 180 1578 273 Clemente
1591 190 1617 271 -5
1635 186 1737 274 X.

1395 307 1541 372 Qiod
1558 321 1651 353 tam
1673 310 1853 354 Fratres
1868 338 1883 361 ,
1918 301 2054 369 quhm
2078 303 2305 358 Moniales
2339 310 2432 359 Or·-

1424 378 1542 426 dinis
1579 375 1717 425 nostri
1758 412 1775 436 ‚
1814 373 1996 442 singulis
2033 374 2256 426 mensibus
2301 414 2317 437 ,
2361 381 2434 430 die

1423 465 1514 496 non
1543 447 1760 515 impeditsi
1779 482 1794 505 ,
1827 443 2056 494 Officium
2083 443 2139 493 de
2175 449 2224 494 S.
2255 451 2432 499 Clara-2

1427 515 1508 566 sub
1530 520 1645 567 Ritu
1662 516 1962 585 Semiduplici
1983 550 2001 575 ,
2031 517 2219 565 recitare
2236 516 2402 585 poffint
2415 557 2432 583 ,

1427 587 1635 657 indulget
1655 626 1667 638 .

1532 693 1938 770 CLEMENS
1976 719 2180 768 PAPA
2213 716 2292 770 x.
2353 781 2357 784 ⁸

1582 846 1650 888 Ad
1655 856 1891 902 perpetuam
1903 850 1963 891 rei
1991 850 2225 890 Memoriam
2243 874 2256 887 .

1391 944 1482 1053 E
1495 944 1533 983 X
1547 942 1727 995 injuncto
1742 945 1871 988 Nobis
1888 947 2082 991 divinitus
2095 945 2336 1003 Apostolicae
2352 945 2433 989 ser-

1520 1000 1660 1042 vitutis
1678 1001 1824 1043 Officio
1851 1003 1914 1056 pia
1940 1004 2310 1055 Christifidelium‚
2339 1006 2435 1047 illo-

1389 1071 1482 1097 rum
1498 1058 1713 1112 praesertim
1727 1088 1740 1110 ‚
1755 1060 1825 1115 qui
1840 1061 2025 1105 Altiffimi
2041 1064 2237 1119 obsequiis
2255 1065 2328 1106 sub
2348 1065 2436 1106 sua-

1389 1117 1426 1156 vi
1454 1117 1635 1159 arcstioris
1662 1117 1887 1172 Religionis
1914 1120 2009 1178 jugo
2025 1123 2270 1177 mancipati,
2303 1123 2434 1164 bono-

1383 1187 1464 1229 que
1487 1175 1638 1217 Christi
1663 1175 1790 1218 odore
1812 1175 1864 1218 de
1896 1182 1996 1221 bona
2022 1181 2334 1222 conversatione
2350 1179 2435 1221 fra-

1384 1235 1712 1288 grante5‚uberes
1725 1235 1926 1276 bonorum
1941 1252 2108 1293 operum
2125 1237 2276 1279 frustus
2292 1239 2332 1278 in
2350 1240 2435 1278 Ec-

1386 1291 1505 1334 clesia
1532 1293 1640 1344 Dei,
1666 1293 1895 1350 adspirante
1915 1294 2076 1352 superni
2094 1293 2250 1338 favoris
2277 1295 2433 1337 auxilio

1387 1349 1573 1408 proferre
1586 1351 1737 1409 jugiter
1753 1351 1960 1408 satagunt,
1992 1365 2085 1397 vota
2100 1381 2114 1405 ,
2136 1355 2187 1397 ad
2205 1353 2432 1409 augendam

1387 1412 1428 1452 in
1453 1411 1571 1452 terris
1597 1411 1770 1454 coelestis
1794 1413 1910 1466 regni
1938 1413 2164 1455 incolarum
2200 1411 2434 1455 veneratio-

1385 1482 1481 1512 nem
1503 1469 1714 1512 tendentia
1745 1469 1924 1512 libenter
1946 1472 2205 1524 exaudimus,
2240 1471 2433 1528 illaque,-

1385 1525 1593 1570 favori'bus
1608 1558 1623 1579 ‚
1651 1530 1691 1570 δι
1713 1528 1852 1583 gratiis
1871 1529 2146 1586 prosequimur
2160 1529 2400 1585 opportunis
2414 1556 2428 1569 .

1385 1590 1490 1629 Cum
1506 1587 1641 1641 itaque
1657 1616 1671 1638 ‚
1695 1588 1796 1629 sicut
1815 1587 1985 1631 dile&us
2000 1590 2125 1631 Filius
2147 1589 2330 1632 Minister
2346 1591 2433 1631 Ge-

1385 1645 1714 1698 neralisOrdinis
1731 1647 1921 1686 Fratrum
1937 1647 2143 1689 Minorum
2157 1648 2287 1689 Sanffl
2303 1650 2431 1690 Fran-

1383 1700 1476 1744 cisci
1500 1702 1809 1756 Capucinorum
1834 1713 2156 1758 nuncupatorum
2187 1705 2314 1745 Nobis
2354 1719 2430 1747 nu-

1384 1774 1456 1816 per
1483 1759 1630 1815 exponi
1658 1758 1787 1810 secu,
1818 1769 1899 1802 tam
1919 1763 2083 1803 Fratres
2112 1760 2207 1803 dicti
2232 1762 2429 1814 Ordinis,

1384 1818 1505 1875 quam
1531 1819 1729 1862 Moniales
1761 1819 1982 1875 Capucinae
2008 1830 2247 1876 nuncupatae
2263 1836 2335 1876 pro
2353 1820 2431 1863 fin·

1386 1877 1519 1934 gulari
1535 1891 1674 1919 eorum
1691 1891 1786 1933 erga
1804 1882 1990 1922 sanctam
2004 1879 2169 1922 Claram
2194 1878 2428 1922 devotionis

1383 1937 1523 1980 affectu
1550 1934 1740 1978 Officium
1769 1935 1822 1978 de
1851 1937 1920 1979 illa
1951 1937 2110 1992 singulis
2139 1937 2345 1980 Mensibus
2361 1953 2426 1981 re-

1382 1998 1510 2038 citare
1539 1994 1752 2050 plurimum
1779 1994 2038 2038 desiderent:
2068 1998 2152 2038 Nos
2186 1996 2259 2050 piis
2282 2011 2425 2039 eorum

1384 2055 1488 2098 votis
1506 2053 1772 2097 favorabilem
1789 2051 1978 2098 assensum
2006 2055 2079 2096 hac
2109 2055 2148 2096 in
2177 2068 2221 2096 re
2244 2058 2425 2108 praebere

1383 2115 1570 2158 volentes
1585 2141 1599 2163 ³
1627 2114 1858 2170 diciumque
1882 2115 2105 2156 Ministrum
2122 2114 2373 2156 Generalem
2400 2114 2424 2154 ὲ

1382 2174 1585 2231 quibusvis
1599 2173 2029 2217 excommunicationis
2045 2202 2058 2223 ,
2086 2171 2339 2228 suspensionis
2354 2201 2367 2223 ,
2383 2174 2423 2214 &

1385 2232 1590 2276 interditfti
1618 2262 1633 2283 ,
1673 2231 1838 2288 aliisque
1867 2232 2143 2275 ecclesiasticis
2178 2231 2385 2274 sententiis
2407 2259 2423 2282 ‚

1384 2293 1560 2336 censuris
1575 2321 1590 2342 ,
1618 2293 1799 2347 &poenis
1817 2292 1837 2332 a
1857 2290 1946 2348 jure
1964 2320 1978 2342 ‚
2006 2291 2073 2333 vel
2088 2291 2138 2333 ab
2151 2290 2312 2332 homine
2326 2304 2424 2346 qua-

1385 2353 1444 2394 vis
1469 2352 1677 2392 occasione
1699 2381 1713 2404 ,
1741 2349 1806 2392 vel
1833 2350 1940 2393 causa
1971 2350 2088 2400 latis,
2115 2349 2298 2405 siquibus
2324 2364 2426 2404 quo-

1367 2409 1612 2452 modolibet
1630 2410 1839 2452 innodatus
1858 2409 2017 2459 existit,
2042 2409 2091 2452 ad
2114 2409 2297 2451 effectum
2330 2422 2428 2464 prae·

1384 2469 1552 2510 sentium
1566 2467 1761 2511 duntaxat
1778 2468 2104 2524 consequendum
2117 2498 2132 2518 ,
2164 2469 2304 2509 harum
2324 2467 2432 2508 serie

1384 2521 1638 2570 absolventes
1661 2555 1676 2577 ‚
1712 2530 1749 2568 &
1792 2525 2019 2569 absolutum
2045 2525 2134 2566 fore
2175 2528 2382 2566 censentes
2411 2552 2427 2575 ,

1384 2585 1743 2642 supplicationibus
1767 2583 1852 2640 ejus
1877 2585 2039 2626 nomine
2062 2583 2190 2626 Nobis
2217 2581 2331 2639 super
2349 2583 2427 2624 hoc

1385 2644 1593 2689 humiliter
1610 2644 1804 2700 porret‘tis
1819 2643 1997 2686 inclinati
2013 2672 2026 2694 ‚
2049 2642 2259 2693 omnibus,
2288 2643 2327 2682 &
2349 2640 2426 2682 sin-

1385 2705 1489 2761 gulis
1506 2716 1586 2746 tam
1605 2704 1807 2747 Fratribus
1824 2731 1837 2754 ‚
1863 2704 1982 2758 quam
2000 2701 2251 2745 Monialibus
2283 2699 2424 2754 praedi-

1382 2766 1517 2815 &tisun
1531 2762 1723 2805 Officium
1738 2762 1790 2803 de
1806 2761 1950 2803 eadem
1968 2762 2107 2802 Sancta
2124 2759 2245 2801 Clara
2261 2756 2424 2812 singulis

1383 2822 1588 2867 Mensibus
1608 2821 1838 2876 aliquadie,
1851 2834 1929 2862 non
1947 2819 2141 2873 impedita
2161 2817 2306 2860 Officio
2321 2819 2427 2858 nove‘

1383 2883 1614 2926 Lectionum
1629 2911 1643 2931 ,
1674 2879 1743 2922 sub
1762 2879 1859 2920 Ritu
1875 2877 2142 2932 semiduplici
2175 2875 2351 2918 recitare
2375 2875 2424 2916 li-

1379 2942 1480 2984 bere
1494 2970 1510 2991 ,
1539 2939 1704 2981 &licite
1722 2937 1860 2993 possint
1876 2964 1890 2987 2
1919 2939 1956 2978 &
1970 2936 2134 2979 valeant
2153 2962 2167 2985 2
2194 2935 2425 2977 Auctorita-

1380 3012 1422 3043 te
1437 2998 1663 3054 Apostolica
1677 3026 1690 3048 ‚
1708 3010 1855 3040 tenore
1869 2993 2121 3052 praesentiurn
2137 2992 2423 3041 concedimus,

1378 3063 1419 3102 &
1447 3057 1728 3113 indulgemus.
1763 3058 2049 3103 Decernentcs
2075 3050 2234 3095 easdem
2263 3052 2423 3092 Literas

1380 3120 1537 3171 semper
1551 3116 1684 3158 firmas
1701 3138 1715 3167 ,=
1742 3112 1924 3165 validas,
1953 3115 1993 3155 &
2018 3111 2198 3155 efficaces
2225 3109 2423 3159 existere,

1380 3181 1420 3221 &
1447 3172 1536 3219 fore
1552 3204 1566 3226 ,
1593 3173 1762 3230 suosque
1791 3172 1996 3226 plenarios
2012 3201 2027 3224 ,
2051 3173 2091 3212 &
2116 3171 2295 3222 integros
2327 3167 2425 3209 effe-

1379 3241 1462 3279 &us
1477 3233 1640 3285 sortiri,
1667 3235 1705 3275 &
1719 3232 1935 3283 obtinere,
1952 3246 1996 3275 ac
2017 3230 2096 3273 illis
2114 3258 2126 3280 ,
2151 3227 2201 3269 ad
2216 3240 2314 3282 quos
2337 3253 2351 3276 ,
2383 3227 2423 3266 &

1378 3309 1475 3352 quas
1493 3292 1640 3345 spectat
1658 3321 1673 3343 ,
1696 3295 1732 3335 &
1748 3305 1824 3347 pro
1853 3303 2038 3345 tempore
2063 3285 2421 3351 quandocunhqum

1377 3353 1569 3412 spectabit
1582 3382 1596 3405 ,
1609 3353 1650 3396 in
1666 3351 1849 3395 omnibus
1865 3379 1878 3402 ,
1907 3352 1944 3391 δε
1960 3361 2033 3403 per
2047 3344 2178 3389 omnia
2195 3342 2418 3397 plenissime

1377 3413 1578 3470 suffragari
1595 3441 1608 3464 ‚
1638 3410 1768 3468 sicque
1784 3409 1822 3451 in
1838 3403 2034 3465 praemiffis
2049 3417 2120 3460 per
2144 3400 2421 3468 quoscumque

1373 3473 1542 3532 Judices
1571 3471 1798 3515 ordinarios
1815 3495 1827 3517 ,
1851 3470 1889 3508 &
1912 3464 2122 3517 delegatos
2143 3491 2158 3513 ‚
2185 3473 2308 3503 etiam
2327 3474 2426 3503 cau·

1379 3534 1511 3575 sarum
1533 3530 1675 3574 Palatii
1691 3520 2144 3584 ApostoliciAuditores
2160 3520 2353 3577 judicari,
2386 3521 2423 3560 &

1380 3590 1542 3634 definiri
1559 3588 1713 3631 debere
1727 3615 1742 3638 ,
1766 3597 1812 3625 ac
1829 3581 1991 3625 irritum
2008 3609 2020 3632 ,
2043 3583 2081 3623 &
2101 3581 2214 3623 inane
2228 3609 2241 3631 ,
2270 3583 2294 3622 si
2309 3579 2417 3622 sectis

1379 3649 1496 3706 super
1525 3648 1620 3691 hiza
1637 3643 1999 3702 quoquamquavis
2025 3642 2264 3684 austoritate
2296 3639 2423 3680 scien·
2488 3659 2495 3668 ·

1379 3721 1472 3758 ter,
1494 3707 1559 3748 vel
1578 3705 1811 3760 ignoranter
1826 3700 2046 3757 contigerit
2067 3699 2264 3742 attentari
2283 3728 2294 3739 .
2325 3700 2422 3739 Non

1379 3765 1627 3813 obstantibus
1644 3760 2011 3821 constitutionibus
2030 3790 2045 3810 ‚
2072 3761 2111 3801 &
2137 3754 2420 3854 Ordinassioni·

2320 3825 2362 3853 us
