2704 4296
917 214 1078 301 IS
1132 217 1213 300 A
1275 218 1346 302 G
1404 218 1476 304 O
1541 215 1614 301 G
1673 219 1782 304 Ε.
2153 232 2367 312 xxiia

279 357 382 400 cos
397 379 412 403 ‚
429 334 895 400 Abbreviatores
918 335 1122 389 minoris
1133 338 1345 412 gratia,
1371 334 1426 396 &
1445 334 1879 398 sollicitatores
1899 381 1912 405 ‚
1936 344 2110 401 etiarn
2138 354 2419 407 Annata.

276 444 410 485 rum
452 425 759 489 Officiaies
790 465 804 487 ,
852 426 913 480 ὃς
946 439 1156 480 eorum
1193 419 1522 501 Capeliani
1553 462 1568 487 ,
1611 423 1650 482 fi
1679 469 1691 490 ‚
1743 424 1829 485 uti
1865 423 2103 489 dictum
2131 469 2146 492 2
2193 427 2418 492 frucius

279 512 574 572 excedant
618 507 916 569 summam
954 528 1053 586 24.
1093 508 1473 570 Ducatorum
1515 507 1786 572 Camerae
1815 556 1828 569 .
1877 511 2278 577 Plumbantur
2318 538 2421 598 po-

279 598 398 661 stea
430 642 446 670 ‚
491 599 548 657 &
594 595 952 654 revidentur
995 590 1032 651 a
1082 592 1423 656 Cardinalis
1471 595 2049 659 vice-Cancellarii
2106 602 2420 672 Ministr0‚

279 680 594 752 Summista
628 696 1020 764 nuncupatO,
1050 703 1191 744 cum
1238 683 1426 745 verbo
1480 683 1595 758 Visa
1638 685 1720 740 Ν.
1755 686 1832 742 Ν,
1867 724 1882 749 ,
1930 707 1997 746 ac
2045 690 2423 769 registrantur

275 771 337 833 in
373 766 604 828 Officio
651 765 965 830 Secretarii
1013 771 1293 834 Camerae
1326 814 1341 838 ‚
1384 772 1492 854 qui
1540 769 1619 829 est
1666 764 1988 834 mensarius
2017 814 2032 837 ‚
2078 781 2138 834 ὃς
2190 778 2242 834 se
2290 772 2425 856 post

276 857 517 921 literam
547 859 618 914 R.
656 850 966 917 subscribit
993 900 1009 918 .
1057 855 1158 923 Est
1202 871 1406 919 autem
1443 861 1504 918 in
1542 854 1995 939 Expeditorum
2046 858 2320 929 arbitrio,
2356 875 2426 920 ut

274 939 472 1008 Bunae
515 941 663 1004 tales
691 983 707 1009 ‚
752 942 858 1007 vel
904 964 1011 1027 per
1063 943 1509 1007 Canceliatiam
1540 988 1558 1016 ‚
1603 949 1705 1010 vel
1747 966 1848 1027 per
1890 947 2207 1010 Cameram
2256 967 2428 1028 expe-

275 1033 569 1094 diantur:
615 1030 980 1116 variantque
1026 1037 1088 1097 in
1142 1031 1258 1095 hac
1287 1076 1302 1101 ,
1346 1032 1452 1095 vel
1509 1033 1616 1094 iila
1678 1032 1943 1117 expensae
2000 1055 2110 1118 pro
2139 1035 2429 1097 materiae

274 1131 610 1186 varietate.

275 1195 279 1201 ’
446 1206 656 1268 Tertia
700 1206 827 1274 Via
885 1203 1121 1270 dicitur
1178 1206 1414 1269 Secreta
1447 1250 1463 1276 ‚
1507 1226 1612 1284 per
1657 1226 1844 1289 quam
1892 1213 1927 1269 a
1978 1211 2278 1290 Scriptore
2327 1205 2427 1267 de·-v

276 1305 500 1377 putato
528 1336 544 1360 ,
591 1295 696 1374 qui
740 1296 803 1351 &
848 1294 1119 1375 Scriptor
1155 1293 1427 1356 Secretus
1473 1292 1762 1374 appellari
1810 1295 2129 1355 consuevit
2157 1340 2170 1362 ,
2221 1295 2428 1375 provi-

275 1379 464 1440 iiones
491 1421 507 1446 ‚
544 1373 581 1435 ἓ.
615 1376 778 1458 Papa
817 1375 1246 1449 Familiaribus
1272 1379 1531 1462 propriis
1565 1420 1579 1444 ,
1625 1378 1720 1440 vei
1756 1377 1886 1439 aliis
1922 1400 1991 1439 ex
2024 1375 2265 1463 speciali
2301 1400 2431 1459 gra-

276 1463 360 1525 tia
396 1462 557 1526 faCtae
603 1459 1014 1547 expediuntur
1043 1506 1057 1522 .
1101 1467 1348 1548 Scriptae
1377 1463 1414 1524 a
1446 1466 1750 1547 Scriptore
1816 1467 2057 1529 Secreto
2108 1466 2432 1548 plumbari-

276 1566 418 1618 tur‚
467 1550 505 1611 a
538 1547 824 1611 Ministro
877 1549 1069 1617 Card.
1119 1548 1710 1617 Vice-Cancellarii
1742 1592 1758 1618 ,
1806 1555 1868 1612 &
1912 1551 2231 1615 Summista
2276 1552 2436 1613 revi-

277 1638 534 1707 dentur,
564 1638 788 1699 insertis
820 1636 899 1699 ad
928 1636 1156 1702 calcem
1193 1635 1287 1701 his
1322 1639 1523 1704 verbis
1554 1664 1566 1699 :
1617 1643 1724 1694 Pro
1757 1641 2083 1716 Eminenttss.
2107 1681 2121 1704 ‚
2159 1649 2225 1706 εἴ
2262 1644 2429 1695 Reve-

277 1724 487 1804 rendtss.
513 1727 589 1787 D.
613 1725 901 1784 Cardinale
941 1729 1266 1785 Summatore
1311 1727 1395 1788 N.
1441 1732 1503 1788 &
1555 1721 1738 1810 pauli)
1786 1721 2029 1788 inferitis
2073 1729 2190 1803 Visa
2239 1730 2322 1786 N.
2349 1728 2432 1788 Ν.

283 1818 349 1876 &
396 1807 776 1894 registrantur
829 1816 894 1875 in
941 1811 1268 1879 Secretaria
1310 1811 1599 1878 Brevium
1635 1857 1651 1882 ‚
1698 1817 2019 1874 moderato
2076 1814 2433 1897 plerumque

280 1901 674 1982 expensarum
721 1896 1016 1983 stipendio
1033 1912 1062 1964 .·’

422 1982 694 2064 -Qarta
726 1983 852 2048 Via
892 1986 974 2049 est
1012 1987 1136 2053 Via
1171 1986 1372 2053 Curiae
1399 2030 1414 2055 .
1456 2008 1562 2073 per
1606 2004 1788 2071 quam
1835 1984 2249 2070 expediuntur
2292 1983 2436 2048 Bul..

280 2074 346 2136 1ae
380 2114 396 2138 ‚
429 2089 854 2136 concernentes
887 2074 1113 2160 LegeS‚
1144 2073 1619 2139 Constitutiones
1646 2119 1661 2143 ‚
1707 2073 1971 2156 aliasque
2012 2079 2290 2137 materias
2312 2117 2330 2142 ,
2358 2093 2436 2134 ex

280 2174 466 2223 motu
509 2160 693 2244 Papae.
735 2165 979 2246 proprio
1010 2203 1025 2228 ‚
1072 2164 1174 2226 vei
1221 2160 1560 2244 aliquando
1603 2182 1714 2246 pro
1744 2159 1925 2223 rebus
1973 2161 2335 2245 Nepotum‚
2371 2164 2435 2222 ὅτ.

281 2247 534 2312 aliorum
597 2247 901 2313 ordinatas
930 2295 944 2311 .
997 2247 1216 2314 Exarat
1261 2250 1385 2312 illas
1431 2251 1701 2334 Scriptor
1747 2248 2016 2310 Secretus
2054 2293 2066 2316 ,
2116 2254 2179 2310 &
2237 2249 2435 2332 plum-

282 2335 436 2398 batae
495 2331 951 2399 subscribuntur
1009 2343 1210 2422 primi>
1255 2337 1330 2399 ab
1387 2336 1844 2401 Abbreviatore
1893 2338 2093 2399 Curiae
2145 2334 2253 2396 sub
2302 2354 2435 2399 ver-

281 2421 371 2484 bis
405 2447 419 2485 :
468 2423 602 2500 Visa
644 2426 708 2480 de
741 2427 899 2482 Curia
944 2429 1026 2485 N.
1055 2430 1136 2486 N.
1186 2422 1390 2509 postea
1422 2424 1458 2484 a
1496 2421 1744 2484 Datario
1774 2463 1788 2486 ‚
1834 2429 1895 2484 &
1938 2421 2266 2484 Secretario
2303 2421 2439 2480 Bre-

232 2555 234 2557 »
283 2507 456 2572 vium
487 2554 502 2577 ,
546 2505 667 2568 alio
694 2514 756 2572 in
792 2511 1271 2591 redemptionem
1318 2530 1438 2568 non
1486 2510 1629 2566 dato
1661 2545 1677 2570 ‚
1723 2514 1949 2586 quam,
1984 2507 2152 2588 quod
2192 2505 2437 2587 fimplex

284 2595 464 2675 exigit
507 2589 720 2655 labor.
770 2593 1192 2677 Qnadruplici
1243 2591 1389 2653 huic
1439 2591 1568 2651 Viae
1601 2631 1616 2651 ‚
1661 2589 1758 2650 seu
1809 2591 2000 2651 modo
2036 2630 2052 2655 ,
2093 2594 2236 2652 alias
2281 2591 2437 2651 duas

285 2675 791 2762 superaddendas
837 2678 946 2740 effe
979 2724 992 2748 ,
1037 2681 1240 2764 praxis
1289 2677 1471 2740 docet
1500 2721 1517 2748 ‚
1568 2682 1630 2738 ὃς
1679 2674 1968 2760 quidem.

483 2765 727 2848 Qinta
777 2768 884 2828 via
929 2782 1191 2828 vocatur
1236 2762 1779 2829 Contradiciarum
1811 2809 1826 2831 ,
1873 2784 1983 2848 per
2025 2782 2212 2846 quam
2258 2785 2438 2847 expe-

288 2851 550 2914 diuntur
596 2852 858 2915 materiae
904 2852 1222 2916 attinentes
1259 2851 1338 2913 ad
1384 2852 1511 2914 lites
1541 2897 1556 2919 ‚
1604 2856 1663 2912 &
1712 2849 2007 2932 signanter
2058 2854 2438 2914 Monitori-a.»

287 2939 352 3001 in
385 2938 583 3001 forma
612 2941 935 3017 fignificavic
961 2987 975 3010 ‚
1012 2962 1081 3001 ac
1114 2944 1489 3003 mutationes
1517 2937 1844 3007 melicum,
1885 2940 2290 3001 Executorum
2325 2940 2440 3001 &a

289 3023 774 3090 confirmationes
813 3032 1234 3098 statutorum,
1266 3046 1324 3089 v.
1362 3048 1415 3109 g.
1456 3028 1709 3107 alicujus
1744 3025 2004 3089 Ecclefiae
2053 3027 2437 3110 Collegtatae:

290 3118 583 3199 quamvis.
613 3113 739 3176 haec
775 3115 992 3178 eadem
1029 3134 1134 3198 per
1168 3117 1402 3178 Literas
1447 3115 1506 3174 in
1553 3108 1747 3175 forma
1792 3113 1999 3175 Brevis
2047 3111 2269 3197 poffint
2299 3133 2438 3173 con-

290 3205 516 3268 firmari
542 3248 559 3274 ,
604 3201 1002 3265 nihilominus
1050 3200 1155 3264 via
1188 3199 1698 3262 contradictarum
1736 3220 1874 3262 cum
1917 3200 1982 3262 fit
2027 3201 2269 3266 fortior,
2299 3219 2440 3261 con-

293 3289 507 3354 sultius
553 3292 903 3373 usurpatur,
936 3291 1250 3372 praesertim
1285 3309 1426 3350 cum
1455 3287 1721 3370 expensae
1747 3286 1860 3348 fint
1905 3303 2146 3355 tenues,
2182 3286 2284 3347 nifi
2330 3289 2438 3345 cir-

294 3377 671 3440 cumstantiae
707 3375 835 3438 illas
867 3376 1310 3458 multiplicent.
1330 3371 1823 3438 Subscribuntur,
1856 3374 2335 3457 &plumbantur
2360 3374 2437 3435 ab

301 3462 695 3528 Officialibus
730 3461 813 3525 ad
841 3461 907 3523 id
938 3461 1273 3526 destinatis,
1324 3462 1475 3526 Dixi
1509 3462 1720 3544 supra,
1761 3461 1868 3523 via
1900 3459 2435 3524 Contradiciarum

199 3616 201 3619 ⁸
300 3551 568 3631 expediri
613 3554 887 3612 materias
934 3554 1250 3622 attinentes
1279 3547 1357 3610 ad
1395 3547 1610 3611 LiteS.
1655 3546 1843 3613 Circa
1876 3544 2048 3632 quod
2094 3546 2437 3610 notandum

297 3633 381 3696 est
409 3679 424 3703 ‚
470 3637 641 3719 quod
686 3636 988 3699 Mandata
1020 3679 1036 3703 ,
1084 3634 1343 3697 Decreta
1378 3681 1393 3705 ,
1438 3633 1761 3701 Sententiae
1806 3640 1918 3696 &e
1967 3653 2099 3716 quae
2143 3635 2290 3697 licet
2335 3657 2438 3719 per

302 3724 472 3787 viam
502 3766 516 3792 ‚
560 3722 658 3786 seu
693 3721 964 3808 officium
1010 3722 1538 3788 Contradieiarum
1585 3721 1801 3784 direcie
1835 3719 1872 3780 ἃ
1904 3720 2107 3786 Curiae
2138 3722 2438 3789 Romanae

1843 3812 1845 3816 ’
2123 3810 2353 3874 Judici-
2425 3853 2429 3855 -
