2658 4244
333 248 362 293 ι
385 236 488 311 44
950 208 1111 302 Sub
1169 212 1571 305 Clemente·
1609 216 1702 306 X
1699 216 1747 303 I.

265 339 385 371 enter
401 331 571 369 mitt-uas
590 355 604 380 ‚
635 324 927 384 Theologalem
943 360 959 381 ,
984 334 1020 372 ὅ(
1038 334 1311 377 Poenitentia-
1371 337 1681 392 ptingentefimo
1700 336 1834 378 Primo
1848 361 1860 384 ,
1887 329 2107 375 undecimo
2123 337 2405 385 Kal-Decem«

264 389 364 429 riam
391 386 631 430 Praebendas
654 389 836 430 instituas
851 418 864 440 ,
897 403 1158 448 montemque
1175 395 1309 436 Pieta-
1370 397 1475 447 bris,
1496 395 1762 438 Pontificatus
1779 391 2215 438 NostriAnnoprimo.

265 446 316 488 tis
328 447 426 501 erigi
442 458 558 487 cures
575 474 590 497 ,
617 446 906 490 conscientiam
924 449 962 490 in
983 452 1042 492 his
1059 463 1277 495 onerantes
1292 483 1303 494 .

264 509 420 550 Datum
432 506 571 547 Romae
583 507 689 561 apud
707 507 890 552 Sandiam
908 511 1079 551 Mariam
1105 510 1304 567 Majorem

576 565 578 568 ,
1427 516 1582 568 orian
1601 509 2027 567 Arch.Cancell.Epss.
2044 512 2255 554 Rura-mun.
2272 512 2324 562 &a
2335 530 2402 558 ex..

263 568 387 610 Anno
415 566 711 611 incarnationis
735 567 961 611 Deminicae
989 569 1206 613 Millefimo
1230 574 1305 614 se-

1477 574 1629 629 emplar
1641 572 1720 630 ejus
1737 569 2017 630 auth-inArssch.
2032 571 2127 615 Ord.
2139 573 2406 634 To.A.A·n.a,A

985 723 1679 797 NOTA.

260 884 351 973 O
367 884 475 922 Rtum
489 909 503 932 ,
528 897 629 936 quem
655 885 772 925 habuit
797 885 971 923 Bruxeffis
993 897 1038 923 ex
1066 884 1222 933 prosapia
1246 882 1428 919 Comitum
1453 885 1675 936 d’Ognyes‚
1696 889 1731 925 8<
1746 889 1781 925 d’
1795 891 1913 927 Etrees
1935 890 2103 928 illustrem
2118 915 2131 935 ,
2157 888 2306 927 reddidit
2324 889 2408 926 Inu-

379 934 531 972 sttiorem
547 937 672 974 virtute
687 961 699 980 ‚
730 939 798 983 qua
810 936 1023 984 splendorem
1036 935 1161 983 prioris
1175 959 1189 978 ‚
1213 933 1273 969 sub
1287 931 1448 968 altislimoe
1472 937 1684 981 paupertatis
1710 938 1903 980 magisterio
1920 965 1933 984 ,
1961 939 2018 976 seu
2030 940 2105 976 rudi
2128 938 2271 977 Ordinis
2298 935 2404 974 nostri

259 983 395 1020 Habitu
410 1008 424 1028 ‚
453 985 507 1021 16.
524 987 687 1022 Decemb.
707 986 803 1022 ι668.
818 983 993 1020 abscondit
1005 1008 1018 1027 ‚
1043 986 1154 1029 &qua
1168 981 1376 1019 ascensiones
1391 982 1474 1016 tales
1490 982 1522 1015 in
1537 983 1639 1018 corde
1652 983 1712 1017 suo
1726 983 1916 1031 disposuit,
1942 998 1981 1022 ut
2008 989 2051 1023 de
2066 990 2191 1025 virtute
2219 987 2404 1035 progrede-

256 1039 350 1068 retur
363 1032 397 1067 in
413 1033 572 1069 vittutem
584 1057 594 1067 .
621 1035 720 1069 Hanc
734 1033 780 1068 ita
791 1033 961 1077 gradatim
973 1032 1214 1068 ascendentem
1239 1031 1466 1077 sequebantur
1482 1030 1624 1066 comites
1639 1031 1777 1068 honoris
1790 1033 1917 1076 gradus
1931 1060 1940 1070 .
1967 1035 2170 1079 insigniores
2191 1037 2279 1071 inter
2305 1035 2407 1070 hosce

255 1091 352 1116 erant
365 1104 378 1124 ,
407 1080 488 1115 dum
500 1082 652 1116 Carolus
672 1082 716 1116 ll.
734 1080 973 1127 Hispaniarum
989 1080 1070 1115 Rex
1088 1080 1174 1114 Eum
1188 1078 1282 1113 suum
1298 1076 1356 1113 fibi
1369 1078 1484 1122 selegit
1493 1079 1782 1115 Concionatorem
1798 1104 1810 1123 ‚
1830 1082 1861 1117 81
1883 1082 2063 1130 Philippus
2077 1084 2124 1119 V.
2150 1084 2301 1132 ejusdem
2316 1085 2408 1121 Sue·

255 1127 364 1163 ceffor
377 1129 420 1163 ad
436 1128 579 1163 Mittam
590 1128 907 1164 Ruremundensem
921 1127 1116 1163 nominavit
1137 1150 1147 1161 .
1174 1127 1249 1163 Hac
1260 1127 1294 1161 in
1311 1126 1498 1170 dignitate,
1522 1128 1595 1173 quo
1610 1127 1685 1163 aliis
1699 1137 1770 1163 erat
1781 1128 1957 1166 sublimior
1969 1158 1980 1173 ‚
2002 1132 2046 1167 eo
2057 1131 2256 1169 inferiorern
2274 1131 2305 1166 se
2322 1142 2405 1179 prae-

256 1176 333 1210 buit
347 1175 520 1211 omnibus.
544 1174 774 1212 Excelsorum
789 1177 950 1213 Statuum
964 1174 1162 1211 Hollandiae
1173 1186 1320 1211 amorem
1333 1174 1380 1211 ita
1393 1173 1452 1209 libi
1465 1174 1672 1211 conciliavit
1685 1199 1697 1219 ,
1708 1176 1792 1211 utin
1807 1178 1960 1224 partibus
1971 1190 2090 1215 eorum
2106 1177 2322 1216 Acatholicis
2343 1180 2407 1216 Sa-

254 1233 460 1260 cramentum
472 1222 759 1260 Confirmationis
772 1225 815 1260 ab
826 1237 869 1261 eo
881 1223 1100 1260 administrari
1114 1223 1338 1259 conniverent
1352 1250 1361 1259 .
1388 1224 1468 1260 Rex
1484 1223 1641 1260 Boruffiae
1657 1224 1922 1272 prosequebatur
1934 1238 2013 1263 eum
2028 1228 2159 1263 honore
2176 1227 2378 1274 particulari
2390 1238 2403 1262 z

252 1283 315 1309 nec
326 1273 392 1308 fuit
406 1272 461 1308 hic
474 1271 595 1308 sterilis
610 1284 622 1312 ;
635 1284 712 1309 cum
729 1273 913 1319 quotannis
926 1272 980 1308 illi
994 1272 1178 1309 notabilem
1193 1273 1408 1319 pecuniarum
1421 1272 1583 1308 summam
1597 1271 1852 1316 confignaverit
1865 1300 1876 1319 ‚
1901 1275 1945 1311 ab
1958 1287 2003 1311 eo
2015 1275 2049 1309 in
2067 1274 2287 1311 commodum
2317 1274 2399 1319 Epi-

254 1320 603 1368 scopamsimpensam
616 1345 630 1366 ,
653 1321 713 1368 qui
728 1321 811 1358 Inde
824 1322 977 1358 redditus
991 1347 1004 1365 ,
1028 1322 1111 1358 alias
1125 1321 1278 1358 modicos
1296 1345 1309 1365 ,
1330 1321 1493 1357 industria
1506 1320 1579 1368 ejus
1604 1321 1777 1366 insigniter
1801 1322 1967 1360 adauaos
1990 1322 2054 1359 effe
2071 1347 2084 1366 ‚
2112 1324 2206 1368 grata
2233 1322 2398 1359 memoria

253 1370 362 1406 adhuc
375 1370 501 1405 fatetur
514 1395 526 1407 .
555 1370 735 1406 Praemium
751 1371 877 1407 laboris
889 1395 902 1415 ,
927 1370 961 1405 &
986 1370 1065 1406 zeli
1090 1369 1270 1418 acquilivit
1287 1371 1392 1407 Anno
1407 1379 1506 1417 ¹7²2·
1518 1369 1572 1407 die
1583 1381 1618 1416 9.
1639 1369 1746 1416 Maii,
1760 1382 1826 1417 qua
1839 1373 1881 1408 de
1898 1383 1986 1410 terra
2001 1371 2138 1411 miseriae
2150 1372 2267 1416 ‚beata
2285 1379 2398 1408 morte

255 1418 409 1458 transivit
421 1418 464 1454 ad
478 1418 665 1455 videndum
681 1420 796 1455 Deum
811 1421 965 1456 Deorum
979 1419 1014 1455 in
1025 1419 1111 1458 Sion
1123 1442 1136 1455 .

281 1550 628 1564 ——m—

251 1647 368 1697 Tria
387 1650 583 1696 Decreta
598 1680 614 1701 ,
638 1645 803 1710 quibus
820 1645 845 1691 ἒι
859 1648 906 1693 S.
921 1647 1294 1712 Congregatione

286 1713 623 1782 Episcoporum
648 1713 697 1764 ὅ(
732 1715 902 1782 Regul.
919 1712 1070 1761 Nobis
1082 1718 1155 1775 jus
1176 1715 1293 1763 Ter-

284 1788 399 1835 tium
436 1783 668 1834 Ordinem
697 1781 959 1832 instituendi
984 1798 1245 1851 competere
1274 1820 1291 1841 ,

282 1853 371 1906 fuit
385 1852 585 1904 decisum
601 1892 617 1914 ,
651 1853 920 1923 Apostolicz'i
946 1851 1291 1906 confirmatione

285 1940 542 1976 communit
558 1960 571 1973 .
1084 1934 1093 1950 ἰ

369 2079 771 2130 CLEMENS
809 2082 1012 2130 PAPA
1050 2081 1168 2130 XI.

451 2221 517 2265 Ad
533 2219 729 2279 futuram
757 2225 817 2265 re}
847 2227 1099 2268 memoriam.

360 2336 581 2381 Mandrum
609 2339 775 2393 nupera
793 2341 1124 2396 Congregatione
1152 2341 1288 2384 Vene-

376 2397 563 2438 rabilium
603 2400 793 2439 Fratrum
826 2400 1051 2442 nostrorum
1082 2404 1124 2442 S.
1152 2402 1206 2441 R.
1238 2402 1286 2440 E.

248 2455 535 2498 cardinalium
551 2456 798 2510 negotiis‚&
812 2457 1173 2500 consultationibus
1189 2459 1289 2513 Epi-

243 2514 456 2569 scopornm
473 2543 487 2564 ,
511 2515 551 2555 &
580 2514 843 2569 Regularium
858 2518 1085 2573 praeposita,
1105 2518 1155 2559 ad
1174 2514 1289 2559 favo-

246 2587 335 2615 rem
356 2571 598 2615 dilectorum
614 2572 810 2616 Filiorum
827 2578 1012 2619 Fratrum
1029 2576 1194 2619 Ordinis
1216 2578 1290 2620 Mi.

246 2644 391 2675 norum
421 2633 551 2672 Sani-ti
583 2634 779 2675 Francisci
807 2636 1107 2692 Capucinorum
1132 2650 1288 2679 nuncu-

246 2699 436 2745 patorum
455 2690 584 2742 Regni
602 2691 790 2733 Sardiniae
807 2694 884 2734 tria
908 2697 1090 2737 Decreta
1106 2699 1257 2739 tenoris
1268 2726 1286 2749 2

247 2743 539 2804 quisequitur‚
571 2747 978 2794 videlicet=1ncausa
1007 2764 1198 2800 vertente
1226 2756 1287 2798 in·

246 2816 314 2849 ter
329 2809 469 2848 Patres
488 2804 671 2849 Minores
682 2811 910 2863 Capucinos
934 2812 1069 2865 Regni
1096 2815 1284 2858 Sardiniae

247 2879 299 2907 ex
327 2878 405 2907 una
419 2892 436 2915 2
462 2865 501 2905 &
531 2866 671 2909 Patres
701 2868 881 2911 Minores
906 2867 959 2912 de
985 2871 1282 2919 Observantiru,

246 2923 425 2980 ejusdem
455 2924 618 2978 Regni,
645 2925 710 2968 seu
735 2928 812 2969 &c.
845 2929 1024 2984 partibus
1052 2945 1100 2973 ex
1129 2933 1283 2986 altera,

245 2984 325 3034 de,
356 2983 393 3023 &
420 2979 536 3037 snper
561 2982 811 3040 infrascripto
837 2987 963 3030 dubio
987 3002 998 3030 :
1019 3004 1169 3047 nempe
1195 3022 1209 3044 ,
1234 3007 1282 3035 an

245 3040 433 3086 Patribus
457 3043 674 3097 Capucinis
703 3045 836 3099 Regni
865 3047 1058 3091 Sardiniae
1073 3049 1195 3095 liceat
1209 3051 1285 3094 dis-

246 3098 441 3157 pensare,
466 3099 535 3143 seu
549 3099 790 3144 distribuere
805 3104 1025 3159 Habitum,
1053 3110 1119 3151 seu
1143 3111 1285 3166 scapu-

246 3161 338 3203 lare
353 3170 521 3214 parvum
537 3173 629 3202 curn
643 3161 805 3215 cingulo
822 3165 952 3206 Sancti
974 3166 1176 3211 francisci
1203 3174 1284 3214 Sae-

247 3217 451 3260 cularibus
467 3216 672 3274 utriusque
687 3217 800 3262 sextis
813 3220 850 3261 in
871 3225 1044 3279 propriis
1061 3229 1254 3273 Domibus
1269 3258 1284 3281 ‚

248 3279 286 3318 &
314 3274 381 3319 snb
401 3275 903 3333 JurifflictioneOrdinarii
931 3282 1188 3337 viventibus,
1216 3290 1283 3342 qui

250 3335 562 3378 denominantur
590 3336 811 3389 Tertiarii,
839 3337 909 3382 seu
934 3341 1063 3382 Tertii
1091 3344 1281 3398 Ordinis,

251 3395 395 3447 eosque
420 3396 599 3452 dirigere
626 3396 666 3438 in
684 3396 1087 3456 Spiritualibusjuxta
1104 3403 1282 3459 Regulas

252 3449 346 3491 dieti
370 3453 498 3495 Tertii
527 3453 693 3498 Ordinis
722 3456 760 3497 in
789 3456 960 3512 propriis
992 3459 1182 3502 Ecclesnis
1210 3464 1281 3508 in„

249 3508 340 3549 casu
367 3509 440 3551 δίε.
465 3514 587 3556 Sacra
626 3517 905 3572 Congregatio
943 3517 1283 3561 Eminentiffimo—

250 3580 369 3617 rum,
398 3569 437 3607 &
463 3571 900 3618 Reverendiffimorum
927 3577 966 3618 S.
986 3578 1036 3620 R.
1063 3578 1115 3619 E.
1136 3579 1285 3620 Cardi-

250 3625 399 3666 nalium
417 3630 587 3681 negotiis
603 3657 617 3680 ‚
641 3632 678 3672 &
690 3632 1051 3677 consultationibus
1065 3635 1285 3693 Episcopo-

249 3696 376 3749 rum).
397 3685 436 3722 δε
451 3686 712 3739 Regularium
735 3694 937 3749 praepofita
956 3723 971 3743 ‚
995 3695 1173 3749 partibus
1195 3696 1284 3750 ipsis

254 3740 401 3781 aud1t1s
417 3767 430 3791 ,
462 3743 666 3787 referente
683 3750 1003 3794 Eminentiffimo
1021 3754 1246 3797 Gabriellio
1266 3785 1281 3806 ‚

251 3799 403 3843 censuit
417 3826 438 3852 2v
453 3812 499 3842 ae
515 3800 766 3859 declaravit,
795 3821 1030 3865 competere
1046 3812 1125 3857 PP.
1143 3817 1280 3872 Capu-

2145 1552 2375 1568 ——

1353 1645 1455 1685 cinis
1485 1643 1721 1688 facultatem
1746 1645 1986 1692 conferendi
2025 1648 2240 1704 scapulare
2270 1676 2283 1698 ,
2326 1645 2396 1687 seu

1352 1701 1549 1744 Habitum
1577 1717 1744 1756 parvum
1767 1719 1862 1747 cum
1885 1705 2049 1759 cingulo
2090 1710 2131 1747 S.
2159 1703 2361 1746 Francisci
2385 1731 2398 1743 .

1353 1763 1493 1801 Romae
1509 1774 1607 1803 xvi.
1625 1763 1871 1805 Novembris
1886 1778 2034 1806 mocon
2051 1777 2064 1804 1
2078 1776 2110 1804 1.
2129 1761 2260 1804 Etdie
2272 1774 2398 1801 xxix.

1352 1818 1564 1861 Februarii
1583 1820 1922 1863 mocctv.denuo
1935 1821 2080 1864 auditis
2105 1820 2396 1876 Religionibus

1350 1881 1518 1922 Parrum
1546 1879 1751 1921 Minorum
1782 1879 1835 1922 de
1850 1879 2114 1923 observantia
2132 1908 2144 1931 ‚
2168 1881 2206 1921 &
2223 1879 2301 1921 PP.
2317 1877 2400 1921 Mi-

1349 1950 1493 1978 norum
1526 1939 1826 1990 Capucinorum
1852 1942 1892 1980 S.
1911 1939 2114 1980 Francisci
2139 1965 2153 1986 ‚
2182 1940 2399 1987 referente

1353 1994 1497 2037 eodem
1516 1993 1770 2037 Eminentiss.
1799 1996 2059 2046 Gabriellio,
2093 1995 2398 2037 Eminentiffimi

1354 2056 1496 2096 Patres
1512 2054 1753 2096 censuerunt
1766 2083 1779 2105 ,
1794 2054 2083 2110 persistendum
2098 2051 2175 2096 esse
2191 2053 2230 2094 in
2250 2052 2392 2094 decisss

1350 2113 1420 2156 sub
1437 2113 1619 2167 praedit‘ta
1634 2113 1701 2155 die
1714 2117 2071 2156 xv1.Nov.Mnoct
2087 2114 2292 2156 11.Romae
2313 2112 2392 2152 &c.

1409 2173 1488 2214 Die
1504 2172 1603 2214 vero
1620 2186 1690 2217 vl.
1708 2173 1845 2215 Martii
1867 2171 2050 2230 ejusdem
2068 2173 2171 2215 Anni
2188 2184 2336 2214 mucor
2349 2185 2392 2213 v.

1350 2231 1472 2273 tertia
1513 2231 1601 2272 vice
1637 2231 1835 2286 propolita
1888 2230 2017 2275 Causa
2066 2245 2138 2287 per
2181 2231 2392 2272 eundem

1348 2288 1608 2333 Eminentiss.
1637 2290 1906 2333 Gabriellium
1933 2321 1948 2341 ,
1985 2290 2035 2333 ad
2063 2303 2205 2344 preces
2239 2290 2394 2330 Procu-

1347 2349 1497 2391 ratoris
1541 2351 1759 2391 Generalis
1793 2346 2058 2393 Commiffarii
2092 2350 2224 2390 Curiae
2258 2347 2392 2389 Mino-

1347 2421 1438 2449 rum
1469 2407 1522 2448 de
1548 2407 1842 2460 Observantia‚
1868 2411 1908 2449 &
1936 2409 2219 2450 Procuratoris
2249 2409 2394 2448 Gene-

1349 2465 1446 2506 ralis
1473 2467 1692 2509 Stric‘tioris
1706 2467 1983 2511 Observantiae
1999 2471 2040 2510 S.
2058 2466 2285 2517 Francisci,
2315 2466 2396 2506 Ea-

1348 2524 1445 2565 dem
1461 2527 1581 2566 Sacra
1602 2527 1882 2581 Congregatio
1894 2524 2050 2567 censuit
2064 2554 2079 2574 ‚
2110 2539 2154 2566 ac
2171 2523 2357 2567 decrevit
2376 2551 2394 2572 ,

1350 2581 1649 2624 extr-adendum
1697 2584 1959 2639 supradit‘tum
2007 2586 2231 2624 Decretum
2247 2610 2258 2621 .
2303 2583 2394 2623 Ro-

1349 2655 1418 2684 mae
1434 2645 1510 2684 &c-
1531 2644 1582 2683 G.
1597 2642 1829 2686 Cardinalis
1847 2642 2075 2699 Carpineus
2090 2670 2102 2683 .

1462 2703 1593 2743 Locus
1625 2702 1682 2755 ›ff‹
1713 2701 1876 2756 sigilli.

1404 2761 1511 2801 Cum
1527 2769 1661 2802 autem
1673 2790 1689 2810 ,
1704 2760 1802 2802 ficut
1814 2774 1889 2813 pro
1904 2769 2021 2814 parte
2035 2758 2173 2802 dilecti
2189 2756 2278 2798 Filii
2301 2769 2388 2798 mo-

1343 2817 1459 2859 derni
1485 2818 1760 2859 Procuratoris
1784 2817 1998 2859 Generalis
2012 2815 2105 2857 dieti
2120 2814 2286 2858 Ordinis
2305 2818 2391 2857 Not

1344 2877 1402 2919 bis
1434 2874 1601 2917 subinde
1628 2874 1850 2931 expositum
1876 2873 1982 2925 fuit,
2010 2874 2092 2929 ipse
2119 2877 2300 2916 Decreta
2314 2874 2391 2915 hu-

1342 2934 1543 2992 jusmodi,
1575 2936 1654 2989 quo
1683 2933 1835 2976 firmius
1863 2932 2064 2976 subsistant
2087 2963 2101 2984 ‚
2147 2931 2418 2988 Apostolicae‘

1343 2991 1658 3037 confirmationis
1705 2992 1840 3035 nostrae
1870 2993 2108 3035 Patrocinio
2138 2990 2383 3035 communiri

1345 3051 1563 3110 plurimum
1588 3051 1820 3094 desideret.
1869 3055 1956 3094 Nos
1995 3049 2118 3104 ipsum
2149 3049 2391 3091 modernum

1346 3116 1661 3156 Procuratorem
1685 3109 1932 3153 Generalem
1958 3107 2193 3163 specialibus
2235 3105 2391 3148 favori-

1340 3173 1418 3214 bus
1435 3199 1449 3221 ,
1474 3173 1512 3212 &
1527 3170 1667 3224 gratiis
1683 3167 1866 3224 prosequi
1892 3166 2075 3209 volentes
2091 3195 2106 3216 ,
2135 3167 2174 3206 &
2188 3167 2207 3205 ἅ
2225 3165 2388 3218 quibus-

1344 3231 1402 3274 vis
1417 3227 1873 3276 excommunicationis,
1905 3223 2053 3282 suspen.
2070 3253 2083 3276 2
2109 3226 2148 3266 &
2181 3223 2388 3265 interdit‘ti

1344 3286 1509 3343 aliisque
1536 3286 1823 3330 Ecclefiasticis
1851 3283 2083 3335 sententiis,
2110 3282 2286 3326 censuris
2305 3310 2319 3332 ‚
2348 3283 2387 3323 &

1343 3347 1474 3405 poenis
1490 3345 1510 3387 ἒι
1527 3344 1615 3400 jure
1629 3376 1644 3397 ,
1671 3345 1738 3389 vel
1755 3347 1802 3389 ab
1822 3345 1980 3388 homine
1994 3344 2132 3399 quavis
2148 3339 2359 3384 occalione
2371 3369 2386 3392 ,

1342 3406 1414 3451 vel
1440 3403 1555 3447 causa
1581 3405 1672 3448 latis
1688 3434 1702 3456 ‚
1730 3407 1756 3447 fi
1775 3405 1914 3460 quibus
1930 3400 2242 3458 quomodolibet
2270 3401 2386 3442 inno-

1341 3465 1460 3507 datus
1477 3465 1608 3507 existit
1623 3493 1637 3516 ‚
1652 3464 1702 3506 ad
1721 3464 1902 3507 effectum
1920 3460 2167 3518 praesentium
2189 3458 2387 3515 duntaxat

1343 3523 1673 3579 consequendum
1699 3549 1714 3572 2
1756 3524 1896 3565 harum
1934 3518 2038 3561 serie
2083 3516 2338 3563 absolventes
2369 3544 2385 3567 2

1343 3585 1382 3625 &
1424 3581 1649 3625 absolutum
1698 3580 1784 3623 fore
1826 3575 2036 3622 censentes
2068 3605 2081 3627 ‚
2120 3575 2383 3634 supplicatio-

1345 3642 1460 3683 nibus
1491 3640 1576 3695 ejus
1603 3639 1765 3681 nomine
1790 3637 1917 3680 Nobis
1932 3635 2138 3692 superhoc
2169 3637 2380 3680 humiliter

1343 3701 1540 3757 porrestis
1595 3696 1780 3739 inclinati
1819 3724 1832 3747 ,
1880 3699 2061 3738 Decreta
2118 3695 2379 3752 praeinserta2

1343 3757 1583 3802 auctoritate
1611 3754 1840 3810 Apostolica
1867 3783 1880 3806 ‚
1919 3765 2064 3797 tenore
2093 3755 2338 3810 pra-sentium
2363 3777 2377 3799 ,

1341 3815 1601 3875 approbamus
1617 3841 1631 3866 2
1659 3815 1699 3855 δε
1724 3813 2031 3865 confirmatum,
2054 3813 2212 3914 illisqup
2230 3809 2375 3912 biti-vio-

2209 3887 2226 3914 a
2258 3885 2266 3910 l
2290 3883 2317 3909 18
