2658 4244
877 251 1036 343 Sub
1099 251 1522 343 Innocentio
1585 255 1677 339 X
1671 253 1716 338 I
1714 246 1804 338 II.

382 372 990 427 IN'NO'CENTIUS
1063 372 1214 419 Xlll.

281 469 475 513 Romanus
489 494 502 517 ‚
525 464 696 508 michael
710 461 876 516 Angelus
898 461 937 500 S.
961 460 1008 499 R.
1028 459 1071 498 Ε.
1087 455 1310 497 Cardlnalit

337 526 381 567 de
397 524 605 568 comitibus
619 532 734 564 antea
750 520 871 563 dmm
886 547 896 558 .
916 519 1044 560 Romae
1066 528 1112 556 vr
1128 527 1140 553 ι
1156 528 1188 555 ι.
1208 517 1310 556 Maii

338 597 559 626 moccxxi.
586 586 762 622 Summus
787 573 963 634 Pontifix
989 582 1140 616 creatus
1160 601 1170 612 .
1199 572 1310 614 Obiit

338 656 387 685 vt
403 656 415 684 ι
431 656 464 684 1.
488 642 633 684 Martii
657 650 906 682 Moccxxtv.
925 633 1132 692 pqstquam
1146 631 1238 689 fidi
1271 641 1309 674 et

337 704 471 744 Annos
486 714 537 742 ιι.
551 697 698 755 Menses
711 712 749 739 x.

280 792 335 840 F.
374 785 703 837 Bernardinum
739 784 813 843 (*)
857 778 882 831 ἃ
918 785 966 834 S.
1005 782 1189 851 Angelo
1225 782 1311 830 in.»

314 856 449 908 Vado
475 891 491 914 ,
532 855 724 906 Ordinis
761 855 1003 904 Vicarium
1038 853 1313 902 Generalem

281 981 285 986 .
313 925 542 979 constituit
559 962 571 975 .

275 1017 313 1059 A
335 1026 451 1070 tergo
470 1043 481 1054 .
545 1010 700 1054 Dilefi‘o
717 1010 821 1053 Filio
850 1009 1094 1051 Bernardino
1117 1010 1146 1051 ά
1170 1013 1209 1051 S.
1228 1013 1313 1054 An-

329 1076 416 1130 gelo
446 1077 488 1113 in
523 1070 617 1114 Vada
640 1069 797 1111 Ordinis
829 1072 1023 1111 Fratrum
1055 1072 1257 1111 Minorum

392 1135 433 1173 S.
447 1128 649 1184 Franct’stt'
665 1130 948 1181 Capacinorum
966 1125 1171 1186 Prosefflri
1185 1156 1197 1169 .

344 1221 841 1275 INNOCENTIUS
882 1221 1051 1269 PAPA
1091 1222 1244 1269 XIII.

367 1319 527 1364 Dite-670
554 1320 639 1363 Fili
668 1320 872 1369 Salutem,
894 1320 946 1369 &⁸
979 1321 1232 1377 Apostolicam

627 1377 936 1419 Benedifflonem
947 1408 959 1420 .

421 1449 615 1504 Eligionis
631 1448 756 1491 Zelus
773 1477 785 1500 ,
813 1450 907 1490 Vita
923 1478 937 1500 ‚
966 1463 1009 1490 ac
1021 1463 1179 1490 morum
1195 1449 1322 1490 hone-

431 1509 523 1556 stas,
539 1507 696 1561 aliaque
713 1507 924 1548 laudabilia
938 1507 1167 1560 probitatis,
1182 1509 1217 1546 &
1234 1507 1322 1547 Vir.

285 1577 418 1607 tutum
443 1566 585 1605 merita
602 1591 616 1613 ,
640 1564 756 1614 super
767 1565 913 1618 quibus
929 1563 1034 1618 apud
1056 1567 1139 1606 Nos
1155 1563 1234 1604 fide
1254 1563 1319 1604 di-

283 1637 364 1679 gno
390 1621 683 1663 commendaris
701 1623 955 1672 testimonio,
990 1626 1074 1663 Nos
1089 1623 1286 1663 inducunt
1303 1649 1320 1671 ,

280 1692 326 1723 ut
358 1680 431 1721 tibi
465 1679 684 1721 reddamur
705 1680 754 1721 ad
776 1680 943 1734 gratiam
967 1680 1152 1722 liberales
1169 1707 1179 1717 .
1213 1682 1322 1720 Cum

284 1740 421 1793 itaque
435 1736 627 1778 Officium
644 1736 810 1778 Ministri
822 1736 1038 1778 Generalis
1051 1737 1212 1778 Ordinis
1227 1738 1321 1777 Fra-

284 1808 391 1838 trum
412 1798 618 1836 Mlnorum
648 1797 779 1837 Sancti
810 1794 1005 1836 Francisci
1021 1795 1320 1849 Capucinorum

285 1864 610 1907 nuncupatorum
625 1879 640 1901 ,
666 1852 783 1910 quod¹
801 1853 971 1894 dilectus
1003 1853 1125 1895 Filius
1146 1855 1322 1909 Joannes

285 1913 486 1957 Antonius
503 1912 521 1951 a
540 1910 746 1952 Florentia
761 1911 858 1967 (l**)
877 1914 1015 1953 Frater
1030 1911 1214 1964 expresse
1229 1925 1325 1966 pro-

285 1968 405 2012 fessus
440 1967 532 2008 dicti
560 1968 726 2009 Ordinis
740 1997 755 2018 ,
787 1969 854 2009 fibi
871 1970 968 2010 alias
998 1969 1045 2010 ad
1073 1970 1322 2023 septennium

284 2027 470 2070 delatum
487 2038 615 2079 nuper
628 2026 868 2078 obtinebat,
901 2041 972 2081 per
1004 2027 1172 2071 liberam
1187 2027 1323 2069 dimis-

285 2085 437 2128 sionem
451 2083 567 2139 aptius
584 2082 734 2136 officii,
748 2086 797 2127 ab
813 2085 957 2127 eodem
968 2088 1124 2142 Joanne
1141 2087 1322 2128 Antonio

287 2141 504 2199 Religiosae
519 2141 758 2185 humilitatis
775 2144 956 2187 studio‘in
973 2147 1152 2188 manibus
1168 2147 1323 2187 Nostris

286 2202 429 2258 sponte
446 2231 459 2253 ,
492 2203 528 2242 St
546 2201 673 2243 libere
691 2199 830 2246 faCtam
845 2233 858 2255 ,
883 2205 920 2245 &
935 2218 1007 2258 per
1023 2208 1108 2247 Nos
1124 2202 1324 2247 admissam

286 2261 524 2311 vacaverit,
551 2262 591 2301 &
622 2273 738 2303 vacet
768 2263 819 2304 de
837 2262 1045 2317 prasenti:
1077 2267 1162 2306 Nos
1179 2263 1323 2305 Ordini

284 2319 475 2377 praedic'to
490 2318 542 2359 de
555 2319 707 2362 idoneo
724 2321 888 2363 Vicario
906 2323 1104 2364 Generali
1131 2321 1323 2376 provide-

288 2392 334 2421 re
352 2406 368 2428 ‚
396 2380 566 2432 Teque,
594 2380 662 2432 qui
691 2377 758 2432 (ut
773 2381 1024 2433 accepimus)
1049 2380 1323 2433 eiusdemOr-

287 2435 392 2477 dinis
422 2438 665 2478 Procurator
680 2439 896 2480 Generalis
912 2439 1250 2494 existis‚specialis
1266 2437 1324 2479 sa-

287 2507 390 2535 vore
406 2495 538 2548 gratiae
565 2493 752 2551 prosequi
783 2498 970 2539 volentes
986 2527 999 2548 ‚
1030 2501 1103 2539 &a
1122 2496 1323 2551 quibusvis

290 2552 720 2593 excommunicationis
738 2581 752 2603 ‚
783 2554 1039 2607 suspenfionis
1056 2583 1069 2604 ‚
1100 2553 1325 2596 &interdi-

290 2609 342 2651 ἂὶ
357 2636 372 2658 ‚
387 2608 551 2664 aliisque
570 2609 857 2653 Ecclefiasticis
873 2612 1100 2663 sententiis,
1121 2613 1297 2655 censuris
1312 2643 1326 2663 ,

290 2669 331 2709 &
349 2668 476 2721 poenis
492 2669 511 2708 a
522 2669 621 2722 Jure
635 2695 648 2717 ‚
682 2668 746 2710 vel
766 2668 813 2710 ab
827 2671 988 2712 homine
1002 2674 1139 2726 quavis
1153 2671 1325 2714 occafio-

289 2738 372 2775 ne,
404 2725 468 2766 vel
498 2724 612 2767 causa
639 2726 756 2778 latis,
791 2729 818 2768 fi
842 2729 987 2783 quibus
1016 2731 1323 2786 quomodolibet

290 2782 510 2825 innodatus
541 2783 671 2825 existis
698 2813 712 2835 ‚
742 2786 790 2827 ad
829 2787 1013 2830 effectum
1046 2789 1327 2845 praesentium

289 2841 484 2883 duntaxat
513 2842 841 2895 consequendum
856 2874 871 2895 ,
903 2847 1042 2888 harum
1071 2847 1173 2891 serie
1198 2848 1329 2890 absol-

290 2909 436 2941 ventes
455 2926 469 2949 ,
499 2900 538 2938 δε
565 2898 784 2943 absolutum
815 2899 902 2944 fore
929 2905 1139 2950 censentes
1156 2939 1170 2959 ‚
1203 2923 1247 2949 ac
1276 2906 1328 2948 de

292 2966 362 2998 tua
379 2954 459 2998 fide
473 2985 486 3007 ‚
515 2957 727 3011 prudentia
740 2988 756 3010 ,
775 2960 1009 3013 integritate
1026 2993 1039 3014 ,
1054 2964 1300 3009 dexteritate
1317 2996 1330 3017 ‚

291 3017 330 3056 &
348 3015 572 3068 Religionis
588 3015 696 3059 Zelo
713 3018 977 3071 plurimumin
988 3024 1163 3066 Domino
1178 3023 1331 3075 confisi,

290 3082 406 3115 motu
422 3074 586 3126 proprio
600 3102 613 3124 ,
645 3087 690 3115 ac
708 3089 756 3117 ex
773 3087 886 3119 certa
903 3077 1065 3122 scientia
1087 3112 1100 3132 ‚
1121 3085 1161 3124 &
1177 3095 1329 3125 matura

291 3130 594 3174 deliberatione
607 3133 750 3174 nostris
765 3163 778 3184 ‚
804 3135 939 3189 deque
952 3139 1191 3193 Apostolicae
1201 3142 1330 3192 poste-

293 3189 400 3232 statis
416 3189 666 3243 plenitudine
681 3219 694 3241 ‚
727 3195 789 3235 Te
815 3193 993 3245 ejusdem
1011 3199 1177 3241 Ordinis
1206 3203 1330 3244 Vica-

294 3249 402 3290 rium
433 3249 682 3290 Generalem
705 3278 719 3300 .,
750 3250 874 3305 usque
905 3256 952 3296 ad
985 3259 1328 3313 complementum

292 3306 388 3348 disti
408 3304 635 3362 septennii,
659 3308 708 3350 ad
739 3311 847 3366 quod
865 3311 972 3354 idern
995 3317 1169 3368 Joannes
1197 3321 1333 3361 Anto-

293 3367 382 3408 nius
412 3365 450 3406 in
467 3365 734 3409 Generalatfis
760 3369 905 3411 Officio
933 3372 1155 3426 hujusmodi
1184 3377 1332 3420 durare

295 3421 492 3465 debuisset
507 3454 523 3475 ‚
554 3439 644 3466 cum
658 3429 845 3470 omnibus
862 3457 874 3479 ‚
900 3432 939 3471 &
955 3431 1112 3487 singulis
1129 3433 1333 3477 facultati-
1388 3446 1391 3449 ’

293 3481 370 3523 bus
389 3508 404 3531 ,
426 3482 466 3521 δι
494 3486 766 3539 praerogativis
783 3514 796 3536 ‚
823 3501 908 3541 quae
939 3491 1120 3534 Ministro
1138 3494 1333 3538 Generali

298 3539 466 3583 Ordinis
479 3542 666 3597 praedicti,
680 3558 755 3601 pro
769 3555 954 3603 tempore
968 3551 1152 3594 existenti
1167 3567 1334 3610 compe-

1031 3658 1098 3722 N
1231 3663 1296 3726 O

1371 382 1490 422 tunt,
1505 384 1549 413 ac
1563 370 1877 424 praeeminentiis
1894 398 1906 421 ‚
1922 373 2167 418 authoritate
2183 407 2198 427 ‚
2229 377 2401 432 privile-

1370 432 1442 486 giis
1456 460 1471 481 ,
1485 429 1623 485 gratiis
1638 458 1651 480 ‚
1666 428 1888 470 &indultis
1907 458 1921 478 ,
1945 434 2161 477 honoribus
2177 464 2190 486 ,
2214 440 2250 477 ἃ
2268 436 2404 478 oneri-

1370 492 1442 532 bus
1460 488 1587 531 solitis
1605 516 1618 538 ,
1644 490 1682 529 &
1707 486 1902 529 consuetis
1918 516 1931 538 ‚
1958 501 2099 532 tenore
2117 491 2405 548 praesentium.)

1370 547 1671 598 constituimus,
1699 548 1736 587 &
1761 546 2026 601 deputamus.
2052 554 2282 596 Mandantes
2307 568 2403 608 pro-

1370 619 1513 663 pterea
1543 607 1582 648 in
1611 607 1762 648 virtute
1790 609 1938 647 Sancta:
1961 604 2214 651 Obedientiae
2227 641 2240 662 ‚
2266 614 2305 652 ὃ(
2334 611 2404 652 sub

1370 666 1653 722 indignationis
1677 664 1829 707 Nostrae
1854 694 1869 716 ‚
1895 665 2062 722 aliisque
2089 669 2244 710 arbitrii
2267 669 2405 711 Nostri

1368 727 1501 783 poenis
1513 725 1693 766 omnibus
1713 753 1726 774 ,
1752 724 1790 765 &
1816 722 1976 779 lingulis
2006 728 2215 768 memorati
2238 729 2407 770 Ordinis

1370 784 1654 842 Superioribus
1668 809 1682 832 2
1698 783 1907 825 Fratribus
1920 812 1934 834 ‚
1948 785 1988 824 δι
2003 785 2184 827 Personis
2199 818 2214 837 ,
2230 785 2405 827 caeteris-
2427 792 2432 798 '

1373 860 1480 901 que,
1505 843 1553 885 ad
1577 857 1678 899 quos
1704 840 1881 897 spet‘tat,
1904 844 1944 883 δι
1970 857 2042 898 pro
2059 855 2243 899 tempore
2260 843 2411 898 spefflt-

1372 906 1430 947 bit
1447 932 1461 954 ‚
1481 914 1523 945 ut
1543 905 1603 945 Te
1617 901 1668 944 ad
1684 901 1972 944 demandatum
1991 903 2082 944 Tibi
2111 918 2182 956 per
2195 901 2409 957 praesentes

1372 962 1524 1008 Vicarii
1550 959 1768 1004 Generalis
1797 960 1986 1003 Officium
1999 990 2014 1012 ,
2043 960 2204 1019 ejusque
2235 960 2409 1001 liberum

1373 1021 1612 1073 exercitium
1630 1049 1643 1070 a
1670 1020 1780 1076 juxta
1807 1030 1996 1062 tenorem
2026 1020 2276 1076 praesentium
2304 1019 2411 1060 reci-

1372 1083 1485 1139 piant
1501 1108 1516 1131 ,
1542 1082 1581 1121 &
1595 1080 1813 1122 admittant
1829 1107 1841 1130 ‚
1870 1081 2013 1134 Teque
2028 1077 2317 1132 recognoscant
2331 1106 2344 1128 ‚
2374 1079 2412 1118 δε

1379 1141 1470 1183 Tibi
1488 1140 1527 1180 in
1544 1138 1727 1180 omnibus
1744 1166 1757 1188 ‚
1783 1150 1868 1193 quae
1883 1137 1929 1180 ad
1948 1138 2054 1180 idern
2071 1138 2256 1180 Officium
2286 1137 2415 1190 perti-

1374 1209 1474 1243 nent
1485 1226 1499 1250 ,
1513 1197 1732 1252 respestive
1748 1207 1917 1251 pareant
1930 1226 1945 1247 ‚
1961 1197 2155 1247 faveant,
2169 1198 2206 1238 &
2221 1193 2412 1244 affimant,

1375 1272 1421 1301 ac
1451 1270 1517 1300 tua
1541 1255 1711 1298 salubria
1731 1256 1910 1306 monita,
1936 1257 1975 1297 &
2002 1255 2185 1298 mandata
2216 1254 2414 1296 humilter

1374 1315 1584 1370 suscipiant
1599 1342 1614 1365 ,
1637 1316 1677 1356 &
1690 1313 1907 1356 efficaciter
1923 1315 2148 1370 adimplere
2164 1322 2416 1369 procurent,

1380 1374 1574 1430 alioquim
1588 1372 1827 1415 sententiam
1844 1402 1856 1424 ‚
1887 1374 1965 1414 five
1984 1387 2143 1428 poenam
2160 1400 2174 1423 ‚
2195 1386 2311 1427 quam
2333 1370 2413 1411 rite

1383 1434 1526 1475 tuleris
1545 1460 1556 1481 ,
1584 1433 1624 1471 &
1637 1432 1819 1473 statueris
1835 1432 1872 1472 in
1891 1431 2093 1482 rebelles,
2111 1442 2235 1472 ratam
2253 1428 2418 1470 habebi-

1380 1505 1468 1531 mus
1484 1517 1497 1538 ,
1520 1490 1558 1528 δε
1573 1487 1764 1530 faciemus
1779 1517 1793 1538 ,
1813 1492 1990 1530 Auctore
2008 1490 2186 1531 Domino
2199 1517 2214 1537 ,
2232 1485 2353 1541 usque
2368 1484 2419 1528 ad

1381 1546 1687 1591 satisfactionem
1712 1545 1956 1602 condignam
1972 1547 2264 1588 inviolabiliter
2281 1543 2421 1586 obser—

1381 1607 1496 1647 vari.
1523 1606 1585 1645 Ac
1601 1604 1870 1647 decernentes
1897 1603 2055 1647 easdem
2069 1604 2284 1661 praesentes
2306 1604 2421 1646 Lite-

1382 1677 1445 1705 ras
1462 1662 1597 1702 firmas
1612 1689 1626 1710 ‚
1642 1662 1794 1703 validas
1811 1690 1825 1713 ,
1838 1664 1878 1702 δε
1891 1662 2076 1704 efficaces
2091 1664 2262 1705 existere
2278 1689 2292 1711 2
2305 1664 2344 1702 &
2359 1659 2420 1701 fo-

1383 1735 1428 1763 re
1444 1749 1458 1770 2
1473 1719 1637 1773 suosque
1652 1720 1853 1776 plenarios
1872 1749 1885 1769 ,
1906 1722 1941 1760 &
1967 1721 2144 1775 integros
2158 1719 2320 1761 effefflis
2338 1718 2421 1759 sor-

1384 1780 1478 1829 tiri,
1500 1780 1537 1820 &
1553 1779 1744 1820 obtinere
1760 1807 1773 1828 ‚
1806 1792 1850 1821 ac
1869 1779 1962 1820 Tibi
1995 1780 2032 1820 in
2044 1781 2231 1821 omnibus
2246 1808 2261 1828 ‚
2292 1780 2332 1819 &
2348 1791 2422 1832 per

1382 1837 1518 1880 omnia
1533 1836 1751 1891 pleniffime
1768 1835 1992 1891 suffragari.
2020 1838 2166 1895 Sicque
2187 1838 2227 1877 in
2247 1834 2426 1891 praemis-

1382 1899 1428 1939 sis
1445 1910 1517 1951 per
1529 1894 1782 1951 quoscunque
1797 1896 1960 1950 Judices
1979 1896 2217 1939 Ordinarios
2234 1910 2256 1945 ‚'
2273 1897 2313 1936 δε
2342 1898 2425 1935 De-

1383 1956 1538 2010 legatos
1566 1982 1579 2004 ,
1619 1956 1742 1995 etiam
1773 1954 1994 2011 Causarum
2025 1956 2164 1997 Palatii
2199 1952 2425 2009 Apostolici

1387 2012 1605 2058 Auditores
1619 2012 1788 2066 judicari
1802 2040 1818 2061 ,
1840 2014 1879 2053 &
1893 2012 2051 2055 definiri
2067 2014 2220 2055 debere
2239 2039 2252 2061 a
2269 2025 2312 2053 ac
2330 2009 2425 2051 irri-

1383 2084 1468 2115 tum
1485 2098 1499 2120 ‚
1523 2071 1693 2113 &inane
1709 2099 1722 2120 ,
1743 2069 1766 2112 fi
1782 2067 1894 2113 secus
1910 2069 2028 2125 super
2045 2072 2104 2112 his
2135 2071 2155 2111 :i
2177 2083 2425 2130 quoquam-2

1382 2130 1521 2188 quavis
1555 2130 1802 2171 authoritate
1832 2128 2008 2171 scienter
2033 2158 2048 2180 ,
2090 2130 2153 2170 vel
2187 2132 2423 2184 ignoranter

1385 2188 1607 2243 contigerit
1625 2188 1848 2230 attentari.
1869 2191 1960 2230 Non
1978 2188 2229 2230 obstantibus
2254 2182 2427 2240 praemisl-

1387 2250 1433 2290 fis
1464 2275 1479 2296 ,
1510 2260 1553 2288 ac
1586 2246 1947 2289 Constitutionibus
1971 2275 1985 2297 ‚
2015 2248 2054 2288 &
2085 2244 2427 2287 Ordinationibus

1383 2304 1627 2363 Apostolicis
1643 2334 1656 2356 ‚
1672 2318 1746 2348 nec
1762 2319 1840 2347 non
1855 2305 1949 2348 dicti
1965 2304 2129 2346 Ordinis
2144 2331 2159 2354 s
2172 2306 2296 2346 etiam
2317 2301 2429 2358 jura-

1385 2374 1526 2407 mento
1540 2390 1554 2412 a
1583 2362 1891 2406 confirmatione
1909 2362 2143 2419 Apostolica
2162 2392 2176 2414 ‚
2203 2362 2265 2404 vel
2282 2361 2426 2417 quavis

1384 2422 1576 2465 firmitate
1592 2421 1669 2463 alia
1693 2423 1892 2463 roboratis
1910 2422 2063 2463 statutis
2079 2450 2094 2471 ,
2118 2423 2155 2462 &
2170 2419 2431 2462 consuetudi-

1386 2481 1501 2521 nibus
1516 2504 1529 2525 ,
1560 2478 1782 2533 privilegiis
1797 2493 1956 2534 quoque
1987 2478 2150 2520 indultis
2166 2507 2181 2529 ‚
2211 2480 2248 2519 ἃ
2281 2477 2429 2519 Literis

1387 2534 1682 2591 Apostolicis3in
1699 2537 1946 2579 contrarium
1963 2535 2239 2592 praemifforum
2258 2550 2430 2590 quomo-

1387 2595 1544 2636 dolibet
1571 2593 1791 2647 conceffis,
1820 2594 2066 2636 confirmatis
2083 2626 2098 2646 ,
2129 2598 2164 2636 8<
2195 2597 2425 2636 innovatis.

1389 2653 1549 2712 Qibus
1566 2654 1752 2695 omnibus
1768 2682 1781 2704 ‚
1804 2654 1844 2694 &
1867 2653 2028 2707 lingulis
2043 2682 2057 2703 ,
2080 2654 2241 2695 illorum
2258 2662 2426 2694 tenores

1388 2712 1640 2765 praesentibus
1658 2727 1729 2767 pro
1742 2711 1864 2768 plene
1877 2740 1890 2761 ‚
1902 2714 1942 2752 &
1958 2711 2204 2754 sufficienter
2220 2711 2426 2765 expreffis‚

1387 2786 1432 2815 ac
1449 2770 1501 2811 de
1519 2771 1644 2813 verbo
1659 2769 1707 2812 ad
1727 2771 1894 2812 verbum
1910 2770 2063 2812 insertis
2085 2770 2281 2812 habentes
2302 2798 2316 2820 ,
2345 2770 2426 2811 illis

1388 2829 1484 2872 alias
1512 2830 1551 2871 in
1570 2828 1639 2872 suo
1657 2830 1804 2872 robore
1821 2826 2090 2882 permansuris
2108 2856 2122 2879 ,
2144 2828 2191 2872 ad
2209 2828 2422 2883 praemisso-

1391 2903 1479 2931 rum
1495 2888 1680 2932 effestum
1697 2891 1771 2931 hac
1789 2888 1878 2930 vice
1894 2887 2087 2930 duntaxat
2103 2887 2334 2944 specialiter
2350 2916 2363 2938 ,
2387 2889 2428 2928 &

1390 2947 1575 3002 expressi:
1591 2947 1847 3003 derogamus,
1859 2945 2087 3003 ceterisque
2102 2946 2320 2989 contrariis
2339 2947 2428 2999 qui-

1392 3005 1622 3062 buscunque
1637 3035 1648 3046 .

1451 3067 1602 3107 Datum
1622 3066 1758 3106 Romae
1779 3062 1882 3117 apud
1904 3065 2084 3107 sannam
2103 3066 2272 3107 Mariam
2295 3062 2422 3118 Majo-

1392 3136 1476 3165 rem
1505 3121 1574 3166 sub
1591 3123 1750 3166 Annulo
1772 3121 1985 3164 Piscatoris
2012 3123 2080 3178 die
2100 3138 2142 3165 xl
2161 3136 2222 3165 11.
2240 3127 2426 3175 Septem-

1390 3182 1470 3224 bris
1484 3179 1972 3226 muccxx1.1>omificatus
1987 3181 2121 3224 Nostri
2141 3184 2257 3223 Anno
2271 3179 2425 3222 Primo.

1734 3301 1781 3342 F.
1817 3300 1940 3343 Card.
1956 3276 1959 3285 Ι
1973 3297 2169 3339 oliverius
2181 3323 2193 3335 .

1451 3435 1696 3490 Autograph.
1713 3436 1755 3474 in
1772 3431 1893 3474 Arch.
1912 3433 2053 3472 secret.
2067 3435 2182 3471 Brev.
2200 3431 2330 3485 qust.
2351 3435 2426 3473 Re.

1499 3493 1705 3548 gss.5ept.
1717 3504 1759 3539 17
1769 3506 1789 3533 2
1803 3487 1945 3546 usal-2
1955 3490 2039 3539 7.de
2054 3503 2127 3544 quo
2141 3489 2425 3548 Brevi-format.

1503 3556 1546 3594 in
1570 3551 1688 3593 Arch.
1703 3549 1879 3605 general.
1897 3551 1991 3590 Ord.
2014 3551 2115 3591 Tom.
2129 3552 2232 3592 A.A.
2247 3563 2425 3600 num.17.

1427 3661 1729 3725 TA.

403 3748 653 3807 Bs⁰¹¹¹f⁰.⁰m¹¹³
664 3775 677 3794 ‚
697 3747 735 3784 in
749 3751 806 3788 sua
820 3750 939 3789 Picena
957 3753 1137 3790 Provincia
1150 3779 1162 3795 ,
1177 3755 1411 3800 Superioratsss
1422 3758 1529 3803 gradu
1546 3782 1558 3801 ‚
1583 3759 1680 3794 Pater
1695 3756 1918 3794 Bernardinus
1931 3758 1983 3804 (*)
1996 3769 2118 3807 gyrum
2134 3758 2259 3795 Mundi
2275 3758 2428 3805 Europaei

395 3809 570 3855 vcircuivit
583 3810 593 3835 t
607 3811 668 3836 ceu
682 3799 869 3855 Gonsultor
884 3801 972 3836 enim
990 3802 1071 3837 Rsni
1087 3804 1124 3839 P.
1143 3803 1319 3840 Michaelis
1336 3807 1458 3851 Angeli
1472 3810 1490 3842 a
1510 3808 1657 3851 Ragufia
1674 3806 1819 3842 Ministri
1833 3807 2015 3842 Generalis
2029 3831 2040 3850 ‚
2052 3808 2084 3843 8<
2102 3820 2165 3844 ceu
2180 3807 2340 3843 Vicarius
2354 3809 2428 3843 Ge-

299 3846 426 3884 neralis
441 3847 636 3894 peragravit
649 3847 829 3897 Hispanias
843 3871 856 3893 ,
869 3849 1020 3887 Galliam
1033 3874 1048 3897 ,
1059 3851 1292 3899 Germaniam,
1307 3854 1342 3890 &
1357 3855 1505 3901 ltaliam,
1517 3855 1554 3893 in
1569 3868 1635 3904 qua
1649 3856 1708 3892 sub
1721 3854 1846 3892 ultimo
1862 3855 2051 3892 charactere
2065 3855 2263 3892 Provincias
2275 3855 2430 3891 >visitavit

2253 3916 2374 3941 omncs
2386 3928 2399 3947 ,
