2658 4244
276 337 525 385 confessoris
541 366 553 390 ,
571 334 881 394 Bonaventurae,
894 338 935 384 ὃς
947 343 1185 386 Bernardini
1197 371 1210 394 ,
1225 356 1318 385 nec-

273 400 469 448 nondivae
484 398 643 449 Clarae,
669 398 922 457 aliorumque
947 402 1124 460 ejusdem
1146 401 1317 446 Ordinis

274 458 509 516 sequacium
521 457 815 502 sanctitatem&
829 461 1118 505 miraculorum
1135 462 1317 504 multitu-

275 521 418 563 dinem
431 544 445 567 ,
472 516 591 570 quam
613 517 736 562 etiam
751 519 805 561 ob
821 519 1041 563 multorum
1070 521 1181 575 ipsius
1197 519 1316 562 Reli-

274 577 402 635 gionis
434 579 693 619 Sunrmorum
710 577 948 622 Pontificum
976 576 1317 622 Praedecessorum

274 635 503 681 nostrorum
517 635 696 688 merita,
722 636 860 693 ingens
886 638 1035 694 ubique
1062 637 1319 680 Christifide-

271 696 377 748 iium
405 692 624 736 multitudo
648 696 890 750 singularem
912 711 1010 753 erga
1036 709 1319 752 quemcunque

272 754 479 803 >diuorum
490 755 725 798 Sanctorum
742 765 858 809 gerat
871 754 1102 798 devotionis
1118 754 1319 804 effestum3

272 816 362 858 Nos
378 839 392 863 ‚
423 823 468 854 ut
490 812 665 867 ipsorum
683 811 867 856 fidelium
894 814 1063 858 devotio
1094 810 1320 869 hujusinodi

273 886 356 916 non
371 870 495 912 modo
513 870 777 913 conservetur
791 901 805 923 ,
833 871 901 914 sed
930 873 970 914 in
998 872 1083 916 dies
1097 872 1222 927 magis
1247 884 1321 910 au·

275 930 746 986 geatur,animarumque
765 931 879 973 saluti
895 930 1060 973 uberius
1075 929 1324 977 consulatur,

273 989 467 1049 precibus
484 989 605 1029 etiam
623 987 760 1029 discesti
777 986 847 1031 filii
863 987 1096 1032 Clementis
1117 985 1323 1029 Bontado-

273 1049 317 1101 sii
344 1048 511 1089 Ordinis
532 1047 724 1087 Fratrum
742 1047 946 1087 Minorum
973 1044 1321 1088 Conventualium

273 1105 455 1160 Magistri
484 1103 684 1159 generalis
710 1101 829 1158 super
858 1105 935 1145 hoc
968 1102 1080 1144 nobis
1109 1100 1319 1145 humiliter

271 1162 472 1221 pori-estis
501 1161 714 1211 inclinati,
744 1172 825 1203 tam
849 1160 1033 1203 omnibus
1053 1189 1066 1211 ,
1090 1161 1131 1201 &
1160 1158 1320 1216 singulis

272 1219 547 1265 diffiOrdinis
565 1218 771 1260 Minorum
786 1219 1159 1271 Conventualium,
1183 1221 1320 1274 Capu·

273 1281 485 1330 jcinorum,
512 1280 552 1320 δε
581 1275 633 1318 de
657 1277 927 1321 Observantia
961 1288 1318 1334 nuncupatorum„

274 1339 484 1382 Fratribus
501 1366 514 1387 ,
530 1339 570 1378 &
586 1336 856 1388 MonialibUS,
868 1336 988 1394 quam
1006 1337 1160 1379 caeteris
1176 1334 1319 1386 utrius]

275 1410 355 1454 qne
373 1395 483 1439 sexus
499 1392 868 1447 Christifidelibus,
894 1396 962 1452 qui
992 1395 1088 1439 vere
1117 1396 1320 1451 poeniten-

276 1467 339 1499 tes
356 1484 371 1506 ,
410 1457 450 1496 &
469 1451 630 1497 confeffi
658 1481 673 1504 ,
697 1468 743 1495 ac
772 1455 998 1498 sanffiffima
1023 1454 1321 1497 Communione

277 1515 421 1560 refecti
440 1544 454 1566 ,
485 1513 627 1555 diebus
668 1513 790 1555 Pestis
819 1518 1054 1558 Sanstorum
1094 1511 1322 1560 Francisci,

278 1571 510 1627 'Antonijde
528 1571 663 1614 Padua
676 1599 690 1620 ,
718 1573 1005 1614 Bonaventurae
1018 1600 1032 1622 ,
1056 1570 1252 1614 Ludovici
1272 1572 1325 1610 E-

274 1631 426 1688 'piscopi
442 1633 481 1671 &
493 1626 758 1680 confessoris,
772 1644 817 1672 ac
833 1629 1068 1671 Bernardini
1085 1656 1100 1678 ,
1113 1628 1324 1682 praedisto-

221 1703 227 1707 ·
275 1704 370 1733 rum
396 1687 620 1730 eorundem
633 1688 817 1730 Fratrum
841 1689 1324 1729 MinorumConventua-

275 1749 378 1792 lium
394 1774 409 1797 ,
438 1746 743 1800 capucinorum
770 1747 810 1787 &
834 1744 887 1788 de
902 1744 1182 1796 observantia3
1215 1748 1327 1787 Nec-

276 1820 357 1851 non
377 1805 446 1847 die
462 1804 703 1847 Festivitatis
723 1807 872 1848 Sanctae
885 1804 1016 1847 Clarae
1029 1803 1255 1846 Monalium
1268 1802 1329 1844 di-

280 1861 335 1914 {cti
349 1863 513 1907 Ordinis
532 1862 869 1906 Monasteriorum
895 1862 1069 1906 ubilibet
1094 1862 1328 1905 constituto-

277 1938 371 1968 rum
388 1922 588 1965 Ecclefias
600 1950 615 1972 ,
641 1932 723 1965 tam
742 1926 925 1974 erestas,
950 1922 1072 1977 quam
1087 1920 1300 1976 erigendas
1316 1947 1330 1970 ,

277 1981 348 2027 vel
365 1996 507 2025 earum
523 1981 696 2035 aliquam
711 2010 725 2033 ,
752 1982 774 2022 a
792 1982 929 2036 primis
946 1979 1122 2038 vesperis
1140 1978 1260 2036 usque
1276 1979 1326 2021 ad

279 2039 468 2087 occasum
483 2039 586 2082 Solis
603 2039 827 2083 eorundem
841 2041 1024 2092 dierum,
1042 2038 1204 2094 fingulis
1219 2038 1328 2081 annis

278 2099 433 2143 devote
467 2098 715 2141 visitaverint
744 2101 784 2140 &
812 2099 864 2140 ibi
903 2113 978 2154 pro
1005 2098 1327 2142 Christianorum

276 2158 518 2212 Principum
535 2157 751 2200 concordia
768 2187 782 2209 ,
809 2157 1003 2200 haeresum
1019 2157 1300 2214 extirpatione
1314 2186 1328 2209 ,

279 2221 321 2263 δι
353 2219 500 2261 Sancta:
532 2218 673 2259 Matris
700 2215 885 2261 Ecclefiae
904 2217 1154 2260 exaltatione
1176 2217 1259 2271 pias
1277 2215 1327 2258 ad

280 2281 414 2322 Deum
440 2289 582 2330 preces
599 2274 845 2328 effuderint,
871 2290 952 2330 quo
979 2276 1045 2319 die
1073 2275 1329 2332 praefatorum

280 2335 325 2380 id
361 2337 553 2390 egerint,
584 2333 807 2377 plenariam
845 2335 1022 2375 omnium
1066 2346 1331 2391 peccatorum

281 2393 447 2449 suorum
472 2392 805 2447 indulgentiam,
828 2395 868 2436 δι
892 2393 1158 2436 remissionem
1175 2393 1331 2437 miseri-

283 2453 472 2496 corditer
486 2450 524 2492 in
541 2451 715 2493 Domino
727 2451 986 2493 concedimus
999 2479 1014 2501 ,
1029 2453 1069 2492 &
1080 2453 1305 2507 elargimur
1318 2481 1330 2490 .

283 2510 548 2559 Praesentibus
567 2510 775 2566 perpetuis
790 2506 938 2552 futuris
966 2511 1216 2566 temporibus
1234 2510 1333 2553 vali-

282 2572 390 2614 turis
404 2600 416 2610 .
450 2573 542 2611 Non
583 2569 830 2612 obstantibus
873 2569 1238 2613 Constitutionibus
1253 2597 1269 2620 ,
1296 2569 1334 2609 &

287 2627 610 2673 ordinationibus
625 2626 863 2681 Apostolicis
880 2657 894 2680 ,
922 2629 1153 2685 caeterisque
1169 2639 1334 2672 contra-

288 2690 371 2732 riis·
385 2685 687 2742 quibuscunque
701 2717 713 2725 .
736 2690 793 2729 Ut
809 2697 945 2728 autem
964 2685 1176 2742 praesentes
1204 2688 1331 2730 literae

287 2748 339 2792 ad
358 2746 530 2801 ipsorum
559 2743 896 2788 Christifidelium
931 2746 1118 2789 notitiam
1144 2746 1329 2796 facilius,

289 2802 489 2860 citiusque
513 2803 783 2859 perveniant,
815 2804 999 2846 volumus
1015 2834 1029 2857 ,
1058 2805 1167 2862 quod
1193 2819 1330 2848 earum

290 2862 489 2918 exemplis
505 2891 518 2911 ‚
544 2862 664 2905 etiam
680 2863 868 2917 impressis
881 2890 898 2916 ,
924 2877 1042 2907 manu
1056 2864 1227 2921 alicujus
1244 2869 1333 2908 No-

290 2922 387 2979 *Eril
420 2919 671 2979 subscriptis,
697 2923 737 2962 &
763 2919 891 2980 sigillo
907 2922 1111 2978 personae,
1136 2926 1175 2966 in
1208 2924 1341 2980 digni-

290 2993 381 3025 tate
414 2979 684 3022 Ecclesiastica
713 2981 936 3023 constitutae
966 2983 1167 3034 munitis,
1196 2985 1339 3026 eadem

292 3040 456 3100 prorsus
468 3037 566 3087 fides
581 3039 847 3092 adhibeatur,
868 3054 951 3097 quae
965 3041 1234 3089 adhiberetur
1249 3040 1339 3098 ipsis
1354 3032 1359 3038 ’

292 3097 550 3168 praesentibus
563 3128 576 3150 ,
590 3099 616 3138 fi
632 3095 754 3139 essent
771 3100 974 3150 exhibitae,
990 3101 1055 3143 vel
1070 3102 1242 3144 ostensae.
1259 3105 1340 3144 Da-

295 3170 385 3202 tum
402 3159 538 3199 Roma:
552 3156 657 3211 apud
673 3161 858 3200 Sanftum
877 3161 1059 3202 Marcum
1090 3161 1161 3203 sub
1177 3160 1340 3203 Annulo

293 3217 511 3264 Piscatoris
523 3244 537 3268 ,
553 3215 620 3258 die
639 3230 815 3260 xxvur.
830 3219 1037 3268 Septemb.
1053 3234 1338 3264 xvim-LXXXV·

296 3274 562 3323 Pontificatus
577 3275 714 3322 Nostri
730 3279 846 3319 Anno
860 3276 999 3320 Primo
1016 3306 1027 3319 .

718 3396 843 3450 ‘Joan-
863 3400 983 3454 Bapt.
1003 3395 1195 3439 Canobius
1209 3426 1221 3438 .

305 3599 334 3617 -2
370 3572 577 3627 Exemplar
592 3573 841 3633 imprfftm,
871 3559 926 3625 ὧι
951 3574 1231 3618 Authenticum
1245 3578 1339 3623 im

426 3631 546 3673 Arcb.
565 3635 749 3675 Generali
766 3633 860 3676 Ord.
879 3637 1066 3678 Armorio
1081 3635 1281 3678 Authent.
1297 3639 1339 3678 in

414 3686 557 3746 fascic.
568 3691 852 3750 impressorum
864 3723 877 3736 .

940 227 947 235 '⁴
1036 218 1201 315 Sub
1263 218 1476 316 Sixto
1529 220 1644 311 V.

1379 349 1428 397 P.
1447 342 1672 413 Magistro
1691 336 1906 391 Generali
1925 336 2115 391 Ordinis
2127 338 2411 394 conventua-

1413 415 1529 463 lium
1547 449 1563 471 ,
1597 410 2034 463 Confraternitatem
2066 412 2230 462 Cordae
2258 418 2306 463 S.
2331 418 2414 464 Pa-

1412 485 1493 534 tris
1513 487 1756 534 FRANc1sc1
1774 485 1818 531 in
1840 481 2048 532 Ecclefiis
2068 481 2226 532 nostris
2247 485 2418 552 erigen-

1412 554 1460 603 di
1477 589 1493 612 ,
1529 572 1581 604 ac
1608 550 2117 616 Archiconfraternitati
2139 550 2292 603 Affifii
2312 571 2427 604 cum*

1383 676 1385 679 f
1411 625 1625 674 omnibus
1643 624 1936 693 indulgentiis
1953 623 2261 695 aggregandi,
2283 620 2420 673 facul*

1413 708 1553 744 tatem
1574 697 1834 765 impertitur
1849 729 1862 743 .

1439 825 1858 878 SIXTUS
1944 827 2223 874 PAPA
2297 826 2365 873 V.

1528 934 1750 990 Episcopus
1768 937 1914 977 Servus
1930 937 2151 978 Servorum
2170 933 2248 976 Dei
2262 961 2277 974 .

1587 1050 1656 1092 Ad
1664 1047 1856 1107 futuram
1879 1052 1939 1091 rei
1963 1052 2188 1092 memoriam
2206 1078 2218 1090 .

1496 1170 1533 1209 X
1567 1165 1739 1222 supernae
1769 1165 2031 1220 dispositionis
2062 1166 2231 1208 arbitrio
2251 1194 2266 1218 ,
2303 1167 2427 1223 gregi·

1383 1169 1478 1282 E
1513 1225 1727 1268 Dominico
1744 1222 2002 1267 Praesidentes
2026 1251 2050 1273 ,.
2064 1225 2170 1265 inter
2187 1237 2299 1266 curas
2320 1225 2426 1266 mul-

1381 1286 1539 1339 tiplices
1562 1313 1576 1335 ,
1610 1296 1693 1338 quae
1722 1297 1770 1324 ex
1802 1282 2015 1324 Pastoralis
2044 1280 2177 1324 Officii
2205 1280 2433 1324 ministerio·

1383 1344 1512 1386 Nobis
1535 1340 1785 1391 incumbunt,
1804 1340 1912 1382 illam
1930 1340 2106 1382 libenter
2122 1340 2418 1396 amplefflmur,

1383 1417 1456 1457 per
1477 1415 1593 1456 quam
1607 1400 1784 1440 omnium
1802 1397 2134 1440 Christifidelium
2159 1428 2173 1449 ,
2206 1398 2424 1454 praesertim

1384 1460 1452 1502 sub
1479 1459 1583 1502 suavi
1611 1457 1835 1512 Religionis
1858 1456 1982 1513 jugo,
2009 1459 2051 1497 &c
2068 1457 2218 1500 vexillo
2234 1456 2425 1500 Altiffimi

1384 1517 1685 1566 famulantium,
1703 1517 1920 1559 animarum
1937 1515 2056 1566 salus,
2070 1530 2160 1558 cum
2181 1515 2319 1557 Divini
2334 1516 2427 1557 cul-

1384 1589 1446 1620 tus
1474 1578 1730 1618 incremento
1745 1574 1985 1630 proveniat,
2015 1573 2192 1630 ipsosque
2221 1572 2426 1617 Christifi-

1385 1634 1500 1676 deles
1512 1662 1525 1685 ,
1542 1644 1739 1675 uteorum
1756 1642 1848 1674 vota
1864 1631 1914 1673 ad
1933 1632 1971 1673 id
1989 1628 2148 1674 facilius
2163 1638 2431 1683 concurrant,

1385 1691 1654 1749 spiritualibus
1686 1690 1950 1739 muneribus,
1979 1689 2251 1744 Indulgentiis
2281 1690 2428 1732 videli-

1388 1760 1456 1793 cet
1474 1779 1487 1802 ,
1514 1751 1553 1789 &
1570 1756 1830 1804 peccatorum
1845 1746 2131 1789 remissionibus
2146 1775 2159 1798 ,
2190 1749 2228 1790 in
2245 1749 2428 1805 apricum

1388 1811 1445 1852 eis
1460 1805 1700 1852 adducendo
1724 1804 1844 1863 justos
1873 1805 1989 1848 variis
2016 1805 2128 1859 signis
2146 1834 2159 1856 ,
2191 1808 2231 1847 δε
2254 1808 2430 1849 miracu-

1390 1867 1439 1911 lis
1469 1865 1720 1909 coruscantes
1742 1893 1756 1916 ,
1787 1865 2004 1908 invitamus
2023 1894 2037 1916 ,
2059 1865 2099 1905 &
2125 1863 2388 1909 confovemus
2410 1873 2433 1918 ,¹

1391 1942 1436 1970 ac
1460 1925 1558 1967 alias
1574 1921 1743 1978 desuper
1756 1922 2026 1978 disponimus,
2053 1934 2174 1978 prout
2203 1924 2253 1966 ad
2280 1938 2426 1967 eorum

1385 1981 1719 2030 Christifidelium
1731 1980 1977 2037 spiritualem
1992 1981 2254 2024 devotionem
2267 1983 2427 2038 conspi-

1386 2045 1512 2088 cimus
1530 2043 1566 2083 in
1586 2041 1759 2083 Domino
1773 2040 1983 2083 salubriter
1999 2041 2191 2096 expedire
2209 2072 2220 2082 .

1444 2105 1550 2146 Cum
1567 2101 1703 2156 itaque
1718 2103 1865 2142 Beatus
1886 2098 2117 2142 Franciscus
2138 2129 2151 2151 ,
2176 2100 2196 2141 :i
2216 2114 2295 2156 quo
2311 2100 2429 2144 Ordo

1388 2162 1627 2206 dilectorum
1655 2161 1841 2201 Fratrum
1865 2158 2068 2201 Minorum
2098 2159 2298 2202 institutus
2322 2156 2398 2201 fuit
2414 2187 2430 2210 ,

1387 2221 1537 2278 quique
1554 2219 1660 2261 inter
1677 2227 1858 2260 coeteros
1877 2217 1914 2259 in
1931 2232 2142 2260 numerum
2158 2221 2429 2262 Sanflorum..

1388 2289 1604 2334 cooptatos
1626 2277 1739 2334 signis
1754 2306 1769 2329 ,
1790 2279 1830 2318 &
1845 2276 2043 2318 miraculis
2067 2278 2236 2320 maxime
2251 2276 2400 2319 claruit
2414 2305 2430 2328 ,

1394 2340 1448 2381 ita
1467 2337 1612 2381 vixerit
1628 2365 1641 2388 ,
1665 2347 1708 2378 ut
1732 2336 1836 2392 pene
1849 2349 1985 2377 omnes
2000 2335 2049 2378 ad
2066 2335 2119 2377 sui
2137 2337 2401 2379 devotionem
2414 2363 2430 2387 ,

1393 2401 1433 2439 δε
1461 2396 1727 2438 imitationem
1755 2395 2000 2450 pertraxerit
2026 2424 2039 2446 ,
2065 2394 2261 2451 multique
2276 2409 2324 2436 ex
2342 2393 2431 2450 ipsis

1391 2452 1726 2500 christifidelibus
1741 2453 1918 2496 Cordam
1932 2482 1945 2504 ,
1962 2452 2125 2497 similem
2139 2455 2175 2496 ei
2192 2483 2206 2505 ,
2231 2453 2307 2510 quii
2323 2451 2403 2508 ipse
2415 2475 2443 2504 ,·-

1393 2514 1491 2555 dum
1517 2514 1555 2555 in
1585 2513 1659 2554 hoc
1684 2512 1836 2554 Saeculo
1853 2511 2081 2554 versaretur
2099 2541 2111 2562 ,
2138 2513 2290 2553 cinstus
2313 2511 2434 2566 erat,

1396 2573 1518 2615 hodie
1541 2568 1731 2612 deferant
1747 2584 1764 2622 ·,
1784 2570 1878 2626 quin
1899 2572 2026 2620 etiam
2041 2570 2179 2625 plures
2194 2570 2278 2628 ejus
2294 2568 2436 2611 lauda-

1396 2632 1478 2674 bile
1502 2629 1721 2672 institutum
1745 2629 1948 2685 amplexi,
1974 2630 2098 2670 &sub
2121 2629 2334 2686 suavijugo
2350 2629 2436 2669 Re-

1392 2691 1552 2747 ligionis
1567 2689 1613 2730 ab
1628 2702 1680 2729 eo
1697 2688 1894 2737 institutae,
1906 2688 2164 2743 diversusque
2181 2691 2218 2729 S.
2240 2689 2434 2728 Romanae

1393 2747 1581 2792 Ecclefiae
1608 2746 1832 2788 Catholicae
1856 2746 2063 2797 Praelatis,
2097 2746 2219 2788 etiarn
2235 2744 2435 2786 Cardina-

1394 2809 1497 2852 latus
1525 2808 1680 2847 honore
1707 2801 1984 2858 fulgentibus,
2007 2806 2047 2844 &
2069 2805 2202 2859 postea
2217 2803 2266 2845 ad
2281 2799 2435 2845 Summi

1393 2865 1651 2923 Apostolatus
1665 2863 1818 2917 apicem
1835 2863 1985 2904 evectis
2001 2862 2203 2904 illustrata:
2218 2891 2231 2913 ,
2257 2859 2435 2903 militan:

1401 2937 1481 2978 tes,
1499 2933 1736 2979 tantumque
1751 2935 1881 2963 virum
1904 2932 2065 2971 imitati,
2081 2923 2117 2963 in
2135 2934 2343 2964 numerum
2362 2934 2433 2962 eo-

1402 2983 1586 3028 rumdem
1601 2984 1833 3025 Sanctorum
1850 2980 1969 3023 relati
1985 2979 2136 3022 fuerint
2149 3010 2161 3022 .

1458 3047 1542 3086 Nos
1558 3071 1571 3092 ,
1598 3041 1664 3097 qui
1691 3039 1814 3083 etiam
1829 3041 1849 3081 a
1868 3041 2019 3083 teneris
2035 3040 2145 3081 annis
2163 3039 2435 3094 singularem..

1399 3101 1631 3147 devotionis
1655 3098 1838 3141 affestum
1854 3112 1949 3153 erga
1965 3098 2089 3154 ipsum
2105 3101 2292 3140 Sanctum
2308 3099 2436 3139 Fran-

1399 3161 1545 3212 ciscum
1562 3188 1576 3210 ,
1605 3157 1714 3214 cujus
1728 3171 1872 3213 corpus
1887 3157 1955 3199 sub
1973 3157 2103 3200 Altari
2126 3156 2437 3214 MajoriEcc1e÷

1397 3225 1455 3265 fiae
1473 3217 1624 3262 Domiis
1641 3219 1827 3260 Fratrum
1844 3216 2010 3258 Ordinis
2029 3216 2228 3258 Minorum
2244 3217 2439 3257 Convena'

1401 3279 1569 3325 tualium
1601 3286 1921 3332 nuncupatorum
1951 3274 2161 3319 Affifienfis
2182 3304 2195 3326 ,
2226 3287 2309 3330 quse
2341 3273 2439 3314 inibi

1401 3339 1562 3393 insignis
1579 3366 1591 3389 ,
1616 3335 1869 3392 maximeque
1894 3334 2068 3378 celebris
2087 3361 2101 3383 ,
2124 3335 2163 3374 ὃς
2177 3334 2341 3376 diversis
2357 3332 2440 3386 pri·

1398 3398 1560 3455 vilegiis
1587 3395 1778 3439 decorata
1805 3393 1966 3445 existit,
1995 3391 2242 3449 requiescit,
2268 3392 2338 3433 sub
2354 3393 2441 3433 Ha-

1397 3459 1483 3502 bitu
1500 3456 1593 3498 disti
1607 3454 1771 3498 Ordinis
1786 3452 1837 3494 sui
1854 3451 2091 3494 incedentes
2105 3480 2118 3502 ,
2136 3450 2319 3506 gessimus
2333 3480 2345 3502 ,
2368 3463 2442 3492 cu-

1400 3519 1561 3575 pientes
1582 3519 1756 3559 Domum
1774 3540 1788 3562 ,
1811 3513 1852 3552 &
1878 3510 2097 3553 Ecclesiam
2117 3509 2340 3568 hujusmodi
2355 3522 2441 3550 am-

1401 3577 1504 3634 plius
1520 3574 1735 3623 decorari,
1752 3568 1995 3627 pietatisque
2009 3599 2022 3621 ,
2046 3573 2086 3611 &
2099 3570 2332 3613 Christianae
2347 3567 2442 3609 cba-

1399 3634 1537 3680 ritatis
1570 3647 1721 3689 opera,
1749 3629 1896 3684 ubique
1920 3644 2010 3671 cum
2039 3630 2178 3672 Divini
2197 3629 2328 3671 cultus
2345 3639 2441 3687 augf

1402 3703 1559 3744 mento,
1578 3706 1622 3734 ac
1637 3690 1686 3733 ad
1700 3687 1874 3746 ejusdem
1891 3693 1931 3731 S.
1951 3688 2148 3732 Francisci
2167 3688 2376 3735 honorem,
2401 3686 2444 3726 &

1401 3752 1706 3797 venerationem
1718 3776 1733 3799 ,
1749 3748 2047 3804 animarumque
2063 3748 2227 3791 salutem
2241 3743 2440 3794 exerceri,

1344 3869 1347 3873 ᾗ
1400 3815 1438 3857 &
1466 3810 1608 3854 fideles
1638 3809 1740 3866 ipsos
1769 3804 1818 3850 ad
1844 3803 2072 3851 faciendum
2101 3821 2175 3856 ea,
2204 3818 2275 3861 per
2291 3817 2376 3859 quae
2391 3802 2444 3847 ad

2196 3874 2386 3906 aetel'nat‘ss
