2658 4244
921 170 1084 259 Sub
1143 171 1522 264 Clemente
1579 177 1686 264 X.

2161 222 2301 268 121

247 295 391 336 stitutae
412 289 600 342 munitis,
615 287 753 335 eadem
767 284 923 345 prorsus
939 281 1038 329 fides
1054 288 1283 343 injudicio,
1342 294 1563 348 Presbyter
1599 291 1828 337 Cardinalis
1869 297 2059 343 Bonellus
2090 315 2341 360 nuncupatus
2355 335 2372 356 ,

245 355 284 394 δι
305 362 418 394 extra
442 352 681 394 adhibeatur
695 361 804 402 ,quae
828 344 1089 402 praesentibus
1107 347 1195 400 ipfis
1211 346 1282 388 ad-

244 411 454 453 hiberetur
469 438 483 461 ,
512 408 538 451 st
560 407 695 450 forent
708 405 919 457 exhibitae,
949 403 1015 446 vel
1030 404 1210 445 ostensae.

1341 353 1504 395 Ordinis
1521 354 1702 396 Fratrum
1714 352 1918 395 Minorum
1933 356 2061 400 Sanc'ti
2077 361 2276 405 Francisci
2289 368 2374 407 Ca-

1337 412 1580 467 pucinorum
1594 422 1914 465 nuncupatorum
1930 441 1943 463 ,
1957 420 2059 469 apud
2077 423 2162 462 Nos
2173 452 2189 473 ³
2205 424 2242 463 ὃς
2258 425 2370 477 Apo..

303 473 452 512 Datum
469 470 605 511 Romae
618 465 723 521 apud
750 465 929 508 §annuam
945 462 1115 505 Mariam
1144 462 1277 520 Majo-
1336 471 1514 513 stolicam
1530 469 1679 512 Sedem
1706 471 1953 520 Proteum,
1979 479 2133 519 muneri
2157 484 2369 523 protesto-

246 541 332 570 rem
362 527 431 570 sub
458 523 620 570 Annulo
650 522 862 568 Pistatoris
894 521 973 563 Die
1006 533 1118 563 xxl·
1151 523 1277 563 0610-
1336 529 1390 570 ris
1406 528 1629 586 hujusmodi
1649 530 1688 571 in
1702 529 1886 571 manibus
1902 529 2043 573 nostris
2057 531 2225 589 sponte,
2254 541 2294 581 &
2320 539 2371 581 li-

246 586 326 628 bris
343 598 556 630 moctxtx-
573 581 838 626 Pontificatus
852 578 985 624 Nostri
999 581 1121 622 Anno
1131 581 1272 623 tertio.

879 657 927 713 ⁶]-
949 658 998 698 G.
1016 655 1162 712 Slustus

295 731 594 786 Autograpbum
613 734 657 774 1'n
671 733 933 775 Arcb..5ecret.
943 735 1126 776 Brevium
1141 733 1271 789 Apost.

346 788 505 845 Regesto
519 789 650 833 offob.
681 790 883 849 1669.fol.
900 797 967 832 26.
985 792 1029 833 de
1056 805 1129 846 quo
1154 797 1270 834 Brcv.

332 845 507 903 format.
522 851 566 890 in
579 849 892 906 Arch.gen.0rd.
911 852 1011 893 Tom-
1027 853 1140 893 H.H.
1156 865 1265 904 n.42.

261 972 374 986 -ι-

408 1043 930 1093 CLEMENS
1000 1047 1078 1093 X.

228 1127 421 1170 Romanus
437 1128 630 1171 AEmilius
646 1129 1017 1172 S-R.E.Cardlnalis
1032 1130 1077 1171 de
1094 1129 1262 1170 Alteriis

282 1194 398 1227 antea
411 1185 535 1227 emus
553 1216 567 1238 ‚
599 1191 729 1229 Romae
761 1201 872 1230 xxtx.
889 1189 1041 1242 Aprilis
1071 1200 1259 1230 MDCLxx.

283 1246 462 1285 Summus
490 1244 669 1303 Pontifex
694 1255 845 1288 creatus
860 1273 871 1284 .
911 1245 1020 1287 Obiit
1046 1259 1151 1288 xxii.
1178 1246 1262 1298 ‘Ju-

280 1302 330 1341 lit·
361 1315 602 1345 moctxxvr.
619 1302 823 1358 poslquam
846 1302 1012 1360 ῥάψε
1038 1308 1168 1359 Annos
1193 1316 1258 1343 vt.

282 1358 431 1415 Menses
457 1373 521 1401 ιι.
545 1362 641 1402 Dies
657 1374 772 1403 xxiv.

221 1473 490 1524 Federicum
524 1480 571 1526 S.
598 1481 658 1526 R.
690 1481 743 1526 E.
777 1474 1074 1527 Cardinalem
1092 1479 1255 1525 Borro-

248 1560 415 1594 maeum
432 1546 477 1594 in
493 1563 680 1595 munere
701 1546 975 1596 Protestoris
993 1544 1223 1596 substituit
1241 1582 1252 1595 .

216 1649 253 1692 A
271 1658 390 1704 tergo
403 1676 413 1687 .
447 1651 603 1692 Dileelo
621 1651 721 1692 Filio
737 1648 875 1704 Nostro
890 1647 1072 1691 Federico
1087 1651 1127 1689 S.
1144 1651 1195 1690 R.
1210 1650 1256 1691 E.

381 1706 594 1748 Cardinalt·
622 1710 838 1749 Borromaeo
865 1714 1111 1760 nuncupato.

334 1816 732 1864 CLEMENS
784 1816 1005 1864 PAPA
1057 1816 1136 1863 X.

421 1920 488 1963 Ad
496 1919 690 1979 futuram
712 1923 774 1963 rei
799 1924 1023 1964 memoriam
1037 1949 1050 1960 .

348 1991 473 2034 lle6te
502 1991 578 2035 Fili
607 1993 753 2036 Noster
773 1995 953 2037 Salutem
967 1995 1044 2036 &c.
1075 1996 1181 2038 Cum
1193 1994 1255 2037 di-

364 2050 492 2111 lectus
523 2049 648 2110 Filius
674 2053 820 2110 Noster
845 2053 1046 2105 CaroluS‚
1078 2056 1118 2096 S.
1132 2055 1185 2095 R.
1202 2056 1252 2098 E.

927 2200 1198 2268 No

214 2340 294 2428 C

210 2438 232 2473 Ξ
246 2439 392 2475 Secrctis
410 2441 527 2477 Statsts
544 2444 749 2488 cingebatur
763 2468 777 2489 ,
802 2456 918 2480 curam
929 2445 1077 2481 Ordinis
1091 2443 1252 2490 adjunxit
1266 2468 1276 2478 .

1331 589 1431 631 bere
1447 587 1607 631 cerserit
1625 616 1638 639 ‚
1662 591 1747 630 Nos
1764 587 1975 630 cessionem
1990 590 2211 644 hujusmodi
2227 598 2371 639 harum

1332 648 1433 690 serie
1447 646 1712 689 admittentes
1727 675 1741 698 ‚
1752 645 1940 703 dictoque
1955 649 2103 691 Ordini
2118 652 2171 694 de
2186 653 2264 697 alio
2279 655 2381 698 ido-v

1331 720 1410 749 neo
1421 708 1661 749 Protestore
1676 704 1898 760 providere
1915 707 2101 751 volentes
2117 738 2131 760 ‚
2153 725 2197 755 ac
2222 714 2275 755 de
2291 724 2368 757 tuae

1330 763 1694 820 circumspectionis
1720 762 1907 818 singulari
1932 765 2143 821 prudentia
2170 799 2186 820 ,
2220 771 2371 814 doetri-

1330 841 1400 876 na,
1421 825 1658 879 integritate
1674 851 1688 873 ‚
1714 824 1755 864 ὅτ.
1779 823 1987 879 religionis
2011 826 2120 868 Zelo
2147 829 2367 881 plurimum

1326 887 1366 927 in
1382 883 1558 925 Domino
1583 880 1719 924 confisi
1733 910 1748 933 ,
1773 892 1887 924 motu
1913 885 2109 938 proprio,
2132 886 2168 925 δι
2183 900 2234 926 ex
2250 899 2368 931 certa.

1324 942 1516 993 scientia,
1543 943 1581 982 ὃς
1605 951 1760 982 matura
1788 939 2090 984 deliberatione
2116 943 2259 985 nostris
2275 948 2361 998 Te,
2407 956 2409 958 ’

1322 1017 1372 1045 ex
1398 1000 1509 1055 cujus
1535 1001 1788 1057 proteffione
1807 1000 1860 1042 ob
1877 1010 1966 1042 tuas
1994 1000 2159 1043 eximias
2190 1002 2363 1046 virtutes

1321 1060 1521 1104 Ordinem
1552 1058 1781 1114 praedistum
1808 1057 2024 1114 plurimum
2053 1059 2292 1112 commodi,
2323 1057 2374 1103 &¹

1320 1118 1547 1162 ornamenti
1561 1117 1835 1172 suscepturum
1850 1115 1928 1160 esse
1942 1145 1956 1168 ,
1971 1116 2206 1162 confidimus
2223 1148 2237 1170 ‚
2253 1120 2364 1174 ejuss

1321 1181 1414 1222 dem
1429 1177 1595 1220 Ordinis
1609 1205 1623 1227 ‚
1655 1176 1838 1232 illiusque
1851 1179 2141 1219 Conventuum
2159 1206 2173 1229 ,
2196 1179 2237 1218 &
2264 1181 2389 1221 Fra)

1321 1249 1425 1280 trum
1442 1248 1773 1291 quorumcunque
1787 1234 1892 1289 apud
1907 1237 2010 1285 Nos,
2027 1237 2064 1276 &
2079 1236 2361 1291 Apostolicam

1321 1295 1470 1338 Sedem
1498 1297 1776 1336 Protestorem
1796 1307 1887 1334 cum
1902 1295 2083 1336 omnibus
2103 1295 2325 1338 honoribus
2342 1327 2359 1348 ,

1318 1357 1357 1395 δε
1371 1353 1559 1396 oneribus
1576 1351 1700 1393 solitis
1714 1381 1729 1401 ,
1757 1352 1798 1391 &
1811 1349 2014 1394 consuetis
2041 1351 2091 1394 ad
2111 1353 2189 1395 Tui
2206 1354 2330 1395 vitam
2342 1383 2364 1405 ,.

1315 1412 1572 1453 Auaoritate
1588 1408 1817 1463 Apostolica
1830 1435 1847 1457 2
1870 1420 2015 1451 tenore
2031 1409 2282 1464 praesentium
2298 1407 2361 1453 fa-

1314 1470 1442 1511 cimus
1468 1498 1485 1519 ,
1514 1469 1551 1508 &
1578 1465 1847 1521 deputamus.
1882 1467 2082 1509 Volumus
2108 1479 2247 1511 autem
2274 1471 2363 1525 διε.ν

1376 1584 1581 1643 Rcfiduum
1595 1584 1732 1624 Brevis
1745 1583 1947 1626 omittitur
1962 1586 1978 1636 3
2013 1597 2100 1627 cum
2122 1585 2365 1631 Verbatim„

1317 1645 1442 1686 videri
1456 1652 1572 1697 queat
1585 1641 1804 1700 steprdfol.
1830 1643 1898 1681 88.

1374 1763 1528 1802 Datum
1541 1761 1684 1802 Romae
1699 1756 1804 1814 apud
1823 1758 1862 1799 S.
1880 1758 2052 1801 Mariam
2073 1759 2274 1816 Majorem
2288 1760 2359 1804 sub

1312 1819 1479 1861 Annulo
1496 1816 1706 1860 Piscatoris
1722 1817 1789 1858 die
1809 1830 1860 1857 ιι.
1875 1819 1972 1860 Maii
1988 1832 2197 1862 moetxxt·
2214 1822 2357 1864 Ponti-

1313 1876 1452 1920 ficatus
1468 1876 1586 1918 nostri
1603 1877 1727 1917 Anno
1743 1875 1955 1917 Secundo.

1372 1993 1619 2048 Autegraph.
1643 1996 1686 2032 in
1714 1990 1835 2036 Arch.
1861 1994 2004 2034 secret.
2032 1996 2151 2052 Rrev.
2176 1994 2349 2054 Apostol-

1427 2052 1583 2110 Regsso
1602 2050 1708 2108 Maji
1732 2048 2005 2108 1671.fol.1.

1330 2201 1638 2266 TA.

312 2342 485 2380 Ardinalis
510 2344 691 2386 federicus
703 2358 851 2385 amorem
864 2370 878 2391 ,
901 2358 975 2395 quo
989 2348 1164 2397 perspicua
1172 2346 1208 2385 in
1219 2349 1315 2386 Orbe
1328 2347 1427 2386 Gens
1440 2348 1631 2385 Borromaea
1643 2346 1816 2383 Ordinem
1844 2345 1996 2383 nostrum
2016 2343 2035 2379 ἃ
2053 2343 2070 2380 s
2072 2344 2106 2381 ui
2127 2343 2243 2393 partus
2269 2352 2355 2379 tem-

320 2404 404 2439 pore
422 2395 604 2441 complexa
616 2397 662 2432 est
678 2420 692 2440 ‚
720 2397 800 2433 vere
812 2395 872 2432 fibi
886 2396 1076 2441 ingenitum
1089 2398 1332 2443 comprobavit
1345 2421 1358 2440 ,
1384 2398 1465 2431 dum
1496 2396 1714 2440 negotiorum
1739 2396 1880 2429 cumulo
1892 2416 1906 2435 ‚
1929 2403 2000 2437 quo
2013 2415 2026 2434 ,
2051 2405 2115 2428 ceu
2141 2391 2348 2431 Sanftiffimi

1301 2443 1453 2478 Hancin
1467 2443 1498 2477 se
1513 2443 1656 2478 sterilem
1672 2440 1782 2486 paffus
1806 2441 1852 2476 est
1876 2450 2078 2485 nunquam,
2106 2441 2266 2486 Illiusque
2291 2451 2352 2485 po-

213 2485 374 2521 tiffimum
388 2487 509 2525 officiis
523 2490 649 2525 faEtum
662 2491 746 2533 fuit,
773 2493 867 2537 quod
880 2493 918 2527 P.
934 2492 1174 2528 Bonaventura
1185 2492 1204 2524 a
1217 2491 1387 2526 Recineto
1398 2512 1412 2533 ,
1436 2490 1478 2525 de
1490 2500 1562 2535 quo
1588 2487 1677 2525 insta
1698 2498 1846 2523 recurret
1871 2486 2035 2522 memoria
2046 2510 2060 2530 ,
2082 2488 2125 2523 ad
2152 2487 2350 2535 ApostOIIci

211 2533 353 2579 Pulpiti
367 2533 595 2571 Ministerium
611 2538 715 2572 fuerit
726 2538 934 2583 praeeleetus.
961 2540 1043 2583 Jure
1060 2538 1178 2574 merito
1196 2538 1300 2584 proin
1315 2562 1328 2582 ,
1342 2539 1424 2574 dum
1437 2546 1509 2572 tota
1523 2537 1636 2573 Roma
1648 2535 1680 2570 fe
1694 2545 1791 2571 tanto
1804 2534 1987 2572 cardinale
1999 2546 2088 2571 anno
2117 2536 2216 2582 1673.
2244 2536 2349 2572 otba-

213 2587 281 2616 tam
305 2581 437 2626 gemuit
450 2605 463 2627 ,
491 2583 632 2630 Religio
649 2584 759 2621 nostra
769 2584 936 2622 maturius
950 2595 1048 2622 tanto
1062 2583 1260 2623 Proteaore
1274 2586 1306 2624 se
1319 2587 1350 2623 se
1364 2586 1537 2622 viduatam
1550 2583 1728 2634 suspiravit
1741 2609 1752 2618 .

396 2807 1048 2856 DECRETO.

210 2925 594 2989 Congregationis
622 2928 905 2992 particularis
951 2930 1240 2994 quorundam

235 2994 389 3041 Emin.
403 2993 721 3046 cardinalium
736 2996 763 3045 ἃ
780 2999 1065 3050 Sanstiffirno
1079 3019 1240 3068 appro-

233 3060 340 3111 bato
368 3060 679 3129 specificantur
713 3071 930 3135 graviora
968 3073 1151 3139 negotia
1171 3107 1188 3130 ‚
1214 3070 1242 3121 εἴ

232 3132 625 3184 Reverendiffima
662 3135 950 3188 Diffinitione
984 3143 1199 3190 Generali
1219 3178 1236 3199 ,

229 3203 392 3253 Rornae
409 3201 626 3254 residente
642 3241 659 3263 ,
676 3206 950 3267 decidenda,
973 3226 1106 3277 atque
1124 3213 1235 3260 hanc

231 3268 257 3318 ἃ
284 3269 556 3337 subjectione
584 3278 839 3343 Superioris
869 3283 1048 3329 Localis
1080 3299 1232 3331 exem·

230 3353 358 3406 ptam
377 3377 393 3400 ,
423 3363 475 3393 ac
493 3346 761 3399 immediate
776 3351 827 3398 P.
846 3349 1059 3399 Ministro
1077 3355 1231 3402 Gene-

228 3411 312 3458 rali
333 3446 349 3468 ,
374 3427 453 3462 aut
470 3417 516 3464 in
534 3420 626 3479 ejus
641 3415 836 3468 absentia
869 3424 919 3470 P.
937 3423 1235 3471 procuratoris

230 3482 444 3531 Generali
462 3481 800 3538 subordinatam
816 3487 899 3539 effe
916 3525 933 3549 ,
948 3489 1229 3543 declaratur.

308 3623 345 3664 U
358 3622 400 3663 M
427 3620 522 3665 aliis
537 3622 616 3668 fec.
631 3627 791 3671 record.
810 3629 1004 3673 Clemens
1020 3634 1125 3687 Papa
1143 3633 1221 3675 IX.

325 3693 397 3736 per
422 3678 501 3724 suas
526 3682 662 3726 literas
684 3687 722 3727 in
748 3685 880 3731 forma
903 3690 1044 3732 Brevis
1069 3690 1137 3732 die
1167 3705 1218 3732 ix.

190 3738 438 3797 Septembris
466 3755 692 3801 mnczxvu.
719 3745 835 3788 datas
861 3776 876 3800 ,
912 3747 1220 3793 confirmaverit

1299 2812 1497 2857 nonnulla«
1508 2814 1691 2857 Decreta
1716 2809 1755 2852 in
1781 2808 1973 2866 Capitulo
1999 2808 2347 2853 GeneraliOrdi0‘.

1300 2873 1360 2914 nis
1386 2875 1572 2915 Fratrum
1599 2870 1802 2913 Minoi-um
1818 2866 2070 2912 &Francisci
2102 2869 2343 2925 Capucino-

1301 2943 1388 2972 rum
1404 2939 1727 2986 nuncupatorum
1739 2926 1860 2983 paulo
1879 2927 1974 2972 ante
1998 2927 2210 2972 celebrato
2238 2941 2336 2968 cum.

1300 2988 1487 3032 consensu
1503 3017 1517 3040 ,
1541 2990 1582 3029 δι
1597 2987 1886 3043 approbatione
1900 2987 2081 3029 omnium
2097 2986 2342 3036 Vocalium,

1300 3047 1338 3089 in
1363 3061 1416 3090 eo
1441 3056 1806 3102 congregatorum,
1831 3059 1905 3100 pro
1931 3043 2041 3088 felici
2058 3044 2235 3103 ejusdem
2250 3046 2336 3085 Or-

1298 3105 1402 3152 dinis
1429 3106 1628 3161 gubernio
1647 3104 1744 3150 fasta
1764 3133 1778 3158 ,
1806 3105 1847 3145 &
1870 3103 2042 3147 stabilita
2072 3132 2086 3155 ‚
2116 3105 2223 3146 inter
2243 3113 2337 3157 quae—

1297 3163 1504 3207 statuitur:

1355 3222 1597 3278 Dffnieeres
1612 3223 1816 3267 Generales-
1842 3220 2033 3279 rafideant
2054 3221 2186 3261 Romae
2200 3246 2215 3268 a
2240 3220 2328 3273 qui-

1288 3280 1437 3337 haspro
1450 3282 1681 3336 urgentibus·
1693 3309 1710 3334 ‚-
1737 3277 2048 3335 &gravioribus
2071 3279 2230 3331 negotiis
2249 3279 2331 3318 Re·

1287 3341 1440 3395 lt'gt‘onis
1454 3340 1515 3397 sit
1525 3344 1731 3383 communis
1755 3334 1951 3392 commisp‘o'
1965 3337 2161 3389 generalis
2175 3364 2188 3386 ,
2202 3333 2325 3393 safi'ae

1294 3402 1407 3441 Patri
1433 3402 1682 3442 Procurator}
1710 3396 1898 3438 Generali
1928 3394 1954 3435 d
1984 3397 2100 3435 Patre
2135 3393 2326 3446 Ministro

1291 3459 1474 3500 Generalt‘
1497 3486 1512 3510 ,
1541 3461 1602 3500 ita
1616 3484 1630 3506 2
1651 3468 1698 3498 ut
1713 3454 1930 3509 procedant
1954 3451 2113 3509 irfimul
2125 3481 2140 3505 2
2163 3452 2212 3501 θ’
2235 3465 2324 3495 con-

1278 3514 1451 3572 junffi'm
1470 3546 1482 3557 .

1344 3575 1581 3616 Dubitatum
1610 3571 1632 3613 ὲ
1658 3571 1862 3615 nonnullis
1891 3570 2106 3627 Religiofis
2139 3570 2321 3626 ejusdem

1279 3631 1444 3675 Ordinis
1468 3631 1543 3674 fuit
1557 3663 1572 3682 ‚
1604 3646 1687 3687 quse
1710 3632 1942 3687 urgentium
1957 3661 1980 3682 ,
2001 3632 2039 3672 &
2056 3631 2323 3684 graviorum-2

1278 3692 1532 3748 negotiorum
1549 3690 1823 3746 appellatione
1837 3688 2108 3746 intelligenda
2131 3690 2233 3741 finv,
2251 3691 2322 3740 Et,

1277 3763 1326 3794 an
1341 3751 1435 3794 dieti
1451 3750 1699 3794 Diffinitores
1715 3748 1941 3794 Generales
1969 3747 2019 3793 ad
2047 3747 2322 3805 praescriptum

1737 3811 1800 3866 Q
2132 3805 2265 3864 hujus-
