2658 4244
328 265 353 309 ι
379 264 420 310 0
896 227 1059 318 Sub
1121 226 1520 319 Clemente
1569 228 1753 319 VII.

255 346 360 389 tibus
376 341 781 395 ,Communitatibus
796 373 811 397 ,
831 344 1064 402 Collegiis,
1090 349 1128 389 &
1143 348 1296 391 caeteris
1358 344 1482 404 pressa
1498 373 1513 396 ,
1536 348 1572 388 &
1603 343 1809 390 individua
1835 343 1989 386 mentio
2005 371 2018 394 ,
2048 339 2114 383 seu
2142 341 2290 398 quaevis
2318 342 2402 387 alia

257 404 345 449 aliis
362 402 543 458 personis
558 432 570 455 ,
585 405 622 446 &
639 403 740 448 locis
755 418 828 463 per
843 407 931 448 Nos
945 433 959 456 ,
973 407 1011 446 &
1028 406 1176 451 Sedens
1194 420 1296 463 prae-
1357 405 1555 462 expressio
1582 407 1768 450 habenda
1794 432 1808 456 ,
1847 404 1911 445 vel
1943 403 2075 458 aliqua
2098 399 2175 443 alia
2204 401 2401 458 exquisita

258 464 404 505 dietam
420 461 488 504 sub
504 462 705 520 quibusvis
724 463 944 509 verborum
959 462 1120 516 formis,
1138 466 1175 508 &
1191 465 1304 509 clau-
1363 466 1491 508 forma
1509 465 1702 508 servanda
1719 463 1826 507 foret
1839 492 1852 518 ,
1869 476 2009 505 eorum
2021 459 2202 505 omnium
2217 468 2404 510 tenores,

258 520 352 565 sulis
377 549 391 571 ,
435 521 559 564 etiam
598 521 949 582 derogatoriarum
988 521 1262 579 derogatoriis
1285 552 1300 575 ,
1361 526 1399 567 &
1415 522 1560 569 formas
1576 524 1737 567 illarum
1754 523 2049 566 concessionum
2064 548 2078 572 ,
2101 533 2148 562 ac
2164 517 2188 560 fi
2207 518 2260 559 de
2277 517 2406 559 verbo

259 580 427 637 aliisque
452 577 719 636 fortioribus,
747 585 787 627 δε
809 580 1009 632 insolitis,
1037 581 1117 627 illis
1141 581 1303 640 praeser-
1363 583 1414 626 acl
1434 583 1600 626 verbum
1620 583 1898 626 insererentur
1915 610 1928 631 ,
1957 578 2212 637 praesentibus
2238 590 2314 632 pro
2328 571 2408 616 suf,

261 640 334 681 tim
351 665 365 687 ,
380 638 523 693 quibus
540 641 647 683 inter
664 643 741 687 alia
763 640 903 687 caveri
918 639 1069 683 dicitur
1083 641 1273 697 expresse
1289 671 1301 683 .
1364 640 1551 686 ficienter
1581 642 1770 698 expreffis
1789 641 1985 685 habentes
2000 669 2016 691 ‚
2040 638 2122 682 illis
2150 635 2249 679 alias
2274 635 2312 677 in
2339 635 2408 676 suo

261 695 389 751 Quod
417 697 518 742 nulli
549 702 715 745 Fratres
741 730 756 754 ,
794 700 862 742 stu
888 699 1081 742 Monachi
1109 700 1162 744 de
1189 700 1305 744 dictis

261 755 387 799 etiam
414 756 737 804 Mendicantium
760 757 985 803 Ordinibus
1006 758 1065 802 ad*
1079 757 1200 803 alium
1226 761 1307 801 Or-

264 814 403 856 dinem
415 843 428 866 ,
441 817 565 861 etiam
582 818 814 863 strietiorem
828 846 841 868 ,
856 818 1128 868 transeuntes,
1145 831 1218 872 per
1235 822 1311 861 Su·

264 872 448 928 periotes
461 902 476 923 2
501 878 667 922 Priores
684 906 698 929 ,
727 880 764 919 δε
784 878 885 920 alios
904 876 1066 919 Fratres
1081 875 1281 920 Ordinum
1296 903 1310 927 ,

265 942 335 975 aut
355 932 682 987 Societatunmtd
699 951 798 991 quos
814 936 853 977 se
870 933 1171 984 transtulerint,
1183 934 1308 975 etiam

264 990 317 1032 de
343 989 512 1033 licentia
540 994 781 1038 eorumdem
808 991 1067 1047 superiorum
1084 993 1244 1045 petitas
1270 994 1309 1033 &

265 1047 439 1090 obtenta
466 1051 620 1107 recipi,
649 1052 864 1094 &admitti
881 1049 1052 1105 poffint3
1083 1049 1180 1092 alias
1205 1050 1309 1090 reci-

262 1107 425 1162 pientes
437 1134 452 1157 ,
473 1109 509 1149 &
525 1111 684 1164 recepti
701 1106 1134 1152 excommunicationis
1151 1103 1309 1150 senten.

264 1165 366 1207 tiam
387 1164 609 1218 incurrant,
628 1167 776 1223 ipsique
794 1169 862 1217 fic,
880 1166 945 1208 vel
965 1165 1045 1207 alio
1059 1164 1180 1209 modo
1194 1177 1311 1207 rece-

264 1222 325 1279 pti
341 1221 392 1265 ad
409 1221 571 1278 aliquod
595 1224 770 1269 officium
789 1255 803 1279 ,
831 1225 896 1268 seu
923 1223 1178 1280 praelaturam
1203 1222 1307 1281 ejus-

263 1281 359 1323 dem
378 1281 542 1325 Ordinis
565 1313 579 1335 ,
608 1284 645 1326 in
672 1298 753 1340 quo
767 1285 1018 1341 recipiuntur
1033 1311 1047 1333 ,
1069 1282 1166 1336 eligi
1190 1287 1316 1326 non-9

263 1338 409 1397 possint
440 1340 586 1397 absque
614 1342 854 1399 Apostolicae
881 1341 993 1387 Sedis
1022 1341 1185 1397 speciali
1216 1371 1230 1394 ,
1267 1344 1305 1385 &

267 1397 449 1454 exprell'a
475 1399 646 1443 licentia
675 1415 751 1458 per
776 1402 892 1458 ipfius
912 1399 1029 1444 Sedis
1056 1411 1242 1456 patentes
1259 1402 1308 1443 li-

267 1468 379 1502 teras
397 1457 663 1502 concedenda
678 1487 692 1510 ,
722 1460 918 1504 facientes
945 1458 1132 1515 plenam,
1156 1461 1194 1503 &
1213 1473 1305 1503 cer-

271 1526 354 1558 tam
370 1541 385 1565 7
411 1517 449 1559 at
466 1515 782 1561 determinatam
798 1519 850 1563 de
863 1524 1027 1563 Statuto
1044 1546 1058 1568 ,
1089 1521 1126 1560 &
1141 1518 1307 1564 ordina-

268 1575 383 1617 tione
412 1574 637 1632 hujusmodi
669 1577 890 1633 expressam
916 1606 931 1628 ,
958 1577 995 1621 &
1023 1575 1305 1624 individuam-2

268 1631 519 1676 mentionem
536 1663 546 1676 .
574 1634 737 1693 Qibus
753 1637 939 1678 omnibus
954 1663 968 1685 ,
985 1634 1136 1677 etiamfi
1149 1648 1223 1690 pro
1236 1650 1307 1678 eo-

268 1705 356 1735 rum
382 1687 592 1732 sufficienti
622 1693 890 1747 derogatione
917 1694 970 1736 de
995 1691 1075 1734 illis
1099 1722 1113 1744 ,
1145 1702 1310 1735 eorum-

275 1762 353 1809 que
382 1749 481 1795 totis
512 1751 722 1798 tenoribus
751 1751 932 1812 specialis
956 1780 970 1806 2
994 1749 1177 1812 specifica
1200 1781 1214 1807 ,
1240 1767 1311 1799 ex-

992 1900 1260 1967 ΝΟ

1368 699 1519 742 robore
1537 701 1825 756 permansuris,
1840 701 1914 743 hac
1943 700 2033 742 vice
2053 697 2249 739 duntaxat
2266 695 2410 736 harum

1370 756 1473 801 serie
1491 758 1751 814 specialiter,
1772 762 1809 803 &
1825 758 2014 814 express'e
2037 757 2276 812 derogamus
2293 781 2306 803 ο
2334 765 2413 793 cae‘

1373 815 1551 872 terisque
1577 820 1793 863 contrariis
1818 817 2131 874 quibuscumque
2156 841 2167 854 .
2207 811 2409 876 Volumus

1370 873 1507 915 autem
1521 877 1656 932 ,quod
1676 877 1849 931 praedieti
1867 877 2055 919 Eremitae
2074 875 2192 929 super
2213 867 2410 926 praemlffis

1370 931 1526 976 Bullam
1540 962 1555 985 ,
1587 933 1652 976 seu
1667 936 1813 977 literas
1832 936 1899 978 sub
1914 934 2080 990 plumbo
2103 929 2204 974 infra
2225 943 2374 970 annum
2389 927 2411 969 ὲ

1370 990 1466 1033 data
1490 990 1739 1046 praesentium
1765 993 2113 1048 computandum,
2141 987 2325 1042 expediri
2354 984 2413 1027 fa·

1370 1061 1466 1089 cere
1491 1061 1711 1094 teneantur
1737 1079 1752 1102 ,
1796 1051 1973 1107 alioquin
2003 1049 2140 1104 elapso
2165 1046 2273 1087 dieto
2303 1057 2412 1086 anno

1371 1105 1584 1161 praesentes
1610 1108 1736 1151 literae
1765 1109 1912 1152 nullius
1929 1109 2000 1151 [int
2020 1104 2180 1151 roboris
2202 1131 2216 1154 s
2240 1101 2304 1145 vel
2323 1116 2414 1143 ⁸¹¹0*

1370 1165 1519 1206 menti.
1548 1168 1696 1209 Datum
1725 1169 1864 1211 Romae
1888 1166 1995 1222 apud
2026 1167 2214 1209 Sanctum
2236 1163 2409 1203 Petrum

1369 1221 1437 1264 sub
1451 1224 1617 1267 Annulo
1637 1222 1852 1268 Piscatoris
1868 1225 1936 1266 die
1953 1225 2032 1267 111.
2050 1219 2260 1280 Septemb·
2283 1230 2406 1277 1529·

1368 1281 1634 1329 Pontificatus
1654 1283 1771 1327 nostri
1787 1286 1912 1330 Anno
1926 1287 2055 1328 Sexto
2066 1309 2078 1325 0

1670 1401 1751 1448 sub
1766 1402 1870 1445 Plica
1931 1396 2107 1447 Baithass
2133 1397 2187 1441 de
2202 1391 2329 1440 Piscia
2343 1422 2356 1438 .

1497 1521 1620 1577 Super
1637 1522 1778 1566 Plicam
1842 1517 2071 1566 franciscus
2095 1513 2317 1559 Galleanus
2334 1540 2349 1554 .

1427 1639 1637 1691 Exemplar
1658 1643 1701 1680 ln
1708 1646 1946 1691 pergamena
1979 1635 2245 1677 authenticum
2273 1635 2317 1672 in
2334 1633 2418 1672 Ar·

1488 1695 1595 1737 chive
1614 1701 1709 1738 Gen.
1724 1695 1822 1736 Ord-
1845 1697 2034 1737 armario
2049 1693 2303 1738 Authentica
2321 1691 2417 1735 ἰὴ..)

1477 1751 1584 1817 sust.
1602 1756 1730 1816 collig.
1745 1765 1852 1795 num.
1875 1767 1916 1811 3.

1393 1901 1687 1967 TA.

395 2037 501 2074 Ultus
515 2035 652 2083 quidem
671 2035 886 2073 Constitutio
902 2036 970 2074 baec
984 2060 996 2080 ,
1012 2047 1114 2083 quam
1128 2035 1245 2082 postea
1260 2036 1331 2071 PP.
1349 2036 1476 2073 Paulus
1492 2036 1554 2072 lll.
1576 2036 1682 2076 literis
1699 2038 1760 2075 sub
1777 2038 1921 2084 plumbo
1940 2037 2116 2085 expeditis
2131 2058 2144 2080 ‚
2167 2035 2203 2072 8<
2226 2034 2330 2081 incip.
2343 2033 2418 2071 Ra·

408 2086 497 2123 tioni
510 2087 695 2130 congruit,
710 2086 744 2123 &
762 2085 842 2121 Pius
859 2085 923 2122 lV.
941 2085 1187 2122 constitutione
1202 2081 1331 2132 Nuper
1348 2083 1553 2135 :Apostolt'ca
1566 2087 1824 2132 confirmarunt,
1838 2087 1996 2124 continet
2010 2087 2151 2131 gratias,
2165 2085 2198 2121 8<
2213 2083 2425 2131 privilegia...

275 2133 402 2171 Ordini
423 2134 562 2170 Parrum
578 2133 894 2171 Camaldulenfium
910 2158 923 2178 ,
936 2135 970 2171 &
987 2134 1104 2171 nostro
1115 2132 1264 2170 concessa
1279 2157 1290 2177 ,
1306 2145 1452 2180 quorum
1472 2145 1582 2170 tamen
1599 2135 1712 2184 aliqua
1729 2148 1788 2172 ceu
1808 2135 1929 2172 nostrae
1943 2136 2090 2180 Regula
2103 2160 2116 2178 ,
2129 2133 2163 2171 8t
2177 2132 2292 2170 Statui
2305 2133 2425 2178 Capu-

275 2183 355 2219 cino
372 2182 539 2219 contraria
550 2206 562 2225 ,
578 2183 597 2216 a
611 2183 712 2220 nobis
726 2194 902 2228 nunquam
915 2182 1007 2220 fuere
1021 2192 1194 2228 acceptata
1211 2205 1225 2225 ,
1241 2194 1302 2218 nec
1315 2183 1488 2229 acceptari
1511 2193 1667 2228 poterant
1681 2198 1693 2226 ς
1716 2185 1794 2221 hinc
1808 2185 1842 2220 in
1861 2183 1965 2232 hujus
1984 2182 2248 2219 Constitutionis
2266 2181 2426 2217 Summa·

275 2232 331 2269 rio
345 2255 356 2275 ,
373 2231 555 2279 privilegia
569 2230 885 2269 Camaldulenfium
899 2233 999 2270 nobis
1013 2230 1142 2267 nonnisi
1157 2229 1337 2279 respeffiive
1351 2232 1570 2277 con-propria
1583 2233 1659 2277 effe,
1681 2244 1840 2270 notanter
1852 2233 1916 2268 fuit
1939 2231 2080 2279 politum
2096 2258 2105 2269 .
2122 2233 2214 2268 lnter
2227 2230 2284 2265 illa
2297 2239 2428 2271 autem,

275 2291 352 2328 quae
366 2279 466 2316 Ordo
483 2279 596 2316 noster
610 2293 672 2317 ceu
688 2281 914 2328 proprium‚&
927 2278 1196 2328 specialiffimum
1211 2280 1510 2326 retinet,peculiari
1527 2283 1611 2319 nota
1624 2282 1767 2326 dignum
1784 2282 1829 2319 est
1844 2281 1930 2318 illud
1946 2282 1997 2327 (*)
2013 2292 2085 2328 quo
2099 2277 2428 2319 Camaldulenfibus,

277 2333 311 2364 δι
329 2329 431 2365 nobiS
445 2347 457 2356 -
470 2338 512 2365 ut
528 2327 680 2367 Clericos
692 2341 808 2366 eorum
820 2329 971 2367 Ordinis
985 2329 1032 2364 ad
1043 2330 1191 2376 primam
1207 2326 1409 2376 Tonsuram,
1425 2329 1468 2371 ὼ·
1482 2339 1630 2376 quatuor
1646 2330 1799 2368 Ordines
1813 2330 1985 2374 Minores,
1999 2329 2044 2366 ad
2057 2326 2290 2369 Sacrosvvero,
2305 2323 2432 2373 etiamst

277 2385 406 2425 tempus
422 2375 442 2412 ὰ
461 2377 663 2417 Canonihus
677 2382 862 2417 statutum
873 2390 942 2413 non
953 2378 1142 2425 attigerint
1154 2401 1168 2421 ,
1187 2386 1249 2435 per
1268 2376 1451 2425 quemlibet
1465 2378 1661 2428 Episcopum
1675 2381 1714 2416 in
1726 2391 1840 2416 eorum
1851 2378 1931 2414 locis
1941 2403 1956 2423 ,
1977 2379 2020 2420 (ς’
2036 2375 2125 2414 alibi
2137 2401 2150 2420 ,
2172 2376 2367 2422 ubicunque
2381 2374 2430 2409 eis

277 2425 480 2462 commodum
490 2425 608 2472 suerit
621 2451 633 2470 ,
649 2428 772 2477 absisue
785 2426 928 2465 licentia
943 2426 1148 2475 ‘De'oecesani
1160 2449 1172 2470 ,
1187 2437 1287 2465 ettam
1301 2437 1399 2463 extra
1414 2437 1568 2474 tempora
1584 2452 1597 2474 ‚
1609 2428 1729 2468 diebus
1742 2438 1855 2470 tamen
1869 2427 2074 2465 'Dominicis
2088 2425 2146 2463 vel
2151 2423 2251 2477 Festi:
2260 2448 2273 2471 ,
2286 2434 2339 2462 eos
2347 2430 2426 2472 pro·

278 2476 410 2515 moveri
414 2473 572 2522 faciendi
585 2475 658 2517 &a
673 2498 685 2505 -
706 2475 848 2514 facultas
862 2475 1064 2512 conceditur
1076 2499 1087 2511 .

380 2525 464 2558 Duo
482 2523 516 2557 in
532 2523 592 2560 hac
607 2524 752 2570 periodo
765 2551 777 2569 ‚
806 2522 1119 2560 Camaldulenfium
1134 2547 1146 2566 ‚
1170 2523 1204 2559 8<
1220 2523 1336 2559 nostro
1351 2523 1479 2559 ordini
1493 2549 1506 2569 ,
1532 2526 1672 2564 concedi
1691 2526 1873 2573 privilegia
1887 2549 1899 2569 ,
1925 2523 2098 2560 manifeste
2116 2531 2208 2570 patet
2223 2532 2233 2555 ε
2262 2519 2427 2556 videlieet

279 2571 398 2619 primb
412 2594 424 2614 ,
435 2572 531 2617 quod
546 2573 722 2622 utriusque
738 2573 889 2611 Ordinis
905 2573 1034 2611 Clerici
1053 2571 1176 2620 poslint
1190 2570 1366 2609 Ordinari
1379 2582 1478 2611 extra
1491 2583 1638 2623 tempora
1658 2600 1666 2610 .
1693 2577 1854 2613 Secundo
1867 2599 1878 2618 ,
1902 2575 1937 2612 81
1954 2573 2095 2621 quidem
2117 2571 2240 2620 absque
2250 2569 2428 2608 licentia)

283 2619 493 2667 ‘Dioecesani
505 2643 515 2657 .
532 2620 683 2657 Primum
699 2623 795 2670 quod
807 2623 943 2665 attinet,
958 2620 1109 2657 firmitati
1125 2621 1184 2657 vel
1200 2620 1295 2657 illius
1308 2619 1519 2659 subfistentIae
1532 2647 1543 2667 ,
1559 2624 1671 2660 solitm
1685 2625 1873 2661 contradici
1889 2622 1977 2670 pofle
1995 2622 2134 2657 videtur
2144 2630 2222 2657 cum
2236 2617 2431 2660 assertione,

283 2669 381 2715 quod
398 2666 512 2714 postea
525 2669 544 2703 a
562 2670 731 2707 Concilio
747 2670 953 2709 Tridentino
967 2669 1051 2707 Sess.
1065 2680 1121 2716 23.
1134 2669 1223 2717 Cap.
1235 2669 1271 2705 8.
1297 2668 1397 2706 fuerit
1413 2681 1611 2709 revocatum
1627 2697 1636 2708 .
1665 2674 1746 2710 Hoc
1759 2682 1873 2709 autem
1888 2673 1908 2706 a
1922 2670 2086 2707 ConciHo
2111 2680 2183 2704 non
2199 2666 2324 2702 fastum
2337 2662 2403 2700 effe
2416 2686 2430 2708 ‚

284 2718 331 2754 ἐκ
344 2715 422 2763 ipfis
435 2715 589 2754 Concilii
606 2719 720 2759 verbis
733 2721 914 2757 deducitur
925 2743 939 2763 ,
953 2730 1027 2765 quae
1041 2719 1110 2756 haec
1123 2719 1196 2756 sunt
1213 2731 1222 2754 ε
1238 2717 1490 2756 Ordinationes
1503 2720 1692 2759 Sacrorum
1703 2721 1879 2757 Ordinum
1896 2719 2053 2757 Statutis
2067 2716 2087 2753 ἃ
2102 2715 2197 2768 ξῖιινε
2209 2712 2432 2767 temporibus,

285 2777 327 2804 ac
338 2766 378 2804 in
391 2762 533 2814 Ecclesia
546 2766 752 2805 cathedrali
761 2793 776 2813 ,
791 2771 923 2807 vocatis
931 2767 1218 2816 praesentibusque
1231 2766 1278 2802 ad
1289 2764 1329 2803 id
1341 2765 1486 2816 Ecclest'ae
1502 2768 1688 2806 Canonicis
1699 2767 1831 2817 publice
1845 2765 2061 2804 celebrentur
2072 2790 2082 2802 .

384 2814 563 2853 Maturius
574 2815 647 2862 jam
676 2817 698 2854 fi
727 2828 844 2855 textus
865 2816 1048 2854 trutinetur
1061 2842 1073 2862 ,
1096 2817 1263 2865 perillum
1274 2816 1477 2854 Conciliumv
1491 2817 1583 2853 aliud
1596 2829 1665 2854 non
1679 2817 1782 2854 sancit
1802 2840 1814 2861 ,
1835 2818 1939 2863 quam
1955 2839 1967 2858 ‚
1984 2824 2025 2852 ut
2037 2812 2287 2851 Ordinationes
2308 2812 2435 2866 Sacro:

284 2874 365 2910 rum
378 2861 553 2900 Ordinum
566 2866 724 2904 Statutis
738 2865 759 2902 ά
777 2867 872 2916 Jure
886 2868 1092 2914 temporibus
1114 2864 1330 2904 celebrentur
1353 2877 1362 2903 ε
1391 2877 1464 2904 non
1482 2876 1594 2902 tamen
1613 2868 1771 2913 prohibet
1783 2890 1797 2910 ‚
1823 2865 1910 2912 quin
1924 2874 2022 2900 extra
2049 2864 2187 2900 Statuta
2200 2871 2353 2908 tempora
2366 2883 2379 2903 ,
2399 2857 2437 2896 bt

285 2912 504 2950 conferantur
518 2912 719 2954 habentibus
733 2917 973 2962 privilegium,
989 2916 1046 2955 cui
1059 2915 1258 2951 Concilium
1274 2925 1317 2950 co
1329 2913 1405 2963 ipso
1416 2926 1487 2951 non
1504 2916 1686 2959 derogavit
1699 2941 1712 2960 ,
1727 2928 1805 2952 cum
1818 2915 1860 2951 de
1873 2925 1916 2950 eo
1932 2913 2062 2950 nullam
2080 2910 2196 2948 fecerit
2210 2908 2438 2951 mentionem,

283 2973 346 3000 nec
360 2960 462 2999 etiam
475 2964 679 3005 generaliter
693 2966 782 3003 illud
795 2964 979 3004 excluserit
991 2988 1005 3008 ,
1019 2965 1070 3001 uti
1084 2964 1165 3003 fecit
1178 2988 1191 3007 ,
1210 2962 1413 3011 ubicumque
1430 2963 1544 2999 voluit
1557 2963 1730 3002 infirmare
1747 2961 1975 3008 Regularium
1997 2960 2181 3007 privilegia
2194 2983 2206 3004 ‚
2234 2969 2293 3005 per
2304 2955 2438 2994 clausu-

284 3011 338 3047 las
350 3028 363 3037 ·
376 3007 659 3060 appelationibus,
668 3014 1148 3069 piivilegiigexemptionibus
1162 3013 1234 3054 ὅγε.
1249 3012 1511 3062 quibuscumque
1522 3012 1561 3049 in
1597 3025 1691 3061 raemg
1715 3025 1742 3052 ις
1758 3008 2182 3060 minImesuffragantibus
2194 3031 2208 3051 ,
2229 3007 2286 3042 vel
2294 3002 2440 3054 privile-

309 3060 368 3102 iis,
380 3060 648 3107 exemptionibus
659 3087 670 3105 ,
687 3064 975 3112 conservatorum
988 3059 1269 3111 deputationihus
1276 3085 1289 3104 ,
1307 3060 1350 3105 ὼ·
1363 3073 1478 3100 eorum
1491 3021 1759 3100 inhibitionibus
1774 3060 1941 3097 adversus
1953 3055 2117 3108 praemiffa
2130 3081 2142 3099 ,
2154 3065 2368 3103 nequaquam
2378 3063 2441 3110 va:

299 3108 406 3145 ituris
421 3107 494 3149 &c-
522 3108 628 3146 Prout
642 3111 764 3148 ssmiles
777 3112 946 3150 clausulas
970 3111 1102 3159 sparfim
1116 3135 1129 3155 ‚
1153 3111 1188 3148 8<
1203 3110 1324 3157 passim
1337 3111 1372 3147 in
1388 3109 1542 3147 Concilii
1555 3111 1695 3148 decursu
1710 3109 1830 3147 videre
1846 3108 1892 3145 est
1906 3133 1916 3144 .
1934 3108 2017 3144 Nec
2031 3105 2175 3154 Syllaba
2189 3114 2305 3139 autem
2319 3103 2361 3139 de
2378 3102 2442 3137 talt

283 3155 438 3195 clausula
450 3181 462 3200 ‚
476 3157 530 3196 vel
544 3158 723 3205 privilegii
739 3163 964 3200 revocatione
980 3160 1155 3197 invenitur
1170 3159 1205 3195 in
1223 3162 1373 3197 Decreto
1389 3160 1433 3195 de
1446 3158 1641 3198 Ordinibus
1653 3160 1794 3198 Statuto
1810 3168 1962 3204 tempore
1976 3155 2118 3192 confere
2127 3153 2202 3192 ndis
2214 3177 2227 3196 ,
2242 3152 2314 3187 ῖιτῑὸ
2328 3161 2442 3188 cum-⁴

284 3205 480 3246 immediate
494 3207 570 3255 post
585 3206 671 3246 illud
685 3210 845 3257 expresse
857 3210 1018 3248 excludat
1035 3208 1255 3256 privilegium
1275 3209 1318 3245 de
1334 3207 1529 3246 Ordinibus
1542 3210 1563 3244 a
1577 3220 1646 3244 non
1662 3206 1864 3246 Dioecesano
1878 3204 2089 3252 accipiendis
2106 3221 2120 3230 -
2135 3200 2334 3239 nullatenus
2358 3198 2396 3235 id
2408 3199 2442 3235 ei

287 3257 390 3294 etiam
403 3255 557 3306 cujusvis
566 3258 756 3303 generalis,
769 3269 834 3297 aut
836 3258 999 3309 specialis
1014 3258 1191 3306 rescripti,
1204 3256 1263 3294 vel
1269 3256 1401 3305 privile
1425 3257 1454 3295 ii
1462 3264 1632 3304 praetextu
1644 3258 1717 3299 &¹6-
1735 3256 1962 3305 permittatur
1986 3272 2000 3280 -
2019 3250 2192 3291 manifeste
2207 3260 2325 3298 patet,
2345 3246 2442 3294 quod

83 3318 127 3350 (a)
145 3316 178 3345 1η
188 3316 278 3345 conen
290 3306 370 3341 dum
385 3304 420 3341 in
436 3304 656 3343 antecedente
672 3309 824 3347 Decreto
834 3334 847 3353 ,
865 3306 1086 3355 privilegium
1103 3318 1171 3342 non
1187 3305 1334 3343 exelufit
1350 3330 1363 3349 ,
1374 3307 1398 3342 il
1417 3305 1463 3342 ud
1479 3306 1632 3343 voluerit
1643 3305 1708 3342 effe
1723 3305 1908 3348 inclusum,
1919 3311 1976 3338 aut
1988 3301 2022 3339 in
2035 3302 2097 3339 suo
2109 3301 2235 3336 robore
2251 3297 2442 3346 persistens,

80 3356 215 3394 &ull-seu
225 3354 274 3393 Pri·
291 3353 353 3396 ha,
365 3365 402 3388 ut
415 3365 493 3394 cum
513 3353 716 3401 Rodriquez
729 3356 786 3403 (a)
798 3358 832 3394 &
848 3357 980 3407 Joanne
995 3355 1192 3391 Gallemart
1205 3354 1260 3400 (b)
1274 3379 1282 3391 .
1299 3355 1523 3400 Privilegium
1546 3354 1915 3403 suscipiendi‘Ordines
1930 3359 2030 3388 extra
2046 3359 2201 3395 tempota
2215 3357 2274 3393 per
2287 3347 2352 3382 hoc
2372 3347 2442 3382 De-

82 3394 283 3469 ζ’,ζξῇζίζὲβςξζιί
295 3410 419 3436 cretum
434 3428 445 3445 ν
471 3404 607 3442 minime·
622 3403 717 3442 fuisse
733 3405 905 3443 sublatum
918 3428 931 3449 ‚
946 3402 1036 3441 reste
1048 3403 1272 3440 concludatur
1285 3430 1294 3442 .
1322 3404 1466 3441 Corruit
1481 3402 1618 3444 insuper
1641 3404 1746 3439 robur
1760 3401 1972 3450 objeekionis
1988 3411 2032 3436 ex
2048 3398 2135 3435 vivae
2151 3397 2248 3433 vocis
2277 3396 2419 3431 oraculo
2429 3417 2443 3436 ‚

89 3474 169 3503 Labi
184 3475 281 3502 necta,
296 3465 312 3492 ¹·
345 3461 367 3482 0
384 3450 452 3487 PP.
470 3456 479 3490 l
495 3452 693 3492 inocentius
713 3454 780 3491 ΙΧ.
808 3457 921 3492 omnia
938 3451 1082 3491 Ordinis
1094 3451 1198 3487 ¹¹0stst
1213 3452 1392 3498 privilegia
1413 3452 1516 3501 (Post
1533 3451 1810 3497 Tridenfissssm)
1835 3449 2009 3487 indefinite
2023 3446 2246 3484 confirmavit
2259 3468 2279 3501 ’.
2295 3445 2330 3479 ‘3‘
2346 3443 2442 3491 qu⁰d

85 3499 317 3545 rationemcar..“
327 3508 329 3511 “
419 3503 488 3541 hiis-‚³3⁹
498 3500 503 3540 ἶ
513 3498 523 3522 ”
546 3528 550 3536 «
569 3504 584 3545 ,i
601 3547 605 3551 ‚
626 3502 690 3539 sua
701 3502 816 3541 saltem
828 3527 842 3548 ,
855 3501 1006 3549 generali
1021 3503 1141 3541 talium
1153 3501 1374 3540 oraculorum
1389 3500 1630 3546 revocatione,
1646 3511 1720 3540 non
1734 3498 1899 3539 contineri
1911 3522 1924 3542 2
1938 3496 2098 3548 eXP‘ess&
2111 3495 2296 3532 de⁰¹³¹³V¹¹
2310 3517 2323 3539 ’
2338 3500 2442 3544 ΡῑὉιιι

89 3554 180 3586 dinat-
204 3557 283 3583 conc.
299 3554 335 3582 ut
366 3556 410 3580 im
433 3557 438 3571 ⁴
468 3564 472 3567 v
503 3567 520 3582 Ἰ.
538 3549 568 3579 ’“ἔ
598 3550 665 3588 suis
680 3552 809 3599 patebit
820 3552 906 3591 1octs
922 3578 932 3589 .

94 3595 282 3663 ζζὶῖᾕζῖιῖἷ
397 3592 534 3633 Vifflt
544 3608 682 3646 quoque
697 3600 806 3637 adhuc
818 3613 862 3638 ex
877 3600 1033 3637 Patribus
1045 3598 1189 3644 nostris,
1199 3599 1257 3646 qui
1270 3599 1428 3636 exhibito
1440 3599 1506 3636 hoc
1518 3597 1705 3648 privilegio
1718 3597 1751 3634 in
1767 3596 1827 3634 hac
1843 3597 1932 3632 alma
1949 3595 2046 3633 Urbe
2061 3604 2156 3631 extra
2171 3603 2330 3640 tempora
2344 3590 2443 3627 suere

90 3673 139 3707 (b)
162 3675 184 3702 p
199 3676 209 3702 ι
222 3671 287 3704 my„-
301 3642 450 3678 ordinati
466 3657 477 3684 3
502 3645 575 3682 1⁸10
590 3650 650 3680 rati
656 3648 801 3688 babuci-e
815 3649 881 3687 hoc
892 3652 911 3687 a
925 3648 1074 3686 Concilii
1089 3658 1241 3695 tempore
1254 3648 1338 3684 Riiti
1354 3647 1512 3696 Episcopi
1526 3645 1734 3684 diversarum
1750 3645 1958 3687 Nmionum,
1971 3645 2031 3692 qui
2044 3642 2272 3687 allegato,vel
2285 3638 2444 3699 eghibito

96 3721 164 3756 307·
185 3686 197 3706 ⁰
211 3691 218 3702 ⁵
304 3690 368 3725 ¹¹00
384 3690 680 3736 pflvsseglosssobis
694 3700 818 3734 Sacros
829 3698 980 3735 Ordines
992 3707 1088 3736 extra
1105 3707 1257 3743 tempora
1272 3696 1425 3735 conferre
1440 3708 1508 3732 non
1522 3696 1826 3740 gravabantur,nec
1838 3694 1948 3731 adhuc
1961 3703 2162 3737 gravantur3
2176 3688 2355 3738 praesernm
2367 3697 2445 3723 cum

300 3739 522 3785 privilegium
535 3740 667 3786 (saltem
681 3747 797 3790 quoad
813 3747 959 3792 ltaliam)
973 3758 1105 3782 novum
1121 3744 1335 3791 acquifiverit
1347 3744 1506 3784 fulcimen
1517 3755 1563 3780 ex
1577 3742 2197 3790 Conc.Rom.AnnoJubiloe01725.a
2213 3736 2450 3791 S.M.PP.B‹3-

301 3787 440 3823 nedifito
457 3788 523 3824 ΧΗ
534 3790 540 3823 Ι
550 3814 559 3824 .
584 3791 754 3833 celebrato
765 3817 777 3836 ,
803 3794 837 3830 in
852 3807 923 3842 quo
939 3796 991 3834 tit.
1006 3807 1040 3831 v.
1055 3795 1184 3842 Cap.2.
1199 3793 1267 3830 haec
1280 3794 1399 3831 sancita
1414 3793 1548 3831 fuerunt
1563 3791 1664 3844 :Q
1678 3791 1759 3828 vero
1775 3790 1819 3827 ad
1830 3789 2022 3839 Regulares
2036 3815 2050 3834 ,
2061 3787 2253 3837 privilegia
2265 3784 2286 3821 a*
2298 3786 2446 3823 Summa

298 3832 532 3888 Pontificibus
545 3835 704 3879 habentes
715 3864 728 3886 2
742 3839 813 3893 five
830 3841 970 3897 expreffe
987 3867 1002 3890 ,
1014 3842 1087 3897 five
1091 3852 1156 3896 per
1171 3843 1264 3882 viam
1277 3842 1588 3881 communicationis
1602 3837 1746 3896 coticeffa
1758 3864 1769 3886 ,
1778 3839 1896 3892 sacros
1912 3838 2074 3879 videlicet
2089 3835 2242 3877 Ordines
2255 3831 2448 3934 eminati?

2341 3893 2356 3917 o
