<?xml version="1.0" encoding="UTF-8"?>
<!DOCTYPE html PUBLIC "-//W3C//DTD XHTML 1.0 Transitional//EN"
    "http://www.w3.org/TR/xhtml1/DTD/xhtml1-transitional.dtd">
<html xmlns="http://www.w3.org/1999/xhtml" xml:lang="en" lang="en">
 <head>
  <title>
</title>
<meta http-equiv="Content-Type" content="text/html;charset=utf-8" />
  <meta name='ocr-system' content='tesseract 3.04.00' />
  <meta name='ocr-capabilities' content='ocr_page ocr_carea ocr_par ocr_line ocrx_word'/>
</head>
<body>
  <div class='ocr_page' id='page_1' title='image "./bullariumordinis01cath_0143.png"; bbox 0 0 2658 4244; ppageno 0'>
   <div class='ocr_carea' id='block_1_1' title="bbox 916 239 1737 330">
    <p class='ocr_par' dir='ltr' id='par_1_1' title="bbox 916 239 1737 330">
     <span class='ocr_line' id='line_1_1' title="bbox 916 239 1737 330; baseline -0.002 -1"><span class='ocrx_word' id='word_1_1' title='bbox 916 239 1076 329; x_wconf 75' lang='lat' dir='ltr'>Sub</span> <span class='ocrx_word' id='word_1_2' title='bbox 1139 241 1459 330; x_wconf 64' lang='lat' dir='ltr'>Urbana</span> <span class='ocrx_word' id='word_1_3' title='bbox 1520 240 1737 330; x_wconf 90' lang='lat' dir='ltr'><em>VIII.</em></span> 
     </span>
    </p>
   </div>
   <div class='ocr_carea' id='block_1_2' title="bbox 248 355 1297 1512">
    <p class='ocr_par' dir='ltr' id='par_1_2' title="bbox 248 355 1297 1512">
     <span class='ocr_line' id='line_1_2' title="bbox 252 355 1293 411; baseline -0.005 -7"><span class='ocrx_word' id='word_1_4' title='bbox 252 361 383 404; x_wconf 83' lang='lat' dir='ltr'>sentes</span> <span class='ocrx_word' id='word_1_5' title='bbox 397 358 536 403; x_wconf 80' lang='lat' dir='ltr'>literas</span> <span class='ocrx_word' id='word_1_6' title='bbox 556 359 710 404; x_wconf 83' lang='lat' dir='ltr'>validas</span> <span class='ocrx_word' id='word_1_7' title='bbox 723 387 738 411; x_wconf 87' lang='lat'>,</span> <span class='ocrx_word' id='word_1_8' title='bbox 763 357 893 400; x_wconf 83' lang='lat' dir='ltr'>firmas</span> <span class='ocrx_word' id='word_1_9' title='bbox 907 387 922 408; x_wconf 91' lang='lat'>‚</span> <span class='ocrx_word' id='word_1_10' title='bbox 948 359 989 398; x_wconf 90' lang='lat'><strong>&amp;</strong></span> <span class='ocrx_word' id='word_1_11' title='bbox 1008 355 1194 398; x_wconf 87' lang='lat' dir='ltr'>efficaces</span> <span class='ocrx_word' id='word_1_12' title='bbox 1203 359 1293 399; x_wconf 81' lang='lat' dir='ltr'>exi-</span> 
     </span>
     <span class='ocr_line' id='line_1_3' title="bbox 253 415 1291 472; baseline -0.004 -10"><span class='ocrx_word' id='word_1_13' title='bbox 253 419 359 462; x_wconf 78' lang='lat' dir='ltr'>stere</span> <span class='ocrx_word' id='word_1_14' title='bbox 371 450 388 470; x_wconf 89' lang='lat'>,</span> <span class='ocrx_word' id='word_1_15' title='bbox 402 421 441 460; x_wconf 89' lang='lat'>&amp;</span> <span class='ocrx_word' id='word_1_16' title='bbox 454 417 538 462; x_wconf 88' lang='lat' dir='ltr'>fore</span> <span class='ocrx_word' id='word_1_17' title='bbox 550 449 564 472; x_wconf 80' lang='lat'>,</span> <span class='ocrx_word' id='word_1_18' title='bbox 579 435 624 462; x_wconf 87' lang='lat' dir='ltr'>ac</span> <span class='ocrx_word' id='word_1_19' title='bbox 639 419 689 462; x_wconf 88' lang='lat' dir='ltr'>ab</span> <span class='ocrx_word' id='word_1_20' title='bbox 702 417 899 466; x_wconf 86' lang='lat' dir='ltr'>omnibus,</span> <span class='ocrx_word' id='word_1_21' title='bbox 910 429 1012 471; x_wconf 88' lang='lat' dir='ltr'>quos</span> <span class='ocrx_word' id='word_1_22' title='bbox 1030 415 1104 457; x_wconf 85' lang='lat' dir='ltr'>illae</span> <span class='ocrx_word' id='word_1_23' title='bbox 1119 429 1291 458; x_wconf 89' lang='lat' dir='ltr'>concer-</span> 
     </span>
     <span class='ocr_line' id='line_1_4' title="bbox 248 474 1297 530; baseline -0.004 -9"><span class='ocrx_word' id='word_1_24' title='bbox 248 488 355 521; x_wconf 53' lang='lat' dir='ltr'>*nent</span> <span class='ocrx_word' id='word_1_25' title='bbox 370 507 383 530; x_wconf 84' lang='lat'>‚</span> <span class='ocrx_word' id='word_1_26' title='bbox 396 478 685 520; x_wconf 86' lang='lat' dir='ltr'>inviolabiliter</span> <span class='ocrx_word' id='word_1_27' title='bbox 699 474 903 519; x_wconf 86' lang='lat' dir='ltr'>observari</span> <span class='ocrx_word' id='word_1_28' title='bbox 925 474 1079 516; x_wconf 87' lang='lat' dir='ltr'>debere</span> <span class='ocrx_word' id='word_1_29' title='bbox 1097 503 1111 523; x_wconf 90' lang='lat'>‚</span> <span class='ocrx_word' id='word_1_30' title='bbox 1139 487 1184 516; x_wconf 90' lang='lat' dir='ltr'>ac</span> <span class='ocrx_word' id='word_1_31' title='bbox 1201 476 1297 517; x_wconf 89' lang='lat' dir='ltr'>irri-</span> 
     </span>
     <span class='ocr_line' id='line_1_5' title="bbox 254 531 1295 592; baseline -0.004 -13"><span class='ocrx_word' id='word_1_32' title='bbox 254 548 344 579; x_wconf 82' lang='lat' dir='ltr'>tum</span> <span class='ocrx_word' id='word_1_33' title='bbox 359 565 374 588; x_wconf 86' lang='lat'><strong>,</strong></span> <span class='ocrx_word' id='word_1_34' title='bbox 400 538 571 580; x_wconf 86' lang='lat' dir='ltr'>&amp;inane</span> <span class='ocrx_word' id='word_1_35' title='bbox 594 563 609 586; x_wconf 82' lang='lat'><strong>,</strong></span> <span class='ocrx_word' id='word_1_36' title='bbox 634 535 659 577; x_wconf 84' lang='lat' dir='ltr'>fi</span> <span class='ocrx_word' id='word_1_37' title='bbox 679 534 773 592; x_wconf 87' lang='lat' dir='ltr'>quid</span> <span class='ocrx_word' id='word_1_38' title='bbox 790 535 904 578; x_wconf 86' lang='lat' dir='ltr'>secus</span> <span class='ocrx_word' id='word_1_39' title='bbox 923 531 1037 588; x_wconf 87' lang='lat' dir='ltr'>super</span> <span class='ocrx_word' id='word_1_40' title='bbox 1055 533 1115 574; x_wconf 89' lang='lat' dir='ltr'>his</span> <span class='ocrx_word' id='word_1_41' title='bbox 1147 534 1168 574; x_wconf 75' lang='grc' dir='ltr'>Ξι</span> <span class='ocrx_word' id='word_1_42' title='bbox 1194 548 1295 590; x_wconf 90' lang='lat' dir='ltr'>quo-</span> 
     </span>
     <span class='ocr_line' id='line_1_6' title="bbox 253 591 1295 651; baseline -0.003 -14"><span class='ocrx_word' id='word_1_43' title='bbox 253 610 373 651; x_wconf 82' lang='lat' dir='ltr'>quam</span> <span class='ocrx_word' id='word_1_44' title='bbox 391 624 406 646; x_wconf 82' lang='lat'>,</span> <span class='ocrx_word' id='word_1_45' title='bbox 430 595 567 651; x_wconf 89' lang='lat' dir='ltr'>quavis</span> <span class='ocrx_word' id='word_1_46' title='bbox 580 594 820 636; x_wconf 64' lang='lat' dir='ltr'>auctoritate</span> <span class='ocrx_word' id='word_1_47' title='bbox 833 622 847 644; x_wconf 89' lang='lat'>‚</span> <span class='ocrx_word' id='word_1_48' title='bbox 871 592 1070 641; x_wconf 88' lang='lat' dir='ltr'>scienter,</span> <span class='ocrx_word' id='word_1_49' title='bbox 1101 591 1165 634; x_wconf 89' lang='lat' dir='ltr'>vel</span> <span class='ocrx_word' id='word_1_50' title='bbox 1184 592 1295 648; x_wconf 86' lang='lat' dir='ltr'>igno-</span> 
     </span>
     <span class='ocr_line' id='line_1_7' title="bbox 253 650 1294 706; baseline -0.003 -11"><span class='ocrx_word' id='word_1_51' title='bbox 253 666 396 696; x_wconf 80' lang='lat' dir='ltr'>ranter</span> <span class='ocrx_word' id='word_1_52' title='bbox 420 653 635 706; x_wconf 88' lang='lat' dir='ltr'>contigerit</span> <span class='ocrx_word' id='word_1_53' title='bbox 661 652 876 693; x_wconf 87' lang='lat' dir='ltr'>attentari.</span> <span class='ocrx_word' id='word_1_54' title='bbox 922 654 1017 694; x_wconf 91' lang='lat' dir='ltr'>Non</span> <span class='ocrx_word' id='word_1_55' title='bbox 1048 650 1294 693; x_wconf 89' lang='lat' dir='ltr'>obstantibus</span> 
     </span>
     <span class='ocr_line' id='line_1_8' title="bbox 254 709 1293 765; baseline -0.002 -12"><span class='ocrx_word' id='word_1_56' title='bbox 254 710 621 755; x_wconf 77' lang='lat' dir='ltr'>constitutionibus</span> <span class='ocrx_word' id='word_1_57' title='bbox 634 739 650 759; x_wconf 86' lang='lat'>,</span> <span class='ocrx_word' id='word_1_58' title='bbox 675 711 716 749; x_wconf 90' lang='lat'>&amp;</span> <span class='ocrx_word' id='word_1_59' title='bbox 741 709 1072 751; x_wconf 88' lang='lat' dir='ltr'>Ordinationibus</span> <span class='ocrx_word' id='word_1_60' title='bbox 1088 709 1293 765; x_wconf 84' lang='lat' dir='ltr'>Apostoli-</span> 
     </span>
     <span class='ocr_line' id='line_1_9' title="bbox 257 766 1292 824; baseline 0 -14"><span class='ocrx_word' id='word_1_61' title='bbox 257 771 340 822; x_wconf 87' lang='lat' dir='ltr'>cis,</span> <span class='ocrx_word' id='word_1_62' title='bbox 369 783 413 811; x_wconf 88' lang='lat' dir='ltr'>ac</span> <span class='ocrx_word' id='word_1_63' title='bbox 435 767 598 811; x_wconf 80' lang='lat' dir='ltr'>Ordinis</span> <span class='ocrx_word' id='word_1_64' title='bbox 615 797 630 818; x_wconf 87' lang='lat'><em>‚</em></span> <span class='ocrx_word' id='word_1_65' title='bbox 653 769 693 808; x_wconf 72' lang='grc' dir='ltr'>ἃ.</span> <span class='ocrx_word' id='word_1_66' title='bbox 715 768 1018 811; x_wconf 87' lang='lat' dir='ltr'>Provinciarum</span> <span class='ocrx_word' id='word_1_67' title='bbox 1037 766 1261 824; x_wconf 83' lang='lat' dir='ltr'>hujusmodi</span> <span class='ocrx_word' id='word_1_68' title='bbox 1277 798 1292 819; x_wconf 87' lang='lat'>‚</span> 
     </span>
     <span class='ocr_line' id='line_1_10' title="bbox 254 824 1293 882; baseline -0.001 -11"><span class='ocrx_word' id='word_1_69' title='bbox 254 828 380 871; x_wconf 82' lang='lat' dir='ltr'>etiam</span> <span class='ocrx_word' id='word_1_70' title='bbox 405 825 660 881; x_wconf 78' lang='lat' dir='ltr'>juramento,</span> <span class='ocrx_word' id='word_1_71' title='bbox 692 824 1006 870; x_wconf 84' lang='lat' dir='ltr'>confirmatione</span> <span class='ocrx_word' id='word_1_72' title='bbox 1034 826 1293 882; x_wconf 89' lang='lat' dir='ltr'>Apostolica,</span> 
     </span>
     <span class='ocr_line' id='line_1_11' title="bbox 253 882 1293 938; baseline 0.001 -12"><span class='ocrx_word' id='word_1_73' title='bbox 253 884 323 926; x_wconf 79' lang='lat' dir='ltr'>vel</span> <span class='ocrx_word' id='word_1_74' title='bbox 340 885 416 927; x_wconf 89' lang='lat' dir='ltr'>alia</span> <span class='ocrx_word' id='word_1_75' title='bbox 433 885 575 938; x_wconf 87' lang='lat' dir='ltr'>quavis</span> <span class='ocrx_word' id='word_1_76' title='bbox 597 882 790 927; x_wconf 86' lang='lat' dir='ltr'>firmitate</span> <span class='ocrx_word' id='word_1_77' title='bbox 818 885 1021 928; x_wconf 88' lang='lat' dir='ltr'>roboratis</span> <span class='ocrx_word' id='word_1_78' title='bbox 1045 886 1223 938; x_wconf 62' lang='lat' dir='ltr'>statum,</span> <span class='ocrx_word' id='word_1_79' title='bbox 1254 887 1293 927; x_wconf 72' lang='grc' dir='ltr'>δε</span> 
     </span>
     <span class='ocr_line' id='line_1_12' title="bbox 248 942 1294 1001; baseline 0.001 -16"><span class='ocrx_word' id='word_1_80' title='bbox 248 942 613 985; x_wconf 75' lang='lat' dir='ltr'>consuetudinibus</span> <span class='ocrx_word' id='word_1_81' title='bbox 642 971 656 993; x_wconf 83' lang='lat'>‚</span> <span class='ocrx_word' id='word_1_82' title='bbox 693 943 927 1001; x_wconf 85' lang='lat' dir='ltr'>caeterisque</span> <span class='ocrx_word' id='word_1_83' title='bbox 962 946 1174 986; x_wconf 86' lang='lat' dir='ltr'>contrariis</span> <span class='ocrx_word' id='word_1_84' title='bbox 1204 945 1294 1000; x_wconf 91' lang='lat' dir='ltr'>qui-</span> 
     </span>
     <span class='ocr_line' id='line_1_13' title="bbox 255 999 1292 1059; baseline 0.002 -16"><span class='ocrx_word' id='word_1_85' title='bbox 255 999 508 1056; x_wconf 89' lang='lat' dir='ltr'>buscunque.</span> <span class='ocrx_word' id='word_1_86' title='bbox 558 1001 758 1044; x_wconf 89' lang='lat' dir='ltr'>Volumus</span> <span class='ocrx_word' id='word_1_87' title='bbox 780 1014 914 1044; x_wconf 89' lang='lat' dir='ltr'>autem</span> <span class='ocrx_word' id='word_1_88' title='bbox 929 1031 943 1054; x_wconf 84' lang='lat'>,</span> <span class='ocrx_word' id='word_1_89' title='bbox 977 1012 1019 1044; x_wconf 90' lang='lat' dir='ltr'>ut</span> <span class='ocrx_word' id='word_1_90' title='bbox 1041 1002 1292 1059; x_wconf 66' lang='lat' dir='ltr'>praesentium</span> 
     </span>
     <span class='ocr_line' id='line_1_14' title="bbox 253 1059 1293 1117; baseline 0.002 -16"><span class='ocrx_word' id='word_1_91' title='bbox 253 1059 525 1114; x_wconf 79' lang='lat' dir='ltr'>transumptis,</span> <span class='ocrx_word' id='word_1_92' title='bbox 541 1061 663 1103; x_wconf 83' lang='lat' dir='ltr'>etiam</span> <span class='ocrx_word' id='word_1_93' title='bbox 678 1061 1010 1115; x_wconf 72' lang='lat' dir='ltr'>impreffi3,manu</span> <span class='ocrx_word' id='word_1_94' title='bbox 1026 1061 1187 1117; x_wconf 83' lang='lat' dir='ltr'>alicujus</span> <span class='ocrx_word' id='word_1_95' title='bbox 1206 1066 1293 1105; x_wconf 90' lang='lat' dir='ltr'>No-</span> 
     </span>
     <span class='ocr_line' id='line_1_15' title="bbox 255 1117 1290 1175; baseline 0.003 -17"><span class='ocrx_word' id='word_1_96' title='bbox 255 1118 344 1160; x_wconf 80' lang='lat' dir='ltr'>tarii</span> <span class='ocrx_word' id='word_1_97' title='bbox 361 1117 512 1174; x_wconf 84' lang='lat' dir='ltr'>publici</span> <span class='ocrx_word' id='word_1_98' title='bbox 527 1118 750 1173; x_wconf 86' lang='lat' dir='ltr'>subscriptis</span> <span class='ocrx_word' id='word_1_99' title='bbox 771 1147 785 1170; x_wconf 81' lang='lat'>,</span> <span class='ocrx_word' id='word_1_100' title='bbox 811 1123 849 1162; x_wconf 89' lang='lat'>&amp;</span> <span class='ocrx_word' id='word_1_101' title='bbox 871 1119 1000 1175; x_wconf 72' lang='lat' dir='ltr'>tigillo</span> <span class='ocrx_word' id='word_1_102' title='bbox 1025 1120 1221 1174; x_wconf 84' lang='lat' dir='ltr'>personae,</span> <span class='ocrx_word' id='word_1_103' title='bbox 1251 1121 1290 1162; x_wconf 84' lang='lat' dir='ltr'>in</span> 
     </span>
     <span class='ocr_line' id='line_1_16' title="bbox 258 1176 1290 1232; baseline 0.003 -14"><span class='ocrx_word' id='word_1_104' title='bbox 258 1176 461 1232; x_wconf 84' lang='lat' dir='ltr'>dignitate</span> <span class='ocrx_word' id='word_1_105' title='bbox 484 1178 753 1219; x_wconf 83' lang='lat' dir='ltr'>Ecclefiastica</span> <span class='ocrx_word' id='word_1_106' title='bbox 786 1179 1009 1221; x_wconf 88' lang='lat' dir='ltr'>constitutae</span> <span class='ocrx_word' id='word_1_107' title='bbox 1031 1180 1191 1221; x_wconf 90' lang='lat' dir='ltr'>munitis</span> <span class='ocrx_word' id='word_1_108' title='bbox 1223 1193 1290 1221; x_wconf 87' lang='lat' dir='ltr'>ea·</span> 
     </span>
     <span class='ocr_line' id='line_1_17' title="bbox 254 1233 1286 1293; baseline 0.002 -17"><span class='ocrx_word' id='word_1_109' title='bbox 254 1235 349 1276; x_wconf 83' lang='lat' dir='ltr'>dem</span> <span class='ocrx_word' id='word_1_110' title='bbox 362 1233 518 1290; x_wconf 85' lang='lat' dir='ltr'>prorsus</span> <span class='ocrx_word' id='word_1_111' title='bbox 537 1236 685 1290; x_wconf 88' lang='lat' dir='ltr'>ubique</span> <span class='ocrx_word' id='word_1_112' title='bbox 702 1235 801 1278; x_wconf 87' lang='lat' dir='ltr'>fides</span> <span class='ocrx_word' id='word_1_113' title='bbox 818 1237 1060 1279; x_wconf 84' lang='lat' dir='ltr'>adhibeatur</span> <span class='ocrx_word' id='word_1_114' title='bbox 1073 1268 1088 1288; x_wconf 87' lang='lat'>‚</span> <span class='ocrx_word' id='word_1_115' title='bbox 1100 1251 1187 1292; x_wconf 86' lang='lat' dir='ltr'>quae</span> <span class='ocrx_word' id='word_1_116' title='bbox 1202 1237 1286 1293; x_wconf 88' lang='lat' dir='ltr'>ipsis</span> 
     </span>
     <span class='ocr_line' id='line_1_18' title="bbox 253 1291 1286 1351; baseline 0.003 -17"><span class='ocrx_word' id='word_1_117' title='bbox 253 1291 510 1349; x_wconf 69' lang='lat' dir='ltr'>praesentibus</span> <span class='ocrx_word' id='word_1_118' title='bbox 524 1294 570 1335; x_wconf 92' lang='lat' dir='ltr'>ad</span> <span class='ocrx_word' id='word_1_119' title='bbox 579 1294 803 1346; x_wconf 79' lang='lat' dir='ltr'>biberetur,</span> <span class='ocrx_word' id='word_1_120' title='bbox 816 1294 840 1336; x_wconf 85' lang='lat' dir='ltr'>fi</span> <span class='ocrx_word' id='word_1_121' title='bbox 857 1293 989 1336; x_wconf 83' lang='lat' dir='ltr'>forent</span> <span class='ocrx_word' id='word_1_122' title='bbox 1005 1297 1202 1351; x_wconf 65' lang='lat' dir='ltr'>exhibite,</span> <span class='ocrx_word' id='word_1_123' title='bbox 1220 1295 1286 1337; x_wconf 90' lang='lat' dir='ltr'>vel</span> 
     </span>
     <span class='ocr_line' id='line_1_19' title="bbox 253 1350 1289 1406; baseline 0.003 -14"><span class='ocrx_word' id='word_1_124' title='bbox 253 1350 414 1393; x_wconf 71' lang='lat' dir='ltr'>ostensae</span> <span class='ocrx_word' id='word_1_125' title='bbox 428 1380 440 1391; x_wconf 89' lang='lat'>.</span> <span class='ocrx_word' id='word_1_126' title='bbox 488 1353 638 1394; x_wconf 91' lang='lat' dir='ltr'>Datum</span> <span class='ocrx_word' id='word_1_127' title='bbox 680 1355 816 1394; x_wconf 83' lang='lat' dir='ltr'>Romae</span> <span class='ocrx_word' id='word_1_128' title='bbox 852 1353 957 1406; x_wconf 89' lang='lat' dir='ltr'>apud</span> <span class='ocrx_word' id='word_1_129' title='bbox 986 1355 1168 1395; x_wconf 63' lang='lat' dir='ltr'>Sanfitam</span> <span class='ocrx_word' id='word_1_130' title='bbox 1199 1356 1289 1395; x_wconf 90' lang='lat' dir='ltr'>Ma-</span> 
     </span>
     <span class='ocr_line' id='line_1_20' title="bbox 254 1407 1288 1464; baseline 0.002 -14"><span class='ocrx_word' id='word_1_131' title='bbox 254 1410 356 1450; x_wconf 81' lang='lat' dir='ltr'>riam</span> <span class='ocrx_word' id='word_1_132' title='bbox 370 1407 565 1464; x_wconf 84' lang='lat' dir='ltr'>Majorem</span> <span class='ocrx_word' id='word_1_133' title='bbox 580 1409 647 1450; x_wconf 89' lang='lat' dir='ltr'>sub</span> <span class='ocrx_word' id='word_1_134' title='bbox 662 1411 820 1452; x_wconf 87' lang='lat' dir='ltr'>Annulo</span> <span class='ocrx_word' id='word_1_135' title='bbox 835 1411 1050 1453; x_wconf 81' lang='lat' dir='ltr'>Piscatoris</span> <span class='ocrx_word' id='word_1_136' title='bbox 1069 1412 1143 1452; x_wconf 84' lang='lat' dir='ltr'>Die</span> <span class='ocrx_word' id='word_1_137' title='bbox 1161 1425 1211 1454; x_wconf 81' lang='lat' dir='ltr'>vi</span> <span class='ocrx_word' id='word_1_138' title='bbox 1228 1425 1288 1452; x_wconf 86' lang='lat'>11.</span> 
     </span>
     <span class='ocr_line' id='line_1_21' title="bbox 253 1467 1288 1512; baseline 0.004 -5"><span class='ocrx_word' id='word_1_139' title='bbox 253 1467 443 1509; x_wconf 69' lang='lat' dir='ltr'>Octobris</span> <span class='ocrx_word' id='word_1_140' title='bbox 470 1481 682 1510; x_wconf 75' lang='lat' dir='ltr'>mncxxxt.</span> <span class='ocrx_word' id='word_1_141' title='bbox 706 1467 971 1511; x_wconf 83' lang='lat' dir='ltr'>Pontificatus</span> <span class='ocrx_word' id='word_1_142' title='bbox 999 1469 1134 1511; x_wconf 85' lang='lat' dir='ltr'>Nostri</span> <span class='ocrx_word' id='word_1_143' title='bbox 1163 1469 1288 1512; x_wconf 92' lang='lat' dir='ltr'>Anno</span> 
     </span>
    </p>
   </div>
   <div class='ocr_carea' id='block_1_3' title="bbox 252 1526 1174 1628">
    <p class='ocr_par' dir='ltr' id='par_1_3' title="bbox 252 1526 1174 1628">
     <span class='ocr_line' id='line_1_22' title="bbox 252 1526 399 1568; baseline 0.007 -1"><span class='ocrx_word' id='word_1_144' title='bbox 252 1526 399 1568; x_wconf 85' lang='lat' dir='ltr'>Nono.</span> 
     </span>
     <span class='ocr_line' id='line_1_23' title="bbox 768 1585 1174 1628; baseline -0.002 0"><span class='ocrx_word' id='word_1_145' title='bbox 768 1588 829 1628; x_wconf 88' lang='lat' dir='ltr'>M.</span> <span class='ocrx_word' id='word_1_146' title='bbox 861 1587 913 1627; x_wconf 83' lang='lat' dir='ltr'>A.</span> <span class='ocrx_word' id='word_1_147' title='bbox 943 1585 1148 1628; x_wconf 68' lang='lat' dir='ltr'>Mai-aldus</span> <span class='ocrx_word' id='word_1_148' title='bbox 1161 1614 1174 1627; x_wconf 89' lang='lat'><strong>.</strong></span> 
     </span>
    </p>
   </div>
   <div class='ocr_carea' id='block_1_4' title="bbox 312 1701 1290 1929">
    <p class='ocr_par' dir='ltr' id='par_1_4' title="bbox 312 1701 1290 1929">
     <span class='ocr_line' id='line_1_24' title="bbox 312 1701 1290 1756; baseline 0 -13"><span class='ocrx_word' id='word_1_149' title='bbox 312 1701 612 1756; x_wconf 82' lang='lat' dir='ltr'>Autographum</span> <span class='ocrx_word' id='word_1_150' title='bbox 641 1703 683 1740; x_wconf 69' lang='lat' dir='ltr'>in</span> <span class='ocrx_word' id='word_1_151' title='bbox 724 1701 885 1742; x_wconf 76' lang='lat' dir='ltr'>Archiv.</span> <span class='ocrx_word' id='word_1_152' title='bbox 926 1705 1067 1743; x_wconf 79' lang='lat' dir='ltr'>secret.</span> <span class='ocrx_word' id='word_1_153' title='bbox 1106 1704 1290 1745; x_wconf 79' lang='lat' dir='ltr'>Brevium</span> 
     </span>
     <span class='ocr_line' id='line_1_25' title="bbox 368 1757 1288 1816; baseline 0.002 -15"><span class='ocrx_word' id='word_1_154' title='bbox 368 1758 499 1814; x_wconf 82' lang='lat' dir='ltr'>Apost.</span> <span class='ocrx_word' id='word_1_155' title='bbox 518 1762 612 1813; x_wconf 87' lang='lat' dir='ltr'>Reg.</span> <span class='ocrx_word' id='word_1_156' title='bbox 630 1757 757 1815; x_wconf 59' lang='lat' dir='ltr'>Mens:</span> <span class='ocrx_word' id='word_1_157' title='bbox 775 1757 858 1799; x_wconf 71' lang='grc' dir='ltr'>Οὲἴ.</span> <span class='ocrx_word' id='word_1_158' title='bbox 883 1760 1090 1816; x_wconf 77' lang='lat' dir='ltr'><em>1631.s01.</em></span> <span class='ocrx_word' id='word_1_159' title='bbox 1110 1760 1176 1814; x_wconf 83' lang='lat'>36.</span> <span class='ocrx_word' id='word_1_160' title='bbox 1195 1760 1288 1803; x_wconf 50' lang='lat' dir='ltr'>de,</span> 
     </span>
     <span class='ocr_line' id='line_1_26' title="bbox 367 1815 1289 1872; baseline 0.001 -14"><span class='ocrx_word' id='word_1_161' title='bbox 367 1830 443 1871; x_wconf 85' lang='lat' dir='ltr'>quo</span> <span class='ocrx_word' id='word_1_162' title='bbox 466 1820 586 1859; x_wconf 80' lang='lat' dir='ltr'><em>Breve</em></span> <span class='ocrx_word' id='word_1_163' title='bbox 607 1815 831 1872; x_wconf 79' lang='lat' dir='ltr'>formatum</span> <span class='ocrx_word' id='word_1_164' title='bbox 854 1821 897 1858; x_wconf 83' lang='lat' dir='ltr'>in</span> <span class='ocrx_word' id='word_1_165' title='bbox 912 1817 1035 1861; x_wconf 83' lang='lat' dir='ltr'>Arcb.</span> <span class='ocrx_word' id='word_1_166' title='bbox 1043 1831 1177 1872; x_wconf 85' lang='lat' dir='ltr'>gener.</span> <span class='ocrx_word' id='word_1_167' title='bbox 1195 1819 1289 1861; x_wconf 83' lang='lat' dir='ltr'>Ord.</span> 
     </span>
     <span class='ocr_line' id='line_1_27' title="bbox 373 1876 760 1929; baseline -0.005 -11"><span class='ocrx_word' id='word_1_168' title='bbox 373 1878 478 1918; x_wconf 73' lang='lat' dir='ltr'>Tam.</span> <span class='ocrx_word' id='word_1_169' title='bbox 493 1878 548 1918; x_wconf 92' lang='lat' dir='ltr'>H.</span> <span class='ocrx_word' id='word_1_170' title='bbox 562 1888 671 1917; x_wconf 78' lang='lat' dir='ltr'>num.</span> <span class='ocrx_word' id='word_1_171' title='bbox 694 1876 760 1929; x_wconf 88' lang='lat'>84.</span> 
     </span>
    </p>
   </div>
   <div class='ocr_carea' id='block_1_5' title="bbox 1027 2015 1259 2030">
    <p class='ocr_par' dir='ltr' id='par_1_5' title="bbox 1027 2015 1259 2030">
     <span class='ocr_line' id='line_1_28' title="bbox 1027 2015 1259 2030; baseline 0 -1"><span class='ocrx_word' id='word_1_172' title='bbox 1027 2015 1259 2030; x_wconf 52' lang='lat'>——*</span> 
     </span>
    </p>
   </div>
   <div class='ocr_carea' id='block_1_6' title="bbox 252 2108 1288 2249">
    <p class='ocr_par' dir='ltr' id='par_1_6' title="bbox 252 2108 1288 2249">
     <span class='ocr_line' id='line_1_29' title="bbox 252 2108 1288 2176; baseline 0.001 -17"><span class='ocrx_word' id='word_1_173' title='bbox 252 2108 483 2160; x_wconf 63' lang='lat' dir='ltr'>Defunfio</span> <span class='ocrx_word' id='word_1_174' title='bbox 518 2114 569 2160; x_wconf 92' lang='grc' dir='ltr'>Ρ.</span> <span class='ocrx_word' id='word_1_175' title='bbox 601 2111 898 2176; x_wconf 84' lang='lat' dir='ltr'>Hieronymo</span> <span class='ocrx_word' id='word_1_176' title='bbox 925 2113 999 2172; x_wconf 86' lang='lat'>(*)</span> <span class='ocrx_word' id='word_1_177' title='bbox 1026 2111 1052 2159; x_wconf 75' lang='grc' dir='ltr'>ὲ</span> <span class='ocrx_word' id='word_1_178' title='bbox 1082 2114 1255 2161; x_wconf 86' lang='lat' dir='ltr'>Narnia</span> <span class='ocrx_word' id='word_1_179' title='bbox 1272 2148 1288 2170; x_wconf 92' lang='lat'>,</span> 
     </span>
     <span class='ocr_line' id='line_1_30' title="bbox 283 2178 1288 2249; baseline -0.002 -17"><span class='ocrx_word' id='word_1_180' title='bbox 283 2185 335 2232; x_wconf 87' lang='lat' dir='ltr'>P.</span> <span class='ocrx_word' id='word_1_181' title='bbox 355 2178 643 2230; x_wconf 83' lang='lat' dir='ltr'>Franciscum</span> <span class='ocrx_word' id='word_1_182' title='bbox 657 2182 758 2242; x_wconf 85' lang='lat'>(**)</span> <span class='ocrx_word' id='word_1_183' title='bbox 770 2182 950 2249; x_wconf 55' lang='lat' dir='ltr'>&amp;janua</span> <span class='ocrx_word' id='word_1_184' title='bbox 966 2218 980 2239; x_wconf 92' lang='lat'>‚</span> <span class='ocrx_word' id='word_1_185' title='bbox 997 2185 1127 2231; x_wconf 78' lang='lat' dir='ltr'>ProC.</span> <span class='ocrx_word' id='word_1_186' title='bbox 1144 2186 1288 2232; x_wconf 88' lang='lat' dir='ltr'>Gene-</span> 
     </span>
    </p>
   </div>
   <div class='ocr_carea' id='block_1_7' title="bbox 284 2248 1295 2309">
    <p class='ocr_par' dir='ltr' id='par_1_7' title="bbox 284 2248 1295 2309">
     <span class='ocr_line' id='line_1_31' title="bbox 284 2248 1295 2309; baseline 0.003 -9"><span class='ocrx_word' id='word_1_187' title='bbox 284 2252 426 2300; x_wconf 81' lang='lat' dir='ltr'>ralem</span> <span class='ocrx_word' id='word_1_188' title='bbox 441 2249 632 2301; x_wconf 84' lang='lat' dir='ltr'>Ordinis</span> <span class='ocrx_word' id='word_1_189' title='bbox 650 2287 665 2309; x_wconf 94' lang='lat'>,</span> <span class='ocrx_word' id='word_1_190' title='bbox 691 2248 824 2300; x_wconf 89' lang='lat' dir='ltr'>fimul</span> <span class='ocrx_word' id='word_1_191' title='bbox 854 2253 898 2300; x_wconf 90' lang='lat' dir='ltr'>in</span> <span class='ocrx_word' id='word_1_192' title='bbox 927 2251 1188 2303; x_wconf 77' lang='lat' dir='ltr'>Vicariati&#39;is</span> <span class='ocrx_word' id='word_1_193' title='bbox 1206 2256 1295 2303; x_wconf 80' lang='lat' dir='ltr'>Ge-</span> 
     </span>
    </p>
   </div>
   <div class='ocr_carea' id='block_1_8' title="bbox 287 2318 916 2371">
    <p class='ocr_par' dir='ltr' id='par_1_8' title="bbox 287 2318 916 2371">
     <span class='ocr_line' id='line_1_32' title="bbox 287 2318 916 2371; baseline 0.002 -1"><span class='ocrx_word' id='word_1_194' title='bbox 287 2322 448 2371; x_wconf 87' lang='lat' dir='ltr'>neralis</span> <span class='ocrx_word' id='word_1_195' title='bbox 468 2318 644 2371; x_wconf 84' lang='lat' dir='ltr'>Officio</span> <span class='ocrx_word' id='word_1_196' title='bbox 660 2318 888 2371; x_wconf 88' lang='lat' dir='ltr'>substituit</span> <span class='ocrx_word' id='word_1_197' title='bbox 902 2358 916 2371; x_wconf 90' lang='lat'><strong>.</strong></span> 
     </span>
    </p>
   </div>
   <div class='ocr_carea' id='block_1_9' title="bbox 250 2459 1285 2573">
    <p class='ocr_par' dir='ltr' id='par_1_9' title="bbox 250 2459 1285 2573">
     <span class='ocr_line' id='line_1_33' title="bbox 250 2459 1285 2519; baseline 0.002 -17"><span class='ocrx_word' id='word_1_198' title='bbox 250 2460 289 2502; x_wconf 80' lang='lat' dir='ltr'>A</span> <span class='ocrx_word' id='word_1_199' title='bbox 310 2467 454 2518; x_wconf 87' lang='lat' dir='ltr'>tergo.</span> <span class='ocrx_word' id='word_1_200' title='bbox 515 2459 671 2502; x_wconf 51' lang='lat' dir='ltr'>Diti-Ha</span> <span class='ocrx_word' id='word_1_201' title='bbox 703 2462 805 2503; x_wconf 77' lang='lat' dir='ltr'>Filio</span> <span class='ocrx_word' id='word_1_202' title='bbox 835 2462 1040 2519; x_wconf 81' lang='lat' dir='ltr'>Francifio</span> <span class='ocrx_word' id='word_1_203' title='bbox 1059 2464 1086 2505; x_wconf 75' lang='grc' dir='ltr'><em>ἃ</em></span> <span class='ocrx_word' id='word_1_204' title='bbox 1105 2467 1285 2506; x_wconf 58' lang='grc' dir='ltr'>(ἕσται-,ε</span> 
     </span>
     <span class='ocr_line' id='line_1_34' title="bbox 409 2517 1130 2573; baseline 0.006 -15"><span class='ocrx_word' id='word_1_205' title='bbox 409 2517 566 2559; x_wconf 78' lang='lat' dir='ltr'>Ordinis</span> <span class='ocrx_word' id='word_1_206' title='bbox 597 2521 791 2562; x_wconf 83' lang='lat' dir='ltr'>Fratrum</span> <span class='ocrx_word' id='word_1_207' title='bbox 824 2523 1130 2573; x_wconf 77' lang='lat' dir='ltr'>Capucinorum.</span> 
     </span>
    </p>
   </div>
   <div class='ocr_carea' id='block_1_10' title="bbox 315 2623 1216 2689">
    <p class='ocr_par' dir='ltr' id='par_1_10' title="bbox 315 2623 1216 2689">
     <span class='ocr_line' id='line_1_35' title="bbox 315 2623 1216 2689; baseline -0.002 0"><span class='ocrx_word' id='word_1_208' title='bbox 315 2623 731 2689; x_wconf 83' lang='lat' dir='ltr'>URBANUS</span> <span class='ocrx_word' id='word_1_209' title='bbox 772 2637 982 2686; x_wconf 88' lang='lat' dir='ltr'>PAPA</span> <span class='ocrx_word' id='word_1_210' title='bbox 1020 2640 1216 2689; x_wconf 85' lang='lat' dir='ltr'>v111.</span> 
     </span>
    </p>
   </div>
   <div class='ocr_carea' id='block_1_11' title="bbox 426 2751 1116 2806">
    <p class='ocr_par' dir='ltr' id='par_1_11' title="bbox 426 2751 1116 2806">
     <span class='ocr_line' id='line_1_36' title="bbox 426 2751 1116 2806; baseline 0.007 -14"><span class='ocrx_word' id='word_1_211' title='bbox 426 2751 497 2793; x_wconf 81' lang='lat' dir='ltr'>Ad</span> <span class='ocrx_word' id='word_1_212' title='bbox 512 2760 744 2806; x_wconf 81' lang='lat' dir='ltr'>perpetuam</span> <span class='ocrx_word' id='word_1_213' title='bbox 774 2757 836 2795; x_wconf 77' lang='lat' dir='ltr'>rei</span> <span class='ocrx_word' id='word_1_214' title='bbox 864 2758 1089 2797; x_wconf 74' lang='lat' dir='ltr'>memon&#39;am</span> <span class='ocrx_word' id='word_1_215' title='bbox 1104 2784 1116 2796; x_wconf 91' lang='lat'>.</span> 
     </span>
    </p>
   </div>
   <div class='ocr_carea' id='block_1_12' title="bbox 247 2867 1289 3511">
    <p class='ocr_par' dir='ltr' id='par_1_12' title="bbox 385 2867 1287 2925">
     <span class='ocr_line' id='line_1_37' title="bbox 385 2867 1287 2925; baseline 0.004 -16"><span class='ocrx_word' id='word_1_216' title='bbox 385 2867 511 2910; x_wconf 63' lang='lat' dir='ltr'>neae</span> <span class='ocrx_word' id='word_1_217' title='bbox 538 2868 614 2910; x_wconf 92' lang='lat' dir='ltr'>Fili</span> <span class='ocrx_word' id='word_1_218' title='bbox 642 2869 819 2912; x_wconf 84' lang='lat' dir='ltr'>Salutem</span> <span class='ocrx_word' id='word_1_219' title='bbox 834 2900 850 2921; x_wconf 91' lang='lat'>‚</span> <span class='ocrx_word' id='word_1_220' title='bbox 877 2870 1201 2925; x_wconf 86' lang='lat' dir='ltr'>&amp;Apostolicam</span> <span class='ocrx_word' id='word_1_221' title='bbox 1215 2872 1287 2913; x_wconf 92' lang='lat' dir='ltr'>be-</span> 
     </span>
    </p>

    <p class='ocr_par' dir='ltr' id='par_1_13' title="bbox 247 2926 1289 3511">
     <span class='ocr_line' id='line_1_38' title="bbox 403 2926 1286 2984; baseline 0.003 -16"><span class='ocrx_word' id='word_1_222' title='bbox 403 2926 669 2969; x_wconf 67' lang='lat' dir='ltr'>nedietionem</span> <span class='ocrx_word' id='word_1_223' title='bbox 687 2957 699 2968; x_wconf 90' lang='lat'><strong><em>.</em></strong></span> <span class='ocrx_word' id='word_1_224' title='bbox 743 2931 847 2971; x_wconf 91' lang='lat' dir='ltr'>Cum</span> <span class='ocrx_word' id='word_1_225' title='bbox 864 2957 877 2979; x_wconf 87' lang='lat'>,</span> <span class='ocrx_word' id='word_1_226' title='bbox 910 2932 1008 2970; x_wconf 82' lang='lat' dir='ltr'>sicut</span> <span class='ocrx_word' id='word_1_227' title='bbox 1027 2931 1255 2984; x_wconf 85' lang='lat' dir='ltr'>accepimus</span> <span class='ocrx_word' id='word_1_228' title='bbox 1272 2959 1286 2979; x_wconf 87' lang='lat'>,</span> 
     </span>
     <span class='ocr_line' id='line_1_39' title="bbox 251 2986 1289 3041; baseline 0.006 -17"><span class='ocrx_word' id='word_1_229' title='bbox 251 2986 437 3038; x_wconf 88' lang='lat' dir='ltr'>quoniam</span> <span class='ocrx_word' id='word_1_230' title='bbox 452 2987 729 3041; x_wconf 90' lang='lat' dir='ltr'>Hieronymus</span> <span class='ocrx_word' id='word_1_231' title='bbox 746 2986 765 3027; x_wconf 69' lang='lat' dir='ltr'>a</span> <span class='ocrx_word' id='word_1_232' title='bbox 784 2988 932 3029; x_wconf 88' lang='lat' dir='ltr'>Narnia</span> <span class='ocrx_word' id='word_1_233' title='bbox 952 2988 1134 3030; x_wconf 89' lang='lat' dir='ltr'>Vicarius</span> <span class='ocrx_word' id='word_1_234' title='bbox 1149 2992 1289 3030; x_wconf 88' lang='lat' dir='ltr'>Gene-</span> 
     </span>
     <span class='ocr_line' id='line_1_40' title="bbox 249 3041 1287 3095; baseline 0.004 -13"><span class='ocrx_word' id='word_1_235' title='bbox 249 3041 377 3093; x_wconf 84' lang='lat' dir='ltr'>ralis,</span> <span class='ocrx_word' id='word_1_236' title='bbox 406 3042 501 3084; x_wconf 87' lang='lat' dir='ltr'>dum</span> <span class='ocrx_word' id='word_1_237' title='bbox 519 3045 644 3095; x_wconf 85' lang='lat' dir='ltr'>vixit,</span> <span class='ocrx_word' id='word_1_238' title='bbox 683 3046 868 3086; x_wconf 87' lang='lat' dir='ltr'>Fratrum</span> <span class='ocrx_word' id='word_1_239' title='bbox 890 3045 1054 3088; x_wconf 89' lang='lat' dir='ltr'>Ordinis</span> <span class='ocrx_word' id='word_1_240' title='bbox 1088 3047 1287 3089; x_wconf 88' lang='lat' dir='ltr'>Minorum</span> 
     </span>
     <span class='ocr_line' id='line_1_41' title="bbox 247 3102 1287 3160; baseline 0.003 -17"><span class='ocrx_word' id='word_1_241' title='bbox 247 3102 382 3143; x_wconf 73' lang='lat' dir='ltr'>Sanffl</span> <span class='ocrx_word' id='word_1_242' title='bbox 396 3103 594 3145; x_wconf 87' lang='lat' dir='ltr'>Francisci</span> <span class='ocrx_word' id='word_1_243' title='bbox 616 3104 922 3157; x_wconf 90' lang='lat' dir='ltr'>Capucinorum</span> <span class='ocrx_word' id='word_1_244' title='bbox 938 3116 1256 3160; x_wconf 87' lang='lat' dir='ltr'>nuncupatorum</span> <span class='ocrx_word' id='word_1_245' title='bbox 1273 3133 1287 3155; x_wconf 84' lang='lat'>,</span> 
     </span>
     <span class='ocr_line' id='line_1_42' title="bbox 249 3155 1287 3217; baseline 0.004 -18"><span class='ocrx_word' id='word_1_246' title='bbox 249 3171 377 3214; x_wconf 88' lang='lat' dir='ltr'>nuper</span> <span class='ocrx_word' id='word_1_247' title='bbox 391 3160 495 3214; x_wconf 92' lang='lat' dir='ltr'>apud</span> <span class='ocrx_word' id='word_1_248' title='bbox 510 3160 659 3204; x_wconf 86' lang='lat' dir='ltr'>Sedem</span> <span class='ocrx_word' id='word_1_249' title='bbox 682 3162 953 3217; x_wconf 88' lang='lat' dir='ltr'>Apostolicam</span> <span class='ocrx_word' id='word_1_250' title='bbox 969 3162 1080 3204; x_wconf 91' lang='lat' dir='ltr'>diem</span> <span class='ocrx_word' id='word_1_251' title='bbox 1102 3166 1191 3206; x_wconf 88' lang='lat' dir='ltr'>vitae</span> <span class='ocrx_word' id='word_1_252' title='bbox 1214 3155 1287 3204; x_wconf 73' lang='lat' dir='ltr'>ex·-</span> 
     </span>
     <span class='ocr_line' id='line_1_43' title="bbox 249 3219 1287 3276; baseline 0.006 -20"><span class='ocrx_word' id='word_1_253' title='bbox 249 3226 421 3260; x_wconf 82' lang='lat' dir='ltr'>tremum</span> <span class='ocrx_word' id='word_1_254' title='bbox 436 3219 615 3270; x_wconf 81' lang='lat' dir='ltr'>obierit,</span> <span class='ocrx_word' id='word_1_255' title='bbox 645 3223 729 3263; x_wconf 93' lang='lat' dir='ltr'>Nos</span> <span class='ocrx_word' id='word_1_256' title='bbox 744 3235 819 3276; x_wconf 91' lang='lat' dir='ltr'>pro</span> <span class='ocrx_word' id='word_1_257' title='bbox 835 3222 955 3262; x_wconf 88' lang='lat' dir='ltr'>nostri</span> <span class='ocrx_word' id='word_1_258' title='bbox 973 3222 1182 3264; x_wconf 78' lang='lat' dir='ltr'>pastoralis</span> <span class='ocrx_word' id='word_1_259' title='bbox 1212 3219 1287 3263; x_wconf 87' lang='lat' dir='ltr'>Of-</span> 
     </span>
     <span class='ocr_line' id='line_1_44' title="bbox 247 3273 1285 3335; baseline 0.006 -19"><span class='ocrx_word' id='word_1_260' title='bbox 247 3273 324 3317; x_wconf 82' lang='lat' dir='ltr'>ficii</span> <span class='ocrx_word' id='word_1_261' title='bbox 354 3275 496 3318; x_wconf 90' lang='lat' dir='ltr'>debito</span> <span class='ocrx_word' id='word_1_262' title='bbox 512 3306 526 3329; x_wconf 81' lang='lat'>‚</span> <span class='ocrx_word' id='word_1_263' title='bbox 554 3281 739 3320; x_wconf 87' lang='lat' dir='ltr'>Fratrum</span> <span class='ocrx_word' id='word_1_264' title='bbox 768 3276 1055 3334; x_wconf 69' lang='lat' dir='ltr'>praefatorum,</span> <span class='ocrx_word' id='word_1_265' title='bbox 1077 3295 1127 3323; x_wconf 92' lang='lat' dir='ltr'>ne</span> <span class='ocrx_word' id='word_1_266' title='bbox 1152 3281 1285 3335; x_wconf 84' lang='lat' dir='ltr'>aliqua</span> 
     </span>
     <span class='ocr_line' id='line_1_45' title="bbox 247 3335 1283 3393; baseline 0.004 -19"><span class='ocrx_word' id='word_1_267' title='bbox 247 3344 464 3389; x_wconf 81' lang='lat' dir='ltr'>propterea</span> <span class='ocrx_word' id='word_1_268' title='bbox 489 3335 530 3377; x_wconf 89' lang='lat' dir='ltr'>in</span> <span class='ocrx_word' id='word_1_269' title='bbox 553 3336 836 3391; x_wconf 87' lang='lat' dir='ltr'>Spiritualibus</span> <span class='ocrx_word' id='word_1_270' title='bbox 872 3366 886 3388; x_wconf 84' lang='lat'>‚</span> <span class='ocrx_word' id='word_1_271' title='bbox 926 3339 964 3379; x_wconf 87' lang='lat'>&amp;</span> <span class='ocrx_word' id='word_1_272' title='bbox 995 3340 1283 3393; x_wconf 86' lang='lat' dir='ltr'>temporalibus</span> 
     </span>
     <span class='ocr_line' id='line_1_46' title="bbox 250 3390 1283 3451; baseline 0.006 -19"><span class='ocrx_word' id='word_1_273' title='bbox 250 3390 495 3436; x_wconf 88' lang='lat' dir='ltr'>detrimenta</span> <span class='ocrx_word' id='word_1_274' title='bbox 522 3395 723 3449; x_wconf 88' lang='lat' dir='ltr'>patiantur</span> <span class='ocrx_word' id='word_1_275' title='bbox 745 3423 759 3445; x_wconf 71' lang='lat' dir='ltr'>a</span> <span class='ocrx_word' id='word_1_276' title='bbox 791 3395 981 3451; x_wconf 87' lang='lat' dir='ltr'>prospero</span> <span class='ocrx_word' id='word_1_277' title='bbox 1008 3396 1123 3438; x_wconf 90' lang='lat' dir='ltr'>statui</span> <span class='ocrx_word' id='word_1_278' title='bbox 1151 3426 1164 3448; x_wconf 79' lang='grc'><strong>,</strong></span> <span class='ocrx_word' id='word_1_279' title='bbox 1191 3396 1283 3438; x_wconf 90' lang='lat' dir='ltr'>feli-</span> 
     </span>
     <span class='ocr_line' id='line_1_47' title="bbox 251 3450 1280 3511; baseline 0.008 -21"><span class='ocrx_word' id='word_1_280' title='bbox 251 3450 369 3506; x_wconf 80' lang='lat' dir='ltr'>cique</span> <span class='ocrx_word' id='word_1_281' title='bbox 391 3450 571 3507; x_wconf 86' lang='lat' dir='ltr'>regimini</span> <span class='ocrx_word' id='word_1_282' title='bbox 595 3454 813 3511; x_wconf 90' lang='lat' dir='ltr'>providere</span> <span class='ocrx_word' id='word_1_283' title='bbox 840 3455 1052 3505; x_wconf 85' lang='lat' dir='ltr'>volentes,</span> <span class='ocrx_word' id='word_1_284' title='bbox 1079 3469 1124 3498; x_wconf 88' lang='lat' dir='ltr'>ac</span> <span class='ocrx_word' id='word_1_285' title='bbox 1144 3455 1196 3498; x_wconf 90' lang='lat' dir='ltr'>de</span> <span class='ocrx_word' id='word_1_286' title='bbox 1214 3467 1280 3498; x_wconf 86' lang='lat' dir='ltr'>tua</span> 
     </span>
    </p>
   </div>
   <div class='ocr_carea' id='block_1_13' title="bbox 1034 3593 1256 3657">
    <p class='ocr_par' dir='ltr' id='par_1_14' title="bbox 1034 3593 1256 3657">
     <span class='ocr_line' id='line_1_48' title="bbox 1034 3593 1256 3657; baseline 0.005 -1"><span class='ocrx_word' id='word_1_287' title='bbox 1034 3593 1256 3657; x_wconf 89' lang='grc' dir='ltr'>ΝΟ</span> 
     </span>
    </p>
   </div>
   <div class='ocr_carea' id='block_1_14' title="bbox 1351 285 2392 479">
    <p class='ocr_par' dir='ltr' id='par_1_15' title="bbox 1351 285 2392 479">
     <span class='ocr_line' id='line_1_49' title="bbox 1352 285 2388 420; baseline 0.002 -19"><span class='ocrx_word' id='word_1_288' title='bbox 1352 358 1433 401; x_wconf 88' lang='lat' dir='ltr'>fide</span> <span class='ocrx_word' id='word_1_289' title='bbox 1462 388 1478 409; x_wconf 84' lang='lat'>‚</span> <span class='ocrx_word' id='word_1_290' title='bbox 1515 359 1729 413; x_wconf 88' lang='lat' dir='ltr'>prudentia</span> <span class='ocrx_word' id='word_1_291' title='bbox 1761 386 1775 409; x_wconf 83' lang='lat'>‚</span> <span class='ocrx_word' id='word_1_292' title='bbox 1808 357 2044 414; x_wconf 79' lang='lat' dir='ltr'>integritate</span> <span class='ocrx_word' id='word_1_293' title='bbox 2070 393 2084 414; x_wconf 84' lang='lat'>,</span> <span class='ocrx_word' id='word_1_294' title='bbox 2111 365 2150 404; x_wconf 69' lang='lat' dir='ltr'>Sc</span> <span class='ocrx_word' id='word_1_295' title='bbox 2181 285 2388 420; x_wconf 51' lang='lat' dir='ltr'>religiznis</span> 
     </span>
     <span class='ocr_line' id='line_1_50' title="bbox 1351 417 2392 479; baseline 0.004 -21"><span class='ocrx_word' id='word_1_296' title='bbox 1351 417 1446 458; x_wconf 82' lang='lat' dir='ltr'>zelo</span> <span class='ocrx_word' id='word_1_297' title='bbox 1473 417 1691 472; x_wconf 79' lang='lat' dir='ltr'>plurimum</span> <span class='ocrx_word' id='word_1_298' title='bbox 1722 418 1761 458; x_wconf 89' lang='lat' dir='ltr'>in</span> <span class='ocrx_word' id='word_1_299' title='bbox 1794 419 1969 460; x_wconf 92' lang='lat' dir='ltr'>Domino</span> <span class='ocrx_word' id='word_1_300' title='bbox 1994 422 2125 463; x_wconf 80' lang='lat' dir='ltr'>confili</span> <span class='ocrx_word' id='word_1_301' title='bbox 2156 450 2171 473; x_wconf 77' lang='lat'>‚</span> <span class='ocrx_word' id='word_1_302' title='bbox 2202 426 2293 475; x_wconf 81' lang='lat' dir='ltr'>Te,</span> <span class='ocrx_word' id='word_1_303' title='bbox 2323 422 2392 479; x_wconf 91' lang='lat' dir='ltr'>qui</span> 
     </span>
    </p>
   </div>
   <div class='ocr_carea' id='block_1_15' title="bbox 1357 474 2516 531">
    <p class='ocr_par' dir='ltr' id='par_1_16' title="bbox 1357 474 2516 531">
     <span class='ocr_line' id='line_1_51' title="bbox 1357 474 2516 531; baseline 0.003 -13"><span class='ocrx_word' id='word_1_304' title='bbox 1357 478 1543 518; x_wconf 84' lang='lat' dir='ltr'>Fratrum</span> <span class='ocrx_word' id='word_1_305' title='bbox 1588 474 1843 531; x_wconf 81' lang='lat' dir='ltr'>praefatorum</span> <span class='ocrx_word' id='word_1_306' title='bbox 1889 479 2131 522; x_wconf 87' lang='lat' dir='ltr'>Procurator</span> <span class='ocrx_word' id='word_1_307' title='bbox 2173 481 2391 524; x_wconf 88' lang='lat' dir='ltr'>Generalis</span> <span class='ocrx_word' id='word_1_308' title='bbox 2454 508 2457 511; x_wconf 87' lang='lat'><em>-</em></span> <span class='ocrx_word' id='word_1_309' title='bbox 2507 498 2516 504; x_wconf 85' lang='lat'><strong>·</strong></span> 
     </span>
    </p>
   </div>
   <div class='ocr_carea' id='block_1_16' title="bbox 1342 534 2394 3090">
    <p class='ocr_par' dir='ltr' id='par_1_17' title="bbox 1342 534 2394 3090">
     <span class='ocr_line' id='line_1_52' title="bbox 1355 534 2391 589; baseline 0.005 -13"><span class='ocrx_word' id='word_1_310' title='bbox 1355 534 1502 585; x_wconf 82' lang='lat' dir='ltr'>existis,</span> <span class='ocrx_word' id='word_1_311' title='bbox 1520 534 1728 575; x_wconf 84' lang='lat' dir='ltr'>Vicarium</span> <span class='ocrx_word' id='word_1_312' title='bbox 1745 534 2014 589; x_wconf 86' lang='lat' dir='ltr'>Apostolicum</span> <span class='ocrx_word' id='word_1_313' title='bbox 2031 540 2277 582; x_wconf 89' lang='lat' dir='ltr'>Generalem</span> <span class='ocrx_word' id='word_1_314' title='bbox 2295 543 2391 582; x_wconf 86' lang='lat' dir='ltr'>Fra-</span> 
     </span>
     <span class='ocr_line' id='line_1_53' title="bbox 1354 591 2392 648; baseline 0.006 -15"><span class='ocrx_word' id='word_1_315' title='bbox 1354 604 1460 635; x_wconf 87' lang='lat' dir='ltr'>trum</span> <span class='ocrx_word' id='word_1_316' title='bbox 1485 591 1710 634; x_wconf 91' lang='lat' dir='ltr'>eorundem</span> <span class='ocrx_word' id='word_1_317' title='bbox 1738 593 1859 648; x_wconf 91' lang='lat' dir='ltr'>usque</span> <span class='ocrx_word' id='word_1_318' title='bbox 1885 594 1935 636; x_wconf 89' lang='lat' dir='ltr'>ad</span> <span class='ocrx_word' id='word_1_319' title='bbox 1971 607 2115 637; x_wconf 87' lang='lat' dir='ltr'>novam</span> <span class='ocrx_word' id='word_1_320' title='bbox 2152 598 2392 641; x_wconf 62' lang='lat' dir='ltr'>electionem</span> 
     </span>
     <span class='ocr_line' id='line_1_54' title="bbox 1353 650 2392 715; baseline 0.002 -20"><span class='ocrx_word' id='word_1_321' title='bbox 1353 650 1526 695; x_wconf 87' lang='lat' dir='ltr'>Ministri</span> <span class='ocrx_word' id='word_1_322' title='bbox 1543 650 1760 693; x_wconf 81' lang='lat' dir='ltr'>Generalis</span> <span class='ocrx_word' id='word_1_323' title='bbox 1775 653 1813 693; x_wconf 87' lang='lat' dir='ltr'>in</span> <span class='ocrx_word' id='word_1_324' title='bbox 1833 652 2030 707; x_wconf 88' lang='lat' dir='ltr'>Capitulo</span> <span class='ocrx_word' id='word_1_325' title='bbox 2045 656 2238 698; x_wconf 83' lang='lat' dir='ltr'>Generali</span> <span class='ocrx_word' id='word_1_326' title='bbox 2253 685 2266 707; x_wconf 83' lang='lat'>‚</span> <span class='ocrx_word' id='word_1_327' title='bbox 2281 657 2392 715; x_wconf 84' lang='lat' dir='ltr'>juxta</span> 
     </span>
     <span class='ocr_line' id='line_1_55' title="bbox 1353 708 2390 770; baseline 0.008 -20"><span class='ocrx_word' id='word_1_328' title='bbox 1353 708 1527 765; x_wconf 86' lang='lat' dir='ltr'>ipsorum</span> <span class='ocrx_word' id='word_1_329' title='bbox 1543 712 1729 752; x_wconf 87' lang='lat' dir='ltr'>Fratrum</span> <span class='ocrx_word' id='word_1_330' title='bbox 1747 709 1906 760; x_wconf 76' lang='lat' dir='ltr'>statuta,</span> <span class='ocrx_word' id='word_1_331' title='bbox 1922 712 1962 751; x_wconf 88' lang='lat'>&amp;</span> <span class='ocrx_word' id='word_1_332' title='bbox 1975 712 2390 770; x_wconf 82' lang='lat' dir='ltr'>Ordinationes,Apo-</span> 
     </span>
     <span class='ocr_line' id='line_1_56' title="bbox 1353 767 2391 823; baseline 0.005 -12"><span class='ocrx_word' id='word_1_333' title='bbox 1353 767 1489 811; x_wconf 88' lang='lat' dir='ltr'>stolica</span> <span class='ocrx_word' id='word_1_334' title='bbox 1534 769 1776 810; x_wconf 62' lang='lat' dir='ltr'>auctoritate</span> <span class='ocrx_word' id='word_1_335' title='bbox 1819 768 2071 812; x_wconf 82' lang='lat' dir='ltr'>confirmatas</span> <span class='ocrx_word' id='word_1_336' title='bbox 2111 770 2335 823; x_wconf 78' lang='lat' dir='ltr'>faciendam</span> <span class='ocrx_word' id='word_1_337' title='bbox 2375 800 2391 823; x_wconf 83' lang='lat'>‚</span> 
     </span>
     <span class='ocr_line' id='line_1_57' title="bbox 1354 825 2391 884; baseline 0.001 -14"><span class='ocrx_word' id='word_1_338' title='bbox 1354 841 1443 870; x_wconf 87' lang='lat' dir='ltr'>cum</span> <span class='ocrx_word' id='word_1_339' title='bbox 1461 827 1673 881; x_wconf 83' lang='lat' dir='ltr'>potestate,</span> <span class='ocrx_word' id='word_1_340' title='bbox 1686 825 1889 869; x_wconf 87' lang='lat' dir='ltr'>universos</span> <span class='ocrx_word' id='word_1_341' title='bbox 1905 830 2066 872; x_wconf 88' lang='lat' dir='ltr'>Fratres</span> <span class='ocrx_word' id='word_1_342' title='bbox 2082 829 2305 884; x_wconf 77' lang='lat' dir='ltr'>hujusmodi</span> <span class='ocrx_word' id='word_1_343' title='bbox 2325 844 2391 871; x_wconf 88' lang='lat' dir='ltr'>re-</span> 
     </span>
     <span class='ocr_line' id='line_1_58' title="bbox 1354 881 2390 943; baseline 0.001 -16"><span class='ocrx_word' id='word_1_344' title='bbox 1354 885 1475 941; x_wconf 88' lang='lat' dir='ltr'>gendi</span> <span class='ocrx_word' id='word_1_345' title='bbox 1492 915 1507 936; x_wconf 87' lang='lat'>‚</span> <span class='ocrx_word' id='word_1_346' title='bbox 1533 881 1572 927; x_wconf 73' lang='grc' dir='ltr'>δε</span> <span class='ocrx_word' id='word_1_347' title='bbox 1590 886 1853 937; x_wconf 88' lang='lat' dir='ltr'>moderandi,</span> <span class='ocrx_word' id='word_1_348' title='bbox 1875 887 1911 927; x_wconf 84' lang='lat'>&amp;</span> <span class='ocrx_word' id='word_1_349' title='bbox 1927 888 2208 941; x_wconf 88' lang='lat' dir='ltr'>gubernandi,</span> <span class='ocrx_word' id='word_1_350' title='bbox 2226 887 2390 943; x_wconf 81' lang='lat' dir='ltr'>aliisque</span> 
     </span>
     <span class='ocr_line' id='line_1_59' title="bbox 1355 942 2392 1000; baseline 0.001 -15"><span class='ocrx_word' id='word_1_351' title='bbox 1355 942 1614 986; x_wconf 88' lang='lat' dir='ltr'>facultatibus</span> <span class='ocrx_word' id='word_1_352' title='bbox 1629 974 1642 996; x_wconf 80' lang='lat'>‚</span> <span class='ocrx_word' id='word_1_353' title='bbox 1671 958 1826 986; x_wconf 90' lang='lat' dir='ltr'>necnon</span> <span class='ocrx_word' id='word_1_354' title='bbox 1845 945 2028 988; x_wconf 89' lang='lat' dir='ltr'>omnibus</span> <span class='ocrx_word' id='word_1_355' title='bbox 2043 975 2056 997; x_wconf 82' lang='lat'>‚</span> <span class='ocrx_word' id='word_1_356' title='bbox 2077 947 2116 986; x_wconf 90' lang='lat'>&amp;</span> <span class='ocrx_word' id='word_1_357' title='bbox 2133 946 2289 1000; x_wconf 87' lang='lat' dir='ltr'>lingulis</span> <span class='ocrx_word' id='word_1_358' title='bbox 2309 946 2392 1000; x_wconf 88' lang='lat' dir='ltr'>pri-</span> 
     </span>
     <span class='ocr_line' id='line_1_60' title="bbox 1356 1001 2389 1058; baseline -0.001 -14"><span class='ocrx_word' id='word_1_359' title='bbox 1356 1001 1540 1058; x_wconf 86' lang='lat' dir='ltr'>vilegiis,</span> <span class='ocrx_word' id='word_1_360' title='bbox 1569 1003 1788 1045; x_wconf 88' lang='lat' dir='ltr'>honoribus</span> <span class='ocrx_word' id='word_1_361' title='bbox 1802 1032 1818 1052; x_wconf 86' lang='grc'>,</span> <span class='ocrx_word' id='word_1_362' title='bbox 1835 1005 2023 1046; x_wconf 90' lang='lat' dir='ltr'>oneribus</span> <span class='ocrx_word' id='word_1_363' title='bbox 2037 1033 2050 1056; x_wconf 83' lang='lat'>,</span> <span class='ocrx_word' id='word_1_364' title='bbox 2067 1004 2389 1058; x_wconf 80' lang='lat' dir='ltr'>praeeminentiis‚</span> 
     </span>
     <span class='ocr_line' id='line_1_61' title="bbox 1354 1062 2392 1120; baseline 0.003 -18"><span class='ocrx_word' id='word_1_365' title='bbox 1354 1062 1390 1102; x_wconf 74' lang='grc' dir='ltr'>δι</span> <span class='ocrx_word' id='word_1_366' title='bbox 1407 1063 1680 1116; x_wconf 80' lang='lat' dir='ltr'>praerogativis</span> <span class='ocrx_word' id='word_1_367' title='bbox 1695 1091 1708 1113; x_wconf 86' lang='lat'>‚</span> <span class='ocrx_word' id='word_1_368' title='bbox 1738 1062 1880 1118; x_wconf 89' lang='lat' dir='ltr'>quibus</span> <span class='ocrx_word' id='word_1_369' title='bbox 1895 1063 1963 1105; x_wconf 91' lang='lat' dir='ltr'>alii</span> <span class='ocrx_word' id='word_1_370' title='bbox 1979 1092 1992 1114; x_wconf 83' lang='lat'>,</span> <span class='ocrx_word' id='word_1_371' title='bbox 2023 1064 2090 1120; x_wconf 90' lang='lat' dir='ltr'>qui</span> <span class='ocrx_word' id='word_1_372' title='bbox 2107 1077 2182 1116; x_wconf 89' lang='lat' dir='ltr'>pro</span> <span class='ocrx_word' id='word_1_373' title='bbox 2203 1073 2392 1117; x_wconf 88' lang='lat' dir='ltr'>tempore</span> 
     </span>
     <span class='ocr_line' id='line_1_62' title="bbox 1352 1118 2391 1177; baseline 0.003 -17"><span class='ocrx_word' id='word_1_374' title='bbox 1352 1118 1514 1161; x_wconf 87' lang='lat' dir='ltr'>fuerunt</span> <span class='ocrx_word' id='word_1_375' title='bbox 1537 1120 1736 1163; x_wconf 67' lang='lat' dir='ltr'>dictorum</span> <span class='ocrx_word' id='word_1_376' title='bbox 1769 1122 1948 1164; x_wconf 84' lang='lat' dir='ltr'>Fratrum</span> <span class='ocrx_word' id='word_1_377' title='bbox 1978 1122 2128 1164; x_wconf 84' lang='lat' dir='ltr'>Vicarii</span> <span class='ocrx_word' id='word_1_378' title='bbox 2167 1121 2391 1177; x_wconf 85' lang='lat' dir='ltr'>Apostolici</span> 
     </span>
     <span class='ocr_line' id='line_1_63' title="bbox 1350 1177 2388 1235; baseline 0 -15"><span class='ocrx_word' id='word_1_379' title='bbox 1350 1177 1577 1221; x_wconf 87' lang='lat' dir='ltr'>Generales</span> <span class='ocrx_word' id='word_1_380' title='bbox 1592 1209 1606 1230; x_wconf 87' lang='lat'>,</span> <span class='ocrx_word' id='word_1_381' title='bbox 1620 1181 1707 1231; x_wconf 86' lang='lat' dir='ltr'>uti,</span> <span class='ocrx_word' id='word_1_382' title='bbox 1722 1177 1816 1229; x_wconf 77' lang='lat' dir='ltr'>frui,</span> <span class='ocrx_word' id='word_1_383' title='bbox 1830 1181 1870 1221; x_wconf 90' lang='lat'>&amp;</span> <span class='ocrx_word' id='word_1_384' title='bbox 1884 1179 2063 1235; x_wconf 83' lang='lat' dir='ltr'>gaudere</span> <span class='ocrx_word' id='word_1_385' title='bbox 2078 1178 2388 1230; x_wconf 87' lang='lat' dir='ltr'>consueverunt,</span> 
     </span>
     <span class='ocr_line' id='line_1_64' title="bbox 1346 1237 2393 1294; baseline 0.003 -16"><span class='ocrx_word' id='word_1_386' title='bbox 1346 1237 1579 1291; x_wconf 91' lang='lat' dir='ltr'>Apostolica</span> <span class='ocrx_word' id='word_1_387' title='bbox 1593 1239 1993 1288; x_wconf 68' lang='lat' dir='ltr'>au&amp;oritate,tenore</span> <span class='ocrx_word' id='word_1_388' title='bbox 2009 1238 2259 1294; x_wconf 74' lang='lat' dir='ltr'>praesentium</span> <span class='ocrx_word' id='word_1_389' title='bbox 2275 1253 2393 1281; x_wconf 87' lang='lat' dir='ltr'>crea-</span> 
     </span>
     <span class='ocr_line' id='line_1_65' title="bbox 1350 1296 2388 1352; baseline 0.003 -17"><span class='ocrx_word' id='word_1_390' title='bbox 1350 1308 1434 1336; x_wconf 90' lang='lat' dir='ltr'>mus</span> <span class='ocrx_word' id='word_1_391' title='bbox 1448 1323 1463 1346; x_wconf 79' lang='lat'>,</span> <span class='ocrx_word' id='word_1_392' title='bbox 1489 1296 1787 1346; x_wconf 84' lang='lat' dir='ltr'>constituimus,</span> <span class='ocrx_word' id='word_1_393' title='bbox 1817 1296 2108 1352; x_wconf 86' lang='lat' dir='ltr'>&amp;deputamus</span> <span class='ocrx_word' id='word_1_394' title='bbox 2125 1326 2137 1337; x_wconf 89' lang='lat'>.</span> <span class='ocrx_word' id='word_1_395' title='bbox 2169 1296 2388 1352; x_wconf 82' lang='lat' dir='ltr'>Iniungen-</span> 
     </span>
     <span class='ocr_line' id='line_1_66' title="bbox 1349 1353 2391 1404; baseline 0.003 -11"><span class='ocrx_word' id='word_1_396' title='bbox 1349 1363 1410 1394; x_wconf 89' lang='lat' dir='ltr'>tes</span> <span class='ocrx_word' id='word_1_397' title='bbox 1428 1353 1551 1404; x_wconf 85' lang='lat' dir='ltr'>Tibi,</span> <span class='ocrx_word' id='word_1_398' title='bbox 1565 1367 1611 1395; x_wconf 86' lang='lat' dir='ltr'>ac</span> <span class='ocrx_word' id='word_1_399' title='bbox 1629 1353 1864 1396; x_wconf 87' lang='lat' dir='ltr'>mandantes</span> <span class='ocrx_word' id='word_1_400' title='bbox 1881 1356 1918 1396; x_wconf 91' lang='lat' dir='ltr'>in</span> <span class='ocrx_word' id='word_1_401' title='bbox 1936 1356 2089 1397; x_wconf 87' lang='lat' dir='ltr'>virtute</span> <span class='ocrx_word' id='word_1_402' title='bbox 2106 1359 2255 1397; x_wconf 64' lang='lat' dir='ltr'>sanetae</span> <span class='ocrx_word' id='word_1_403' title='bbox 2275 1357 2391 1396; x_wconf 82' lang='lat' dir='ltr'>Obe-</span> 
     </span>
     <span class='ocr_line' id='line_1_67' title="bbox 1349 1410 2394 1465; baseline -0.001 -12"><span class='ocrx_word' id='word_1_404' title='bbox 1349 1410 1510 1453; x_wconf 87' lang='lat' dir='ltr'>dientiae</span> <span class='ocrx_word' id='word_1_405' title='bbox 1527 1440 1541 1462; x_wconf 85' lang='lat'>,</span> <span class='ocrx_word' id='word_1_406' title='bbox 1567 1425 1612 1453; x_wconf 91' lang='lat' dir='ltr'>ac</span> <span class='ocrx_word' id='word_1_407' title='bbox 1639 1411 1707 1452; x_wconf 88' lang='lat' dir='ltr'>sub</span> <span class='ocrx_word' id='word_1_408' title='bbox 1730 1410 2018 1465; x_wconf 87' lang='lat' dir='ltr'>indignationis</span> <span class='ocrx_word' id='word_1_409' title='bbox 2035 1412 2171 1454; x_wconf 84' lang='lat' dir='ltr'>nostrae</span> <span class='ocrx_word' id='word_1_410' title='bbox 2185 1442 2200 1463; x_wconf 84' lang='grc'>,</span> <span class='ocrx_word' id='word_1_411' title='bbox 2224 1415 2263 1453; x_wconf 91' lang='lat'>&amp;</span> <span class='ocrx_word' id='word_1_412' title='bbox 2277 1413 2362 1453; x_wconf 90' lang='lat' dir='ltr'>aliis</span> <span class='ocrx_word' id='word_1_413' title='bbox 2375 1441 2394 1464; x_wconf 82' lang='lat'>,</span> 
     </span>
     <span class='ocr_line' id='line_1_68' title="bbox 1348 1468 2392 1525; baseline 0 -15"><span class='ocrx_word' id='word_1_414' title='bbox 1348 1468 1519 1519; x_wconf 77' lang='lat' dir='ltr'>arbitrio</span> <span class='ocrx_word' id='word_1_415' title='bbox 1543 1468 1674 1510; x_wconf 87' lang='lat' dir='ltr'>nostro</span> <span class='ocrx_word' id='word_1_416' title='bbox 1689 1469 1946 1524; x_wconf 84' lang='lat' dir='ltr'>imponendis</span> <span class='ocrx_word' id='word_1_417' title='bbox 1961 1471 2115 1525; x_wconf 78' lang='lat' dir='ltr'>poeniS,</span> <span class='ocrx_word' id='word_1_418' title='bbox 2142 1483 2186 1512; x_wconf 92' lang='lat' dir='ltr'>ut</span> <span class='ocrx_word' id='word_1_419' title='bbox 2203 1484 2301 1511; x_wconf 92' lang='lat' dir='ltr'>onus</span> <span class='ocrx_word' id='word_1_420' title='bbox 2317 1471 2392 1511; x_wconf 88' lang='lat' dir='ltr'>hu-</span> 
     </span>
     <span class='ocr_line' id='line_1_69' title="bbox 1349 1524 2394 1583; baseline 0.001 -15"><span class='ocrx_word' id='word_1_421' title='bbox 1349 1524 1517 1583; x_wconf 88' lang='lat' dir='ltr'>jusmodi</span> <span class='ocrx_word' id='word_1_422' title='bbox 1542 1538 1730 1579; x_wconf 84' lang='lat' dir='ltr'>acceptes</span> <span class='ocrx_word' id='word_1_423' title='bbox 1747 1556 1761 1578; x_wconf 81' lang='lat'>‚</span> <span class='ocrx_word' id='word_1_424' title='bbox 1783 1527 1869 1568; x_wconf 90' lang='lat' dir='ltr'>aliis</span> <span class='ocrx_word' id='word_1_425' title='bbox 1895 1530 1994 1570; x_wconf 82' lang='lat' dir='ltr'>vero</span> <span class='ocrx_word' id='word_1_426' title='bbox 2019 1529 2202 1571; x_wconf 91' lang='lat' dir='ltr'>omnibus</span> <span class='ocrx_word' id='word_1_427' title='bbox 2219 1558 2231 1579; x_wconf 81' lang='lat'><strong>‚</strong></span> <span class='ocrx_word' id='word_1_428' title='bbox 2254 1531 2293 1569; x_wconf 91' lang='lat'>&amp;</span> <span class='ocrx_word' id='word_1_429' title='bbox 2316 1529 2394 1569; x_wconf 86' lang='lat' dir='ltr'>fin·-</span> 
     </span>
     <span class='ocr_line' id='line_1_70' title="bbox 1349 1583 2391 1643; baseline 0.008 -19"><span class='ocrx_word' id='word_1_430' title='bbox 1349 1583 1454 1639; x_wconf 87' lang='lat' dir='ltr'>gulis</span> <span class='ocrx_word' id='word_1_431' title='bbox 1468 1583 1814 1636; x_wconf 78' lang='lat' dir='ltr'>Provincialibus,</span> <span class='ocrx_word' id='word_1_432' title='bbox 1834 1587 1871 1626; x_wconf 88' lang='lat'>&amp;</span> <span class='ocrx_word' id='word_1_433' title='bbox 1887 1588 1973 1629; x_wconf 91' lang='lat' dir='ltr'>aliis</span> <span class='ocrx_word' id='word_1_434' title='bbox 1988 1618 2004 1638; x_wconf 90' lang='lat'>‚</span> <span class='ocrx_word' id='word_1_435' title='bbox 2040 1601 2298 1643; x_wconf 88' lang='lat' dir='ltr'>quocumque</span> <span class='ocrx_word' id='word_1_436' title='bbox 2317 1601 2391 1632; x_wconf 88' lang='lat' dir='ltr'>no.-</span> 
     </span>
     <span class='ocr_line' id='line_1_71' title="bbox 1350 1643 2390 1699; baseline 0.001 -16"><span class='ocrx_word' id='word_1_437' title='bbox 1350 1643 1455 1683; x_wconf 88' lang='lat' dir='ltr'>mine</span> <span class='ocrx_word' id='word_1_438' title='bbox 1470 1644 1703 1697; x_wconf 84' lang='lat' dir='ltr'>nuncupatis</span> <span class='ocrx_word' id='word_1_439' title='bbox 1718 1645 1999 1699; x_wconf 84' lang='lat' dir='ltr'>Superioribus</span> <span class='ocrx_word' id='word_1_440' title='bbox 2015 1674 2029 1695; x_wconf 79' lang='lat'><strong>,</strong></span> <span class='ocrx_word' id='word_1_441' title='bbox 2057 1659 2211 1687; x_wconf 88' lang='lat' dir='ltr'>necnon</span> <span class='ocrx_word' id='word_1_442' title='bbox 2240 1645 2390 1687; x_wconf 87' lang='lat' dir='ltr'>Fratri-</span> 
     </span>
     <span class='ocr_line' id='line_1_72' title="bbox 1348 1697 2390 1757; baseline 0.002 -16"><span class='ocrx_word' id='word_1_443' title='bbox 1348 1701 1420 1742; x_wconf 91' lang='lat' dir='ltr'>bus</span> <span class='ocrx_word' id='word_1_444' title='bbox 1436 1728 1450 1749; x_wconf 84' lang='lat'>,</span> <span class='ocrx_word' id='word_1_445' title='bbox 1475 1703 1518 1742; x_wconf 65' lang='grc' dir='ltr'>ὃς</span> <span class='ocrx_word' id='word_1_446' title='bbox 1540 1697 1719 1756; x_wconf 89' lang='lat' dir='ltr'>personis</span> <span class='ocrx_word' id='word_1_447' title='bbox 1747 1701 2047 1757; x_wconf 81' lang='lat' dir='ltr'>quibuscunque</span> <span class='ocrx_word' id='word_1_448' title='bbox 2075 1702 2167 1744; x_wconf 68' lang='lat' dir='ltr'>dieti</span> <span class='ocrx_word' id='word_1_449' title='bbox 2195 1704 2390 1753; x_wconf 83' lang='lat' dir='ltr'>Ordinis,</span> 
     </span>
     <span class='ocr_line' id='line_1_73' title="bbox 1351 1759 2390 1816; baseline 0.003 -17"><span class='ocrx_word' id='word_1_450' title='bbox 1351 1770 1394 1800; x_wconf 93' lang='lat' dir='ltr'>ut</span> <span class='ocrx_word' id='word_1_451' title='bbox 1414 1759 1507 1800; x_wconf 92' lang='lat' dir='ltr'>Tibi</span> <span class='ocrx_word' id='word_1_452' title='bbox 1520 1759 1556 1800; x_wconf 91' lang='lat' dir='ltr'>in</span> <span class='ocrx_word' id='word_1_453' title='bbox 1570 1759 1754 1802; x_wconf 86' lang='lat' dir='ltr'>omnibus</span> <span class='ocrx_word' id='word_1_454' title='bbox 1771 1789 1784 1811; x_wconf 85' lang='grc'>,</span> <span class='ocrx_word' id='word_1_455' title='bbox 1800 1774 1882 1816; x_wconf 83' lang='lat' dir='ltr'>quae</span> <span class='ocrx_word' id='word_1_456' title='bbox 1909 1762 1967 1802; x_wconf 92' lang='lat' dir='ltr'>eis</span> <span class='ocrx_word' id='word_1_457' title='bbox 1994 1760 2217 1804; x_wconf 89' lang='lat' dir='ltr'>ordinanda</span> <span class='ocrx_word' id='word_1_458' title='bbox 2233 1791 2248 1812; x_wconf 90' lang='grc'>,</span> <span class='ocrx_word' id='word_1_459' title='bbox 2278 1775 2390 1802; x_wconf 86' lang='lat' dir='ltr'>man-</span> 
     </span>
     <span class='ocr_line' id='line_1_74' title="bbox 1349 1816 2390 1874; baseline 0.002 -16"><span class='ocrx_word' id='word_1_460' title='bbox 1349 1816 1478 1859; x_wconf 90' lang='lat' dir='ltr'>danda</span> <span class='ocrx_word' id='word_1_461' title='bbox 1495 1847 1511 1868; x_wconf 81' lang='lat'>,</span> <span class='ocrx_word' id='word_1_462' title='bbox 1536 1819 1570 1859; x_wconf 78' lang='grc' dir='ltr'>δι</span> <span class='ocrx_word' id='word_1_463' title='bbox 1588 1832 1744 1873; x_wconf 84' lang='lat' dir='ltr'>percos</span> <span class='ocrx_word' id='word_1_464' title='bbox 1759 1818 1995 1874; x_wconf 86' lang='lat' dir='ltr'>exequenda</span> <span class='ocrx_word' id='word_1_465' title='bbox 2029 1820 2191 1861; x_wconf 87' lang='lat' dir='ltr'>duxeris</span> <span class='ocrx_word' id='word_1_466' title='bbox 2215 1849 2227 1872; x_wconf 86' lang='lat'>,</span> <span class='ocrx_word' id='word_1_467' title='bbox 2264 1820 2390 1871; x_wconf 85' lang='lat' dir='ltr'>humi-</span> 
     </span>
     <span class='ocr_line' id='line_1_75' title="bbox 1349 1876 2388 1933; baseline 0.001 -16"><span class='ocrx_word' id='word_1_468' title='bbox 1349 1876 1444 1917; x_wconf 89' lang='lat' dir='ltr'>liter</span> <span class='ocrx_word' id='word_1_469' title='bbox 1470 1886 1662 1929; x_wconf 82' lang='lat' dir='ltr'>pareant,</span> <span class='ocrx_word' id='word_1_470' title='bbox 1690 1879 1730 1918; x_wconf 91' lang='lat'>&amp;</span> <span class='ocrx_word' id='word_1_471' title='bbox 1756 1877 1979 1929; x_wconf 79' lang='lat' dir='ltr'>obediant,</span> <span class='ocrx_word' id='word_1_472' title='bbox 2014 1889 2163 1933; x_wconf 87' lang='lat' dir='ltr'>tuaque</span> <span class='ocrx_word' id='word_1_473' title='bbox 2194 1878 2348 1919; x_wconf 86' lang='lat' dir='ltr'>monita</span> <span class='ocrx_word' id='word_1_474' title='bbox 2373 1907 2388 1929; x_wconf 85' lang='lat'>,</span> 
     </span>
     <span class='ocr_line' id='line_1_76' title="bbox 1348 1933 2388 1989; baseline 0.002 -14"><span class='ocrx_word' id='word_1_475' title='bbox 1348 1937 1386 1975; x_wconf 70' lang='grc' dir='ltr'>δι</span> <span class='ocrx_word' id='word_1_476' title='bbox 1404 1933 1495 1989; x_wconf 76' lang='lat' dir='ltr'>jussa</span> <span class='ocrx_word' id='word_1_477' title='bbox 1512 1947 1753 1978; x_wconf 84' lang='lat' dir='ltr'>reverenter</span> <span class='ocrx_word' id='word_1_478' title='bbox 1768 1935 1976 1989; x_wconf 86' lang='lat' dir='ltr'>suscipiant</span> <span class='ocrx_word' id='word_1_479' title='bbox 1988 1965 2001 1987; x_wconf 82' lang='lat'>,</span> <span class='ocrx_word' id='word_1_480' title='bbox 2019 1937 2059 1976; x_wconf 74' lang='grc' dir='ltr'>δε</span> <span class='ocrx_word' id='word_1_481' title='bbox 2072 1936 2293 1978; x_wconf 84' lang='lat' dir='ltr'>efficaciter</span> <span class='ocrx_word' id='word_1_482' title='bbox 2314 1935 2388 1977; x_wconf 90' lang='lat' dir='ltr'>ad·-</span> 
     </span>
     <span class='ocr_line' id='line_1_77' title="bbox 1348 1991 2387 2049; baseline 0.004 -17"><span class='ocrx_word' id='word_1_483' title='bbox 1348 1992 1519 2046; x_wconf 87' lang='lat' dir='ltr'>implere</span> <span class='ocrx_word' id='word_1_484' title='bbox 1534 2005 1785 2048; x_wconf 79' lang='lat' dir='ltr'>procurent,</span> <span class='ocrx_word' id='word_1_485' title='bbox 1815 1994 1987 2049; x_wconf 83' lang='lat' dir='ltr'>alioquin</span> <span class='ocrx_word' id='word_1_486' title='bbox 2006 1991 2248 2035; x_wconf 83' lang='lat' dir='ltr'>sententiam</span> <span class='ocrx_word' id='word_1_487' title='bbox 2264 2023 2277 2044; x_wconf 85' lang='lat'>,</span> <span class='ocrx_word' id='word_1_488' title='bbox 2304 1995 2387 2036; x_wconf 84' lang='lat' dir='ltr'>five</span> 
     </span>
     <span class='ocr_line' id='line_1_78' title="bbox 1346 2052 2389 2108; baseline 0.002 -16"><span class='ocrx_word' id='word_1_489' title='bbox 1346 2064 1510 2107; x_wconf 88' lang='lat' dir='ltr'>poenam</span> <span class='ocrx_word' id='word_1_490' title='bbox 1524 2081 1539 2102; x_wconf 86' lang='grc'>,</span> <span class='ocrx_word' id='word_1_491' title='bbox 1566 2066 1684 2108; x_wconf 89' lang='lat' dir='ltr'>quam</span> <span class='ocrx_word' id='word_1_492' title='bbox 1701 2053 1777 2094; x_wconf 76' lang='lat' dir='ltr'>rite</span> <span class='ocrx_word' id='word_1_493' title='bbox 1792 2052 1935 2094; x_wconf 88' lang='lat' dir='ltr'>tuleris</span> <span class='ocrx_word' id='word_1_494' title='bbox 1949 2081 1962 2102; x_wconf 78' lang='lat'>,</span> <span class='ocrx_word' id='word_1_495' title='bbox 1975 2053 2040 2094; x_wconf 85' lang='lat' dir='ltr'>scu</span> <span class='ocrx_word' id='word_1_496' title='bbox 2054 2052 2245 2104; x_wconf 18' lang='lat' dir='ltr'>&amp;statueris</span> <span class='ocrx_word' id='word_1_497' title='bbox 2259 2054 2299 2093; x_wconf 88' lang='lat' dir='ltr'>in</span> <span class='ocrx_word' id='word_1_498' title='bbox 2318 2067 2389 2094; x_wconf 89' lang='lat' dir='ltr'>re-</span> 
     </span>
     <span class='ocr_line' id='line_1_79' title="bbox 1349 2108 2386 2166; baseline 0.002 -15"><span class='ocrx_word' id='word_1_499' title='bbox 1349 2108 1478 2152; x_wconf 91' lang='lat' dir='ltr'>belles</span> <span class='ocrx_word' id='word_1_500' title='bbox 1491 2140 1504 2162; x_wconf 83' lang='lat'>,</span> <span class='ocrx_word' id='word_1_501' title='bbox 1516 2121 1642 2152; x_wconf 87' lang='lat' dir='ltr'>ratam</span> <span class='ocrx_word' id='word_1_502' title='bbox 1661 2111 1895 2154; x_wconf 86' lang='lat' dir='ltr'>habebimus</span> <span class='ocrx_word' id='word_1_503' title='bbox 1909 2138 1923 2160; x_wconf 87' lang='lat'>,</span> <span class='ocrx_word' id='word_1_504' title='bbox 1938 2113 1974 2152; x_wconf 73' lang='grc' dir='ltr'>δε</span> <span class='ocrx_word' id='word_1_505' title='bbox 1993 2108 2181 2153; x_wconf 87' lang='lat' dir='ltr'>faciemus</span> <span class='ocrx_word' id='word_1_506' title='bbox 2194 2141 2206 2162; x_wconf 86' lang='lat'>‚</span> <span class='ocrx_word' id='word_1_507' title='bbox 2221 2113 2386 2166; x_wconf 67' lang='lat' dir='ltr'>aucffiore</span> 
     </span>
     <span class='ocr_line' id='line_1_80' title="bbox 1350 2168 2387 2225; baseline 0.002 -15"><span class='ocrx_word' id='word_1_508' title='bbox 1350 2169 1558 2220; x_wconf 84' lang='lat' dir='ltr'>Domino,</span> <span class='ocrx_word' id='word_1_509' title='bbox 1579 2170 1700 2225; x_wconf 88' lang='lat' dir='ltr'>usque</span> <span class='ocrx_word' id='word_1_510' title='bbox 1725 2169 1774 2212; x_wconf 92' lang='lat' dir='ltr'>ad</span> <span class='ocrx_word' id='word_1_511' title='bbox 1803 2168 2110 2212; x_wconf 59' lang='lat' dir='ltr'>satisfactionem</span> <span class='ocrx_word' id='word_1_512' title='bbox 2148 2170 2387 2224; x_wconf 80' lang='lat' dir='ltr'>condignam</span> 
     </span>
     <span class='ocr_line' id='line_1_81' title="bbox 1356 2226 2387 2272; baseline 0.002 -4"><span class='ocrx_word' id='word_1_513' title='bbox 1356 2227 1643 2271; x_wconf 88' lang='lat' dir='ltr'>inviolabiliter</span> <span class='ocrx_word' id='word_1_514' title='bbox 1658 2226 1880 2272; x_wconf 88' lang='lat' dir='ltr'>observari.</span> <span class='ocrx_word' id='word_1_515' title='bbox 1906 2231 1996 2271; x_wconf 86' lang='lat' dir='ltr'>Non</span> <span class='ocrx_word' id='word_1_516' title='bbox 2013 2228 2258 2270; x_wconf 85' lang='lat' dir='ltr'>obstantibus</span> <span class='ocrx_word' id='word_1_517' title='bbox 2271 2233 2387 2271; x_wconf 84' lang='lat' dir='ltr'>Con-</span> 
     </span>
     <span class='ocr_line' id='line_1_82' title="bbox 1352 2286 2383 2343; baseline -0.001 -15"><span class='ocrx_word' id='word_1_518' title='bbox 1352 2287 1649 2337; x_wconf 84' lang='lat' dir='ltr'>stitutionibus,</span> <span class='ocrx_word' id='word_1_519' title='bbox 1676 2289 1714 2328; x_wconf 87' lang='lat'>&amp;</span> <span class='ocrx_word' id='word_1_520' title='bbox 1742 2286 2076 2328; x_wconf 88' lang='lat' dir='ltr'>Ordinationibus</span> <span class='ocrx_word' id='word_1_521' title='bbox 2110 2287 2350 2343; x_wconf 86' lang='lat' dir='ltr'>Apostolicis</span> <span class='ocrx_word' id='word_1_522' title='bbox 2367 2316 2383 2337; x_wconf 85' lang='lat'><em>‚</em></span> 
     </span>
     <span class='ocr_line' id='line_1_83' title="bbox 1348 2345 2385 2402; baseline 0 -16"><span class='ocrx_word' id='word_1_523' title='bbox 1348 2358 1397 2387; x_wconf 89' lang='lat' dir='ltr'>ac</span> <span class='ocrx_word' id='word_1_524' title='bbox 1418 2346 1512 2388; x_wconf 70' lang='lat' dir='ltr'>dicti</span> <span class='ocrx_word' id='word_1_525' title='bbox 1525 2345 1716 2396; x_wconf 81' lang='lat' dir='ltr'>Ordinis,</span> <span class='ocrx_word' id='word_1_526' title='bbox 1740 2348 1862 2388; x_wconf 85' lang='lat' dir='ltr'>etiam</span> <span class='ocrx_word' id='word_1_527' title='bbox 1876 2345 2131 2402; x_wconf 80' lang='lat' dir='ltr'>juramento,</span> <span class='ocrx_word' id='word_1_528' title='bbox 2157 2345 2385 2388; x_wconf 85' lang='lat' dir='ltr'>Confirma—</span> 
     </span>
     <span class='ocr_line' id='line_1_84' title="bbox 1345 2402 2383 2458; baseline 0.002 -14"><span class='ocrx_word' id='word_1_529' title='bbox 1345 2404 1459 2445; x_wconf 81' lang='lat' dir='ltr'>tione</span> <span class='ocrx_word' id='word_1_530' title='bbox 1485 2404 1713 2458; x_wconf 85' lang='lat' dir='ltr'>Apostolica</span> <span class='ocrx_word' id='word_1_531' title='bbox 1742 2431 1757 2453; x_wconf 80' lang='lat'>‚</span> <span class='ocrx_word' id='word_1_532' title='bbox 1796 2405 1859 2446; x_wconf 81' lang='lat' dir='ltr'>vel</span> <span class='ocrx_word' id='word_1_533' title='bbox 1890 2404 2027 2458; x_wconf 82' lang='lat' dir='ltr'>quavis</span> <span class='ocrx_word' id='word_1_534' title='bbox 2054 2402 2247 2446; x_wconf 87' lang='lat' dir='ltr'>firmitate</span> <span class='ocrx_word' id='word_1_535' title='bbox 2274 2404 2383 2446; x_wconf 64' lang='lat' dir='ltr'>alia-³</span> 
     </span>
     <span class='ocr_line' id='line_1_85' title="bbox 1343 2459 2383 2517; baseline 0.001 -15"><span class='ocrx_word' id='word_1_536' title='bbox 1343 2462 1544 2503; x_wconf 80' lang='lat' dir='ltr'>roboratis</span> <span class='ocrx_word' id='word_1_537' title='bbox 1573 2462 1726 2503; x_wconf 88' lang='lat' dir='ltr'>statutis</span> <span class='ocrx_word' id='word_1_538' title='bbox 1743 2490 1756 2511; x_wconf 85' lang='lat'>‚</span> <span class='ocrx_word' id='word_1_539' title='bbox 1781 2463 1819 2502; x_wconf 89' lang='lat'>&amp;</span> <span class='ocrx_word' id='word_1_540' title='bbox 1844 2459 2226 2512; x_wconf 84' lang='lat' dir='ltr'>consuetudinibus,</span> <span class='ocrx_word' id='word_1_541' title='bbox 2257 2462 2383 2517; x_wconf 88' lang='lat' dir='ltr'>privi-</span> 
     </span>
     <span class='ocr_line' id='line_1_86' title="bbox 1343 2518 2383 2574; baseline 0.001 -13"><span class='ocrx_word' id='word_1_542' title='bbox 1343 2519 1459 2574; x_wconf 87' lang='lat' dir='ltr'>legiis</span> <span class='ocrx_word' id='word_1_543' title='bbox 1474 2533 1631 2574; x_wconf 92' lang='lat' dir='ltr'>quoque</span> <span class='ocrx_word' id='word_1_544' title='bbox 1646 2547 1660 2569; x_wconf 79' lang='lat'><strong>‚</strong></span> <span class='ocrx_word' id='word_1_545' title='bbox 1675 2519 1839 2560; x_wconf 84' lang='lat' dir='ltr'>indultis</span> <span class='ocrx_word' id='word_1_546' title='bbox 1856 2547 1869 2568; x_wconf 79' lang='lat'>,</span> <span class='ocrx_word' id='word_1_547' title='bbox 1884 2518 2067 2560; x_wconf 86' lang='lat' dir='ltr'>&amp;literis</span> <span class='ocrx_word' id='word_1_548' title='bbox 2084 2520 2324 2574; x_wconf 85' lang='lat' dir='ltr'>Apostolicis</span> <span class='ocrx_word' id='word_1_549' title='bbox 2342 2520 2383 2562; x_wconf 87' lang='lat' dir='ltr'>in</span> 
     </span>
     <span class='ocr_line' id='line_1_87' title="bbox 1343 2577 2383 2632; baseline 0 -12"><span class='ocrx_word' id='word_1_550' title='bbox 1343 2578 1588 2620; x_wconf 87' lang='lat' dir='ltr'>contrarium</span> <span class='ocrx_word' id='word_1_551' title='bbox 1607 2577 1912 2632; x_wconf 88' lang='lat' dir='ltr'>quomodolibet</span> <span class='ocrx_word' id='word_1_552' title='bbox 1927 2578 2116 2619; x_wconf 85' lang='lat' dir='ltr'>conceffis</span> <span class='ocrx_word' id='word_1_553' title='bbox 2131 2608 2146 2628; x_wconf 82' lang='grc'>,</span> <span class='ocrx_word' id='word_1_554' title='bbox 2168 2577 2383 2620; x_wconf 84' lang='lat' dir='ltr'>confirma-</span> 
     </span>
     <span class='ocr_line' id='line_1_88' title="bbox 1345 2636 2382 2692; baseline -0.001 -14"><span class='ocrx_word' id='word_1_555' title='bbox 1345 2637 1394 2678; x_wconf 84' lang='lat' dir='ltr'>tis</span> <span class='ocrx_word' id='word_1_556' title='bbox 1408 2637 1474 2687; x_wconf 88' lang='lat'>,&amp;</span> <span class='ocrx_word' id='word_1_557' title='bbox 1490 2637 1689 2678; x_wconf 87' lang='lat' dir='ltr'>innovatis</span> <span class='ocrx_word' id='word_1_558' title='bbox 1704 2664 1719 2674; x_wconf 92' lang='lat'>.</span> <span class='ocrx_word' id='word_1_559' title='bbox 1748 2636 1905 2692; x_wconf 77' lang='lat' dir='ltr'>Quibus</span> <span class='ocrx_word' id='word_1_560' title='bbox 1925 2638 2105 2678; x_wconf 89' lang='lat' dir='ltr'>omnibus</span> <span class='ocrx_word' id='word_1_561' title='bbox 2122 2664 2136 2686; x_wconf 81' lang='lat'>‚</span> <span class='ocrx_word' id='word_1_562' title='bbox 2149 2637 2189 2676; x_wconf 91' lang='lat'>&amp;</span> <span class='ocrx_word' id='word_1_563' title='bbox 2206 2636 2382 2690; x_wconf 79' lang='lat' dir='ltr'>singulis,</span> 
     </span>
     <span class='ocr_line' id='line_1_89' title="bbox 1342 2693 2382 2748; baseline 0.001 -12"><span class='ocrx_word' id='word_1_564' title='bbox 1342 2709 1488 2736; x_wconf 89' lang='lat' dir='ltr'>eorum</span> <span class='ocrx_word' id='word_1_565' title='bbox 1516 2705 1678 2737; x_wconf 88' lang='lat' dir='ltr'>tenores</span> <span class='ocrx_word' id='word_1_566' title='bbox 1703 2694 1959 2747; x_wconf 85' lang='lat' dir='ltr'>praesentibus</span> <span class='ocrx_word' id='word_1_567' title='bbox 1993 2706 2075 2747; x_wconf 90' lang='lat' dir='ltr'>pro·</span> <span class='ocrx_word' id='word_1_568' title='bbox 2098 2693 2283 2748; x_wconf 80' lang='lat' dir='ltr'>expreffis</span> <span class='ocrx_word' id='word_1_569' title='bbox 2311 2697 2382 2737; x_wconf 84' lang='lat' dir='ltr'>ha-</span> 
     </span>
     <span class='ocr_line' id='line_1_90' title="bbox 1342 2751 2382 2808; baseline -0.001 -13"><span class='ocrx_word' id='word_1_570' title='bbox 1342 2754 1487 2796; x_wconf 88' lang='lat' dir='ltr'>bentes</span> <span class='ocrx_word' id='word_1_571' title='bbox 1501 2782 1516 2804; x_wconf 82' lang='grc'>,</span> <span class='ocrx_word' id='word_1_572' title='bbox 1544 2751 1621 2793; x_wconf 90' lang='lat' dir='ltr'>illis</span> <span class='ocrx_word' id='word_1_573' title='bbox 1645 2752 1742 2793; x_wconf 80' lang='lat' dir='ltr'>alias</span> <span class='ocrx_word' id='word_1_574' title='bbox 1772 2754 1809 2793; x_wconf 91' lang='lat' dir='ltr'>in</span> <span class='ocrx_word' id='word_1_575' title='bbox 1839 2754 1906 2793; x_wconf 84' lang='lat' dir='ltr'>suo</span> <span class='ocrx_word' id='word_1_576' title='bbox 1923 2751 2069 2794; x_wconf 89' lang='lat' dir='ltr'>robore</span> <span class='ocrx_word' id='word_1_577' title='bbox 2086 2754 2351 2808; x_wconf 85' lang='lat' dir='ltr'>permansuris</span> <span class='ocrx_word' id='word_1_578' title='bbox 2366 2781 2382 2804; x_wconf 84' lang='lat'>‚</span> 
     </span>
     <span class='ocr_line' id='line_1_91' title="bbox 1347 2809 2382 2867; baseline -0.001 -12"><span class='ocrx_word' id='word_1_579' title='bbox 1347 2815 1419 2855; x_wconf 87' lang='lat' dir='ltr'>hac</span> <span class='ocrx_word' id='word_1_580' title='bbox 1436 2813 1524 2854; x_wconf 89' lang='lat' dir='ltr'>vice</span> <span class='ocrx_word' id='word_1_581' title='bbox 1538 2811 1731 2853; x_wconf 87' lang='lat' dir='ltr'>duntaxat</span> <span class='ocrx_word' id='word_1_582' title='bbox 1750 2809 2005 2866; x_wconf 82' lang='lat' dir='ltr'>specialiter,</span> <span class='ocrx_word' id='word_1_583' title='bbox 2028 2813 2064 2852; x_wconf 88' lang='lat'>&amp;</span> <span class='ocrx_word' id='word_1_584' title='bbox 2093 2809 2280 2867; x_wconf 75' lang='lat' dir='ltr'>expresse</span> <span class='ocrx_word' id='word_1_585' title='bbox 2307 2812 2382 2854; x_wconf 89' lang='lat' dir='ltr'>de-</span> 
     </span>
     <span class='ocr_line' id='line_1_92' title="bbox 1348 2868 2380 2926; baseline -0.003 -13"><span class='ocrx_word' id='word_1_586' title='bbox 1348 2884 1534 2926; x_wconf 89' lang='lat' dir='ltr'>rogamus</span> <span class='ocrx_word' id='word_1_587' title='bbox 1550 2897 1563 2919; x_wconf 78' lang='lat'>,</span> <span class='ocrx_word' id='word_1_588' title='bbox 1578 2868 1806 2925; x_wconf 85' lang='lat' dir='ltr'>caeterisque</span> <span class='ocrx_word' id='word_1_589' title='bbox 1822 2870 2034 2911; x_wconf 88' lang='lat' dir='ltr'>contrariis</span> <span class='ocrx_word' id='word_1_590' title='bbox 2065 2871 2380 2926; x_wconf 82' lang='lat' dir='ltr'>quibuscunque.</span> 
     </span>
     <span class='ocr_line' id='line_1_93' title="bbox 1349 2928 2379 2984; baseline -0.002 -13"><span class='ocrx_word' id='word_1_591' title='bbox 1349 2932 1501 2972; x_wconf 86' lang='lat' dir='ltr'>Datum</span> <span class='ocrx_word' id='word_1_592' title='bbox 1517 2930 1654 2970; x_wconf 83' lang='lat' dir='ltr'>Romae</span> <span class='ocrx_word' id='word_1_593' title='bbox 1668 2928 1772 2981; x_wconf 89' lang='lat' dir='ltr'>apud</span> <span class='ocrx_word' id='word_1_594' title='bbox 1791 2931 1973 2970; x_wconf 66' lang='lat' dir='ltr'>Sanctam</span> <span class='ocrx_word' id='word_1_595' title='bbox 1992 2931 2160 2972; x_wconf 83' lang='lat' dir='ltr'>Mariam</span> <span class='ocrx_word' id='word_1_596' title='bbox 2178 2929 2379 2984; x_wconf 72' lang='lat' dir='ltr'>Maiorem</span> 
     </span>
     <span class='ocr_line' id='line_1_94' title="bbox 1349 2986 2380 3043; baseline -0.002 -13"><span class='ocrx_word' id='word_1_597' title='bbox 1349 2989 1418 3030; x_wconf 89' lang='lat' dir='ltr'>sub</span> <span class='ocrx_word' id='word_1_598' title='bbox 1444 2986 1606 3029; x_wconf 86' lang='lat' dir='ltr'>Annulo</span> <span class='ocrx_word' id='word_1_599' title='bbox 1634 2986 1875 3036; x_wconf 73' lang='lat' dir='ltr'>Piscatori3‚</span> <span class='ocrx_word' id='word_1_600' title='bbox 1907 2986 1984 3027; x_wconf 90' lang='lat' dir='ltr'>Die</span> <span class='ocrx_word' id='word_1_601' title='bbox 1997 2992 2380 3043; x_wconf 55' lang='lat' dir='ltr'>xxviii-&gt;Septem-</span> 
     </span>
     <span class='ocr_line' id='line_1_95' title="bbox 1345 3044 2380 3090; baseline -0.001 -1"><span class='ocrx_word' id='word_1_602' title='bbox 1345 3048 1426 3089; x_wconf 88' lang='lat' dir='ltr'>bris</span> <span class='ocrx_word' id='word_1_603' title='bbox 1452 3059 1700 3088; x_wconf 80' lang='lat' dir='ltr'>Mncxxxix.</span> <span class='ocrx_word' id='word_1_604' title='bbox 1725 3044 1988 3088; x_wconf 81' lang='lat' dir='ltr'>Pontificatus</span> <span class='ocrx_word' id='word_1_605' title='bbox 2013 3047 2283 3090; x_wconf 79' lang='lat' dir='ltr'>NostriAnno</span> <span class='ocrx_word' id='word_1_606' title='bbox 2298 3049 2380 3088; x_wconf 84' lang='lat' dir='ltr'>De-</span> 
     </span>
    </p>
   </div>
   <div class='ocr_carea' id='block_1_17' title="bbox 1345 3107 2254 3207">
    <p class='ocr_par' dir='ltr' id='par_1_18' title="bbox 1345 3107 2254 3207">
     <span class='ocr_line' id='line_1_96' title="bbox 1345 3107 1477 3148; baseline -0.023 0"><span class='ocrx_word' id='word_1_607' title='bbox 1345 3107 1454 3148; x_wconf 90' lang='lat' dir='ltr'>cimo</span> <span class='ocrx_word' id='word_1_608' title='bbox 1464 3133 1477 3145; x_wconf 88' lang='lat'><strong>.</strong></span> 
     </span>
     <span class='ocr_line' id='line_1_97' title="bbox 1852 3163 2254 3207; baseline -0.007 -1"><span class='ocrx_word' id='word_1_609' title='bbox 1852 3166 1915 3206; x_wconf 90' lang='lat' dir='ltr'>M.</span> <span class='ocrx_word' id='word_1_610' title='bbox 1948 3167 1998 3207; x_wconf 92' lang='lat' dir='ltr'>A.</span> <span class='ocrx_word' id='word_1_611' title='bbox 2031 3163 2254 3207; x_wconf 77' lang='lat' dir='ltr'>Maraldas.</span> 
     </span>
    </p>
   </div>
   <div class='ocr_carea' id='block_1_18' title="bbox 1403 3277 2379 3510">
    <p class='ocr_par' dir='ltr' id='par_1_19' title="bbox 1403 3277 2379 3510">
     <span class='ocr_line' id='line_1_98' title="bbox 1403 3277 2375 3336; baseline -0.007 -11"><span class='ocrx_word' id='word_1_612' title='bbox 1403 3280 1697 3336; x_wconf 81' lang='lat' dir='ltr'>Autographum</span> <span class='ocrx_word' id='word_1_613' title='bbox 1717 3282 1760 3322; x_wconf 81' lang='lat' dir='ltr'>in</span> <span class='ocrx_word' id='word_1_614' title='bbox 1787 3281 1906 3323; x_wconf 84' lang='lat' dir='ltr'>Arch.</span> <span class='ocrx_word' id='word_1_615' title='bbox 1933 3284 2075 3322; x_wconf 76' lang='lat' dir='ltr'>Secret.</span> <span class='ocrx_word' id='word_1_616' title='bbox 2110 3281 2222 3320; x_wconf 82' lang='lat' dir='ltr'>Brev.</span> <span class='ocrx_word' id='word_1_617' title='bbox 2246 3277 2375 3334; x_wconf 79' lang='lat' dir='ltr'>Apost.</span> 
     </span>
     <span class='ocr_line' id='line_1_99' title="bbox 1458 3335 2379 3395; baseline -0.005 -13"><span class='ocrx_word' id='word_1_618' title='bbox 1458 3343 1552 3394; x_wconf 85' lang='lat' dir='ltr'><em>Reg.</em></span> <span class='ocrx_word' id='word_1_619' title='bbox 1570 3339 1710 3395; x_wconf 75' lang='lat' dir='ltr'>Mensis</span> <span class='ocrx_word' id='word_1_620' title='bbox 1726 3338 1911 3394; x_wconf 77' lang='lat' dir='ltr'>Septemb.</span> <span class='ocrx_word' id='word_1_621' title='bbox 1937 3341 2006 3392; x_wconf 76' lang='lat'>163</span> <span class='ocrx_word' id='word_1_622' title='bbox 2017 3351 2053 3378; x_wconf 87' lang='lat'>2.</span> <span class='ocrx_word' id='word_1_623' title='bbox 2062 3335 2140 3394; x_wconf 83' lang='lat' dir='ltr'><em>fol.</em></span> <span class='ocrx_word' id='word_1_624' title='bbox 2164 3349 2232 3387; x_wconf 90' lang='lat'>37.</span> <span class='ocrx_word' id='word_1_625' title='bbox 2247 3337 2290 3377; x_wconf 83' lang='lat' dir='ltr'>de</span> <span class='ocrx_word' id='word_1_626' title='bbox 2305 3350 2379 3391; x_wconf 80' lang='lat' dir='ltr'>quo</span> 
     </span>
     <span class='ocr_line' id='line_1_100' title="bbox 1456 3395 2374 3452; baseline -0.004 -13"><span class='ocrx_word' id='word_1_627' title='bbox 1456 3403 1578 3439; x_wconf 81' lang='lat' dir='ltr'>Breve</span> <span class='ocrx_word' id='word_1_628' title='bbox 1594 3398 1818 3452; x_wconf 86' lang='lat' dir='ltr'>formatum</span> <span class='ocrx_word' id='word_1_629' title='bbox 1839 3400 1882 3439; x_wconf 80' lang='lat' dir='ltr'>in</span> <span class='ocrx_word' id='word_1_630' title='bbox 1906 3396 2067 3439; x_wconf 80' lang='lat' dir='ltr'>Archiv.</span> <span class='ocrx_word' id='word_1_631' title='bbox 2085 3396 2266 3451; x_wconf 73' lang='lat' dir='ltr'>generali</span> <span class='ocrx_word' id='word_1_632' title='bbox 2282 3395 2374 3438; x_wconf 86' lang='lat' dir='ltr'>Ord.</span> 
     </span>
     <span class='ocr_line' id='line_1_101' title="bbox 1460 3458 1833 3510; baseline -0.019 -8"><span class='ocrx_word' id='word_1_633' title='bbox 1460 3458 1630 3502; x_wconf 85' lang='lat' dir='ltr'>Tom.H.</span> <span class='ocrx_word' id='word_1_634' title='bbox 1644 3468 1749 3497; x_wconf 82' lang='lat' dir='ltr'>num·</span> <span class='ocrx_word' id='word_1_635' title='bbox 1763 3468 1833 3510; x_wconf 90' lang='lat'>90.</span> 
     </span>
    </p>
   </div>
   <div class='ocr_carea' id='block_1_19' title="bbox 1341 3593 1581 3658">
    <p class='ocr_par' dir='ltr' id='par_1_20' title="bbox 1341 3593 1581 3658">
     <span class='ocr_line' id='line_1_102' title="bbox 1341 3593 1581 3658; baseline 0.008 -2"><span class='ocrx_word' id='word_1_636' title='bbox 1341 3593 1581 3658; x_wconf 90' lang='lat' dir='ltr'>TA.</span> 
     </span>
    </p>
   </div>
   <div class='ocr_carea' id='block_1_20' title="bbox 248 3723 2373 3825">
    <p class='ocr_par' dir='ltr' id='par_1_21' title="bbox 248 3723 2373 3825">
     <span class='ocr_line' id='line_1_103' title="bbox 248 3723 2371 3810; baseline 0.003 -51"><span class='ocrx_word' id='word_1_637' title='bbox 248 3723 332 3810; x_wconf 83' lang='lat' dir='ltr'>C</span> <span class='ocrx_word' id='word_1_638' title='bbox 348 3723 511 3759; x_wconf 87' lang='lat' dir='ltr'>Oncurrit</span> <span class='ocrx_word' id='word_1_639' title='bbox 529 3723 564 3760; x_wconf 86' lang='lat' dir='ltr'>in</span> <span class='ocrx_word' id='word_1_640' title='bbox 574 3724 639 3762; x_wconf 82' lang='lat' dir='ltr'>hoc</span> <span class='ocrx_word' id='word_1_641' title='bbox 650 3727 857 3774; x_wconf 80' lang='lat' dir='ltr'>Apostolico</span> <span class='ocrx_word' id='word_1_642' title='bbox 871 3728 974 3766; x_wconf 83' lang='lat' dir='ltr'>Brevi</span> <span class='ocrx_word' id='word_1_643' title='bbox 988 3728 1027 3764; x_wconf 88' lang='grc' dir='ltr'>Ρ.</span> <span class='ocrx_word' id='word_1_644' title='bbox 1041 3728 1175 3765; x_wconf 86' lang='lat' dir='ltr'>Hieron</span> <span class='ocrx_word' id='word_1_645' title='bbox 1202 3727 1244 3763; x_wconf 88' lang='lat' dir='ltr'>mi</span> <span class='ocrx_word' id='word_1_646' title='bbox 1260 3727 1384 3764; x_wconf 82' lang='lat' dir='ltr'>Mutini</span> <span class='ocrx_word' id='word_1_647' title='bbox 1396 3729 1415 3764; x_wconf 71' lang='grc' dir='ltr'>ὲ</span> <span class='ocrx_word' id='word_1_648' title='bbox 1429 3729 1561 3764; x_wconf 82' lang='lat' dir='ltr'>Narnia</span> <span class='ocrx_word' id='word_1_649' title='bbox 1570 3729 1627 3775; x_wconf 82' lang='lat'>(‘¹)</span> <span class='ocrx_word' id='word_1_650' title='bbox 1643 3753 1655 3772; x_wconf 88' lang='lat'>‚</span> <span class='ocrx_word' id='word_1_651' title='bbox 1671 3729 1706 3765; x_wconf 77' lang='lat'>8&lt;</span> <span class='ocrx_word' id='word_1_652' title='bbox 1723 3728 1931 3766; x_wconf 66' lang='lat' dir='ltr'>Pfrancisd</span> <span class='ocrx_word' id='word_1_653' title='bbox 1949 3728 1990 3766; x_wconf 88' lang='lat' dir='ltr'>de</span> <span class='ocrx_word' id='word_1_654' title='bbox 2007 3729 2125 3774; x_wconf 83' lang='lat' dir='ltr'>Nigro</span> <span class='ocrx_word' id='word_1_655' title='bbox 2139 3730 2159 3766; x_wconf 76' lang='grc' dir='ltr'>ὲ</span> <span class='ocrx_word' id='word_1_656' title='bbox 2173 3729 2280 3778; x_wconf 74' lang='lat' dir='ltr'>Ianua</span> <span class='ocrx_word' id='word_1_657' title='bbox 2293 3728 2371 3777; x_wconf 57' lang='grc' dir='ltr'>θ’)</span> 
     </span>
     <span class='ocr_line' id='line_1_104' title="bbox 360 3772 2373 3825; baseline 0.004 -20"><span class='ocrx_word' id='word_1_658' title='bbox 360 3772 518 3807; x_wconf 77' lang='lat' dir='ltr'>memoria</span> <span class='ocrx_word' id='word_1_659' title='bbox 526 3773 675 3820; x_wconf 63' lang='lat' dir='ltr'>appositi:</span> <span class='ocrx_word' id='word_1_660' title='bbox 685 3800 699 3819; x_wconf 89' lang='lat'>‚</span> <span class='ocrx_word' id='word_1_661' title='bbox 711 3789 786 3812; x_wconf 90' lang='lat' dir='ltr'>curn</span> <span class='ocrx_word' id='word_1_662' title='bbox 801 3777 834 3812; x_wconf 87' lang='lat' dir='ltr'>in</span> <span class='ocrx_word' id='word_1_663' title='bbox 849 3779 1008 3824; x_wconf 86' lang='lat' dir='ltr'>Utroque</span> <span class='ocrx_word' id='word_1_664' title='bbox 1021 3789 1086 3812; x_wconf 88' lang='lat' dir='ltr'>una</span> <span class='ocrx_word' id='word_1_665' title='bbox 1099 3789 1165 3824; x_wconf 80' lang='lat' dir='ltr'>qua</span> <span class='ocrx_word' id='word_1_666' title='bbox 1179 3788 1189 3811; x_wconf 88' lang='grc' dir='ltr'>ι</span> <span class='ocrx_word' id='word_1_667' title='bbox 1209 3777 1365 3820; x_wconf 79' lang='lat' dir='ltr'>virturis,</span> <span class='ocrx_word' id='word_1_668' title='bbox 1392 3778 1427 3814; x_wconf 75' lang='lat'>8&lt;</span> <span class='ocrx_word' id='word_1_669' title='bbox 1443 3778 1582 3813; x_wconf 86' lang='lat' dir='ltr'>honoris</span> <span class='ocrx_word' id='word_1_670' title='bbox 1594 3778 1679 3812; x_wconf 81' lang='lat' dir='ltr'>ratio</span> <span class='ocrx_word' id='word_1_671' title='bbox 1694 3777 1777 3814; x_wconf 88' lang='lat' dir='ltr'>olim</span> <span class='ocrx_word' id='word_1_672' title='bbox 1803 3778 2058 3825; x_wconf 83' lang='lat' dir='ltr'>resplenduerit.</span> <span class='ocrx_word' id='word_1_673' title='bbox 2076 3779 2098 3814; x_wconf 81' lang='lat' dir='ltr'>F</span> <span class='ocrx_word' id='word_1_674' title='bbox 2104 3780 2152 3815; x_wconf 83' lang='lat' dir='ltr'>uit</span> <span class='ocrx_word' id='word_1_675' title='bbox 2168 3780 2322 3824; x_wconf 89' lang='lat' dir='ltr'>Uterque</span> <span class='ocrx_word' id='word_1_676' title='bbox 2336 3778 2373 3814; x_wconf 80' lang='lat' dir='ltr'>in</span> 
     </span>
    </p>
   </div>
   <div class='ocr_carea' id='block_1_21' title="bbox 238 3819 2372 3874">
    <p class='ocr_par' dir='ltr' id='par_1_22' title="bbox 238 3819 2372 3874">
     <span class='ocr_line' id='line_1_105' title="bbox 238 3819 2372 3874; baseline 0.005 -21"><span class='ocrx_word' id='word_1_677' title='bbox 238 3819 525 3866; x_wconf 61' lang='lat' dir='ltr'>..Saeculoffieneris</span> <span class='ocrx_word' id='word_1_678' title='bbox 537 3822 717 3861; x_wconf 80' lang='lat' dir='ltr'>nobilitate</span> <span class='ocrx_word' id='word_1_679' title='bbox 728 3826 1012 3874; x_wconf 80' lang='lat' dir='ltr'>clarus‚Uterque</span> <span class='ocrx_word' id='word_1_680' title='bbox 1025 3825 1060 3862; x_wconf 85' lang='lat' dir='ltr'>in</span> <span class='ocrx_word' id='word_1_681' title='bbox 1072 3826 1204 3862; x_wconf 85' lang='lat' dir='ltr'>Ordine</span> <span class='ocrx_word' id='word_1_682' title='bbox 1220 3825 1380 3863; x_wconf 86' lang='lat' dir='ltr'>Vicarius</span> <span class='ocrx_word' id='word_1_683' title='bbox 1394 3826 1746 3874; x_wconf 76' lang='lat' dir='ltr'>Generalis‚Uterque</span> <span class='ocrx_word' id='word_1_684' title='bbox 1763 3826 1798 3864; x_wconf 86' lang='lat' dir='ltr'>iu</span> <span class='ocrx_word' id='word_1_685' title='bbox 1812 3829 1906 3865; x_wconf 83' lang='lat' dir='ltr'>Aula</span> <span class='ocrx_word' id='word_1_686' title='bbox 1925 3827 2106 3865; x_wconf 81' lang='lat' dir='ltr'>Pontificia</span> <span class='ocrx_word' id='word_1_687' title='bbox 2119 3827 2372 3865; x_wconf 85' lang='lat' dir='ltr'>Concionator:</span> 
     </span>
    </p>
   </div>
   <div class='ocr_carea' id='block_1_22' title="bbox 2146 3876 2322 3914">
    <p class='ocr_par' dir='ltr' id='par_1_23' title="bbox 2146 3876 2322 3914">
     <span class='ocr_line' id='line_1_106' title="bbox 2146 3876 2322 3914; baseline -0.023 0"><span class='ocrx_word' id='word_1_688' title='bbox 2146 3879 2185 3914; x_wconf 84' lang='lat' dir='ltr'>P.</span> <span class='ocrx_word' id='word_1_689' title='bbox 2200 3876 2322 3912; x_wconf 78' lang='lat' dir='ltr'>Hiero-</span> 
     </span>
    </p>
   </div>
  </div>
 </body>
</html>
