2658 4244
326 244 476 314 108

256 358 407 394 caetero
446 346 529 389 duo
568 344 730 390 Fratres
775 348 961 390 carnales
1003 351 1042 390 in
1085 347 1292 390 Diffinito-

256 422 323 451 res
355 407 468 448 unius
498 404 757 463 ejusdemque
787 405 958 463 cujusvis
985 407 1206 449 Provinciae
1233 406 1303 449 di-'

257 467 309 508 eti
334 464 505 508 Ordinis
525 465 679 508 insimul
709 463 835 518 eligi,
858 466 899 505 &
936 465 1012 507 una
1038 464 1293 519 suffragium

256 523 297 568 in
312 523 425 581 ipsius
441 523 665 567 Provinciae
692 524 1090 579 congregationibus
1103 553 1118 574 ,
1146 531 1184 564 δι
1203 523 1295 565 Dif-

259 583 439 628 finitorio
469 583 677 640 praestare,
702 581 864 640 ejusque
894 583 1058 638 negotia
1088 580 1297 625 resolvere

257 656 339 688 non
376 642 567 694 valeam,
593 644 633 684 &
659 655 779 685 nemo
808 643 939 684 Fratri
967 644 1037 685 suo
1071 641 1227 685 carnali
1260 641 1298 683 in

258 698 567 748 Provinciala‘tu
613 701 727 744 unius
770 700 1030 758 ejusdemque
1075 694 1301 743 Provinciae

259 760 426 804 Ordinis
452 759 681 818 hujusmodi
707 759 944 802 immediate
968 758 1188 802 succedere
1212 771 1300 798 um-

260 833 381 877 quam
394 818 1192 877 poffit‚Apostolica‚authoritate,tenore
1209 829 1305 868 prae-

259 879 433 922 sentium
447 879 651 921 statuimus
665 907 681 930 ,
702 879 954 922 decernimus
968 905 983 927 ,
1008 879 1048 918 δε
1061 874 1303 916 ordinamus.

259 942 545 983 Decernentes
574 938 697 979 etiam
728 936 888 979 easdem
922 934 1138 991 praesentes
1166 934 1304 974 literas

258 999 416 1053 semper
443 996 572 1039 firmas
588 1024 603 1047 ,
632 994 781 1037 validas
797 1023 810 1046 2
839 995 879 1035 &
903 993 1088 1036 efficaces
1103 991 1275 1033 existere
1289 1019 1305 1040 ,

257 1058 298 1099 δι
324 1054 412 1098 fore
428 1082 442 1106 ,
470 1069 515 1096 ac
534 1055 583 1096 ab
600 1054 683 1095 illis
701 1082 714 1104 ,
736 1053 786 1096 ad
814 1065 911 1108 quos
940 1051 1086 1107 spectat
1106 1077 1119 1099 ,
1147 1060 1215 1091 aut
1230 1063 1307 1104 pro

258 1125 448 1168 tempore
465 1112 674 1168 spectabit,
690 1110 984 1153 inviolabiliter
999 1108 1222 1157 observari,
1236 1109 1307 1148 fic-

257 1174 393 1229 quein
410 1167 610 1228 praemiflis
623 1183 698 1224 per
713 1168 986 1223 quoscumque
1010 1164 1173 1221 Judices
1197 1165 1306 1207 ordi-

260 1229 396 1275 narios
413 1258 427 1282 ‚
460 1229 499 1269 δι
528 1227 742 1283 delegatos
760 1255 771 1277 ,
798 1226 920 1268 etiam
935 1223 1142 1267 causarum
1164 1224 1306 1267 Palatii

260 1288 486 1344 Apostolici
515 1286 733 1330 Auditores
750 1283 953 1342 judicari,
976 1286 1016 1326 δε
1045 1281 1208 1326 diffiniri
1235 1282 1308 1326 de-

260 1350 363 1392 bere
380 1375 394 1399 ‚
411 1361 455 1390 ac
471 1346 650 1397 irritum,
665 1346 704 1386 δι
717 1345 848 1395 inane,
863 1341 1056 1402 quidquid
1070 1343 1177 1385 secus
1191 1339 1309 1398 super

263 1407 324 1451 his
342 1407 578 1462 {iquoquam
591 1404 730 1462 quavis
744 1405 982 1447 auctoritate
1007 1401 1183 1445 scienter
1199 1430 1212 1452 ‚
1241 1399 1309 1442 vel

260 1467 499 1523 ignoranter
528 1463 749 1518 contigerit
775 1462 997 1507 attentari.
1031 1463 1125 1502 Non
1153 1459 1309 1502 obstan-

262 1527 372 1569 tibus
389 1521 755 1567 constitutionibus
768 1549 783 1571 ,
798 1522 835 1562 &
852 1517 1186 1564 ordinationibus
1202 1522 1311 1572 Apo-

261 1581 441 1632 stolicis,
470 1596 515 1625 ac
537 1592 760 1637 ‚quatenus
778 1594 877 1635 opus
891 1581 936 1622 sit
955 1577 1078 1631 ‚dieti
1105 1577 1270 1621 Ordinis
1295 1606 1311 1628 ,

261 1641 430 1700 ejusque
459 1640 762 1686 Provinciarum
789 1638 1026 1693 quarumvis
1053 1634 1176 1677 etiam
1199 1634 1309 1691 jura-

263 1710 434 1749 mento,
454 1696 761 1742 confirmatione
778 1695 1008 1750 Apostolica
1034 1719 1048 1741 ‚
1081 1691 1146 1732 vel
1173 1695 1311 1747 quavis

260 1757 459 1802 firmitate
476 1755 551 1798 alia
568 1755 763 1797 roboratis
778 1752 931 1795 statutis
950 1781 962 1803 ,
991 1752 1029 1792 &
1054 1750 1311 1793 consuetudi·

259 1815 379 1861 nibus
396 1840 411 1865 ,
432 1813 653 1872 privilegiis
681 1825 841 1868 quoque
870 1809 1068 1858 indultis,
1095 1811 1135 1850 &
1160 1809 1308 1853 Literis

260 1872 503 1932 Apostolicis
521 1873 558 1914 in
573 1872 822 1915 contrarium
838 1866 1120 1927 praemifforum
1143 1883 1309 1924 quomo-

261 1933 420 1977 dolibet
451 1930 645 1976 conceffis
674 1959 688 1983 ,
727 1927 977 1973 confirmatis
1007 1929 1046 1970 &
1081 1928 1307 1971 innovatis.

262 1994 429 2052 Qibus
456 1991 640 2034 omnibus
657 2018 672 2041 ‚
695 1990 736 2031 &
763 1988 925 2043 singulis
955 1986 1120 2030 illorum
1147 1998 1312 2030 tenores

263 2050 523 2112 praesentibus
549 2064 626 2106 pro
649 2046 834 2105 expreffis
858 2049 1078 2097 habenta,
1109 2045 1187 2088 illis
1215 2046 1313 2089 alias
1345 2048 1347 2050 ’

264 2114 306 2155 in
341 2110 410 2153 suo
438 2109 587 2151 robore
614 2105 881 2163 permansuris
908 2134 923 2158 ‚
953 2104 1003 2148 ad
1029 2103 1316 2161 praemissorum

265 2169 452 2214 effectum
471 2166 700 2224 specialiter
718 2195 732 2217 ‚
761 2167 801 2208 &
827 2163 1017 2220 expresse
1044 2164 1284 2220 derogamus
1300 2193 1317 2216 .,

266 2228 505 2283 caeterisque
520 2225 736 2269 contrariis
751 2223 1058 2281 quibuscunque
1072 2251 1084 2264 .
1123 2225 1315 2268 Datum„

267 2291 412 2333 Romae
426 2285 531 2342 apud
546 2286 729 2327 sanciam
741 2284 916 2327 Mariam
930 2281 1131 2340 Major-em
1141 2281 1211 2324 sub
1228 2288 1312 2327 An-

268 2345 366 2391 nulo
377 2343 592 2388 Piscatoris
612 2343 686 2384 Die
709 2356 770 2385 ιι.
783 2342 970 2384 octobris
985 2355 1182 2385 Μοοινι.
1201 2344 1312 2386 Pon-

269 2403 446 2449 tificatus
461 2402 601 2447 Nostri
614 2404 737 2446 Anno
750 2400 941 2446 Secundo
953 2427 964 2440 .

850 2481 902 2520 G.
935 2480 1188 2523 Gualterius.

328 2600 630 2660 Autographum
657 2603 700 2643 e‘n
723 2596 845 2644 Arcb.
868 2598 1013 2641 Secret.
1038 2599 1157 2640 Brev.
1180 2594 1321 2654 Apost·.

385 2665 542 2719 chqslo
556 2660 711 2703 OHobr.
729 2660 767 2701 16
776 2672 792 2708 5
801 2659 842 2700 6.
850 2656 931 2716 fol.
949 2673 978 2699 ι.
994 2658 1038 2700 de
1051 2670 1127 2712 quo
1138 2661 1314 2701 Breve-2

371 2715 603 2777 formatum
618 2723 661 2761 in
675 2717 892 2773 Arch.gen.
909 2717 1069 2759 ordmis
1084 2717 1310 2772 Tam-HR.

358 2821 360 2823 .
387 2791 498 2822 num.
519 2791 534 2820 1
547 2791 580 2820 1.

858 224 1038 325 Sub
1079 223 1548 318 Alexandro
1614 221 1790 316 VH.

1388 345 1457 396 vc
1475 352 1520 394 m
1528 351 1690 412 parvis
1709 352 1801 394 wc.
1818 356 1910 391 non
1927 335 2279 407 comprehensos
2296 334 2399 399 ess‘e,

1388 419 1646 466 declaratur
1663 451 1677 465 .

1655 541 1911 609 ‘Beatiffi'me
1946 539 2091 591 ‘Pater
2106 575 2120 589 .

1457 655 1685 696 Rocurator
1714 646 1928 691 Generalis
1954 645 2264 701 Capucinorum
2300 645 2407 687 δεῖν.

1475 713 1606 754 &itari
1631 710 1781 753 Vestrae
1807 705 2032 749 humillime
2047 705 2244 760 exponit,
2276 702 2411 758 quali-

1365 780 1429 811 ter
1446 768 1469 810 ἃ
1482 771 1621 811 multis
1635 767 1824 811 Ministris
1839 765 2146 808 Provinciarum
2159 793 2174 815 ,
2189 760 2409 818 praesertim

1363 827 1404 869 in
1422 830 1570 883 Regnis
1589 826 1893 882 Neapolitano,
1917 825 1956 865 δε
1974 823 2119 866 Siciliae
2136 821 2380 864 informetur
2394 844 2411 868 ,

1365 885 1473 940 quod
1500 886 1685 927 nonnulli
1714 884 1899 940 Episcopi
1924 882 2104 924 crebrius
2129 880 2412 924 Monasteriau,

1367 943 1595 996 Religionis
1611 944 1810 984 accedant
1825 969 1840 991 ,
1852 941 2106 996 inquirentes
2120 970 2136 991 ,
2150 954 2199 982 an
2216 948 2412 981 numerus

1368 1004 1552 1043 Fratrum
1570 1013 1641 1056 per
1659 1001 1886 1040 Decretum
1901 1025 1916 1048 ,
1945 1009 1992 1041 ut
2019 1005 2061 1040 ἐκ
2081 1004 2221 1054 parvis
2236 998 2323 1047 &c-
2339 1009 2414 1038 no-

1368 1057 1517 1100 viffime
1534 1057 1556 1100 ἃ
1571 1063 1612 1102 S.
1629 1070 1750 1098 mem.
1764 1060 1906 1097 Innoc.
1923 1058 1974 1097 Χ.
2001 1068 2231 1098 emanatum
2261 1056 2316 1098 ibi
2342 1068 2414 1096 re-

1366 1118 1574 1173 periatur,
1605 1117 1644 1156 &
1670 1113 1789 1163 casu,
1817 1127 1899 1168 quo
1931 1127 2144 1157 numerum
2173 1114 2414 1169 praefixum..

1369 1178 1554 1218 Fratrum
1586 1172 1874 1229 (quantumvis
1889 1185 2030 1214 eorum
2044 1173 2168 1228 aliqui
2185 1187 2260 1228 pro
2277 1171 2416 1228 paucis

1367 1233 1509 1277 diebus
1529 1262 1542 1285 ,
1567 1233 1633 1275 vel
1664 1230 1985 1288 praedicationis,
2012 1231 2078 1271 vel
2103 1231 2273 1272 aliorum
2289 1242 2420 1284 nego*

1370 1293 1523 1336 tiorum
1559 1291 1660 1346 ergo
1687 1289 1892 1332 exiverint
1959 1286 2142 1330 effective
2180 1302 2261 1330 non
2299 1288 2419 1329 inve-

1370 1353 1506 1403 niam,
1544 1349 1655 1392 illico
1669 1364 1808 1393 eorum
1825 1361 1876 1402 po
1908 1344 2098 1389 essionem
2123 1345 2311 1397 sumant,
2343 1359 2416 1387 ex·-

1368 1410 1613 1466 erceantque
1627 1422 1770 1451 omnes
1787 1407 1885 1450 alias
1901 1395 2127 1452 sunftiones
2142 1406 2220 1448 &c.
2246 1404 2417 1459 Insuper

1368 1469 1476 1526 quod
1506 1470 1544 1511 &
1571 1466 1680 1510 idem
1705 1463 1910 1509 saciantin
1926 1464 2244 1515 Conventibus‚
2274 1463 2311 1505 in
2328 1463 2417 1519 qui-

1369 1530 1439 1571 bus
1457 1527 1590 1584 plures
1609 1554 1623 1577 ,
1648 1525 1768 1580 quam
1797 1526 1837 1566 in
1869 1532 2098 1564 memorato
2114 1523 2296 1565 Decreto
2314 1533 2418 1577 prae-

1371 1585 1620 1635 scribantur,
1644 1586 1808 1626 Fratres
1837 1580 2000 1624 realiter
2029 1581 2225 1623 existunt.
2259 1578 2413 1639 Qod,

1371 1659 1461 1687 cum
1502 1658 1580 1685 non
1611 1643 1736 1684 solum
1765 1640 1903 1683 formae
1934 1641 2103 1681 Decreti
2142 1639 2379 1682 advertetur
2400 1664 2419 1690 2

1370 1701 1438 1744 sed
1455 1703 1494 1742 &
1511 1702 1670 1742 fratres
1697 1699 1890 1740 continuo
1904 1697 2101 1740 disturbet
2118 1726 2134 1747 ,
2162 1700 2413 1739 Procurator

1371 1761 1499 1802 dictus
1516 1757 1725 1802 Sanctitati
1751 1756 1903 1798 Vestrae
1916 1753 2168 1796 demisisfime
2192 1753 2420 1809 supplicat,

1371 1829 1571 1874 quatenus
1584 1815 1796 1859 declarare
1818 1813 2013 1870 dignetur
2028 1839 2043 1862 ,
2057 1811 2164 1867 quod
2183 1813 2419 1854 Decretum

1370 1877 1496 1919 fatum
1512 1878 1619 1918 Loca
1636 1905 1650 1926 ,
1675 1875 1711 1917 in
1728 1873 1871 1930 quibus
1892 1870 2075 1913 effective
2093 1870 2235 1926 plures
2249 1899 2265 1920 ,
2295 1869 2416 1926 quam

1374 1935 1440 1979 sex
1462 1938 1620 1979 Fratres
1637 1933 1658 1976 ἓ
1677 1937 1858 1976 Decreto
1881 1930 2098 1986 praescripti
2127 1929 2387 1971 collocantur
2401 1954 2419 1978 2,

1373 2009 1454 2039 non
1470 1991 1791 2047 comprehendat
1809 2019 1823 2042 ‚
1851 1990 1891 2030 δι
1906 1987 2080 2044 proinde
2106 1987 2311 2029 Ordinarii
2328 1985 2422 2028 nul-

1376 2055 1455 2098 lam
1471 2051 1629 2110 prorsus
1644 2052 1684 2093 in
1716 2052 1762 2093 iis
1786 2047 1930 2105 poffint
1954 2059 2152 2091 exercere
2175 2043 2418 2102 jurisdictio-

1377 2128 1496 2158 nem.
1557 2114 1694 2166 Quam
1721 2109 1911 2153 Gratiam
1935 2107 2013 2148 &c-

1440 2228 1586 2274 Libello
1601 2227 1668 2270 hoc
1683 2243 1729 2270 ex
1743 2227 1883 2271 Italico
1899 2225 1954 2268 ad
1967 2226 2154 2267 Latinum
2170 2219 2317 2264 1d1'0ma
2330 2230 2421 2269 tra-v

1376 2289 1489 2332 duffio
1517 2288 1572 2329 ad
1598 2291 1637 2330 S.
1655 2290 1999 2344 congregationem
2011 2280 2164 2341 remtssb
2179 2308 2195 2333 ,
2218 2279 2298 2322 haec
2313 2283 2420 2323 ita-a

1373 2349 1534 2407 defiaeper
1547 2347 1715 2389 decrevit
1726 2375 1737 2386 .
2138 2347 2141 2353 '

1435 2468 1558 2507 Sacra
1590 2466 1847 2520 congregatio
1853 2460 1979 2519 staper
2007 2464 2127 2504 statu
2154 2457 2416 2511 Regularium.

1374 2524 1521 2575 cenfiaeit
1540 2528 1753 2566 Conventus
1781 2535 1980 2574 nunquam
1987 2517 2208 2578 fiaepprffs
2225 2546 2240 2568 a
2266 2521 2308 2558 in
2327 2517 2421 2570 qui-

1373 2582 1444 2625 bus
1473 2581 1564 2623 aera
1583 2582 1726 2636 degunt
1756 2581 1799 2620 de
1827 2580 1998 2623 Familia
2018 2579 2185 2632 plures,
2213 2575 2332 2630 qudm
2345 2570 2421 2630 fiae

1374 2639 1734 2696 Religioffiminime
1747 2635 2010 2692 comprehendi
2022 2641 2065 2683 in
2084 2639 2250 2678 Decreto
2266 2636 2421 2674 S-mcm.

1372 2703 1589 2743 Innocenti?
1606 2700 1651 2741 X.
1674 2699 1928 2752 quodinct‘ptt
1940 2723 1954 2746 ,
1968 2696 2003 2736 U
2009 2696 2115 2738 TIN
2131 2695 2232 2735 PAR
2245 2693 2323 2735 Vis
2336 2689 2420 2736 (Tc.

1371 2772 1418 2800 ac
1450 2756 1620 2812 proinde
1654 2757 1825 2798 locorum
1862 2753 2090 2796 ordinarios
2126 2760 2418 2804 nequaquam-³

1363 2815 1469 2875 poste
1494 2819 1538 2857 in
1562 2818 1642 2857 vim
1672 2813 1769 2855 dmi
1798 2813 1964 2853 Decreta·
1993 2813 2035 2850 in
2059 2808 2282 2865 hujusmodi
2322 2809 2424 2848 Con-

1307 2921 1310 2923 *
1371 2874 1579 2925 ventibus,
1602 2880 1674 2914 aut
1697 2873 1857 2914 illorum
1884 2867 2054 2925 Personis
2068 2869 2189 2908 uttam
2199 2865 2284 2922 sibi
2293 2861 2424 2921 jurffi

486 3015 528 3058 D
588 3015 623 3056 E
683 3018 721 3059 C
781 3016 822 3057 R
883 3015 918 3056 E
980 3015 1018 3056 T
1075 3014 1116 3056 Ο

306 3129 353 3183 S.
385 3133 584 3204 Congreg.
623 3131 811 3201 Epifiop.
847 3132 903 3181 (Y
941 3130 1147 3204 Regular.
1183 3134 1277 3184 &c-

274 3265 623 3323 Conventus,in
638 3261 801 3330 quibus
811 3261 961 3330 plures
975 3260 1112 3328 quam
1125 3262 1199 3313 sex
1213 3266 1317 3314 Fra.

309 3348 402 3386 tres
415 3333 607 3407 degunt,
622 3334 670 3384 in
686 3338 888 3385 Decreto
905 3335 1059 3383 s.me.
1077 3336 1238 3383 Innoc.
1252 3338 1318 3386 X.

986 3460 1259 3530 No

1373 2933 1582 2978 dib‘t‘ionem
1610 2930 1840 2974 vendicare.
1869 2930 2024 2970 Datum
2050 2929 2181 2971 Romae
2200 2928 2279 2968 Die
2303 2935 2424 2965 xxix.

1375 2991 1604 3039 Novembris
1629 3002 1852 3034 Μοεινιι.

1607 3111 1656 3150 B.
1690 3106 1808 3149 Card.
1841 3102 1998 3159 Spuda-

1496 3230 1625 3273 Locus
1639 3225 1696 3281 »Β
1710 3221 1870 3279 sigilli.

1601 3341 1765 3402 Pasti-r
1796 3343 2008 3399 fagnanus
2038 3333 2302 3381 SecretarIus.

1389 3464 1690 3531 TA-

275 3604 348 3698 P
361 3605 450 3644 Lura
464 3604 507 3643 de
522 3609 585 3648 hae
597 3610 737 3648 materia
751 3609 786 3647 in
802 3609 923 3648 Tomo
941 3632 955 3655 ,
978 3605 1261 3646 constitutiones
1274 3609 1433 3647 omnibus
1447 3606 1685 3654 Regularibus
1703 3613 1902 3643 communes
1923 3600 2130 3641 continente
2143 3596 2415 3637 adelariorem..

377 3655 526 3698 regulam
541 3658 606 3695 suis
620 3660 705 3697 locis
717 3659 871 3696 dicentur
885 3683 899 3704 ,
922 3670 998 3708 quae
1012 3666 1051 3692 ut
1067 3655 1199 3695 facilius
1213 3657 1435 3697 inveniantur
1446 3683 1461 3704 ,
1482 3658 1678 3696 consulatur
1694 3654 1801 3692 Index
1813 3664 1931 3700 gener.
1957 3652 2067 3689 Verb.
2097 3649 2298 3699 Episcopus,
2325 3647 2420 3685 Con-

277 3714 403 3742 ventus
416 3724 430 3745 ,
453 3699 607 3759 Isifitatio
618 3733 628 3743 .

378 3752 515 3789 lntenm
532 3764 671 3791 notetur
689 3779 703 3800 ,
725 3758 820 3804 quod
836 3767 905 3794 tam
925 3758 1042 3795 Innoc.
1057 3754 1106 3793 X.
1121 3754 1333 3793 Constitutio
1347 3753 1579 3808 Instaurandae
1590 3777 1605 3800 ‚
1633 3753 1736 3802 quam
1750 3749 1832 3798 Ejus
1845 3751 2029 3788 Decretum
2041 3749 2090 3786 vt
2107 3749 2145 3783 in
2159 3747 2284 3797 parvis
2297 3740 2421 3795 princi·

277 3801 391 3850 palitiis
407 3800 541 3840 ltaliam
553 3824 567 3849 ‚
594 3806 628 3840 ἔ(
645 3804 776 3844 insulas
795 3805 990 3861 adjacentes
1002 3828 1018 3852 2
1042 3817 1080 3844 ac
1095 3806 1131 3844 in
1141 3805 1184 3844 iis
1198 3806 1430 3854 Conventus,
1447 3802 1599 3852 specifice
1630 3801 1748 3851 postea
1761 3800 1954 3850 suppressos
1967 3825 1980 3846 ,
2003 3797 2181 3847 respiciant
2193 3821 2203 3832 .

2204 3840 2369 3887 Confir-

2421 639 2618 682 Laeuus-vap.

2420 682 2488 723 plen
2502 701 2513 714 .
