2658 4244
946 238 1109 326 Sub
1168 239 1592 328 Innocentio
1650 242 1754 330 X.

396 357 878 415 INNOCENTIUS
928 357 1099 409 PAPA
1153 362 1215 410 X.

351 468 354 470 v
500 476 762 537 Adfaturam
783 476 846 520 ret·
872 478 1091 523 memoriam
1105 503 1119 521 .

391 595 536 649 ·Xponi
553 594 665 637 nobis
683 607 811 650 nuper
827 592 925 641 fecit
939 593 1104 638 dilectus
1119 592 1220 636 filius
1239 593 1318 635 Mi-

414 653 534 696 nister
559 653 772 694 Generalis
788 655 974 699 Fratrum
994 652 1160 695 Ordinis
1184 652 1318 693 Mino-

286 726 376 754 rum
399 714 438 754 S.
456 709 649 756 francisci
658 711 955 766 Capucinorum
974 720 1292 766 nuncupatorum
1306 739 1321 765 ‚

285 768 409 825 Quod
424 768 520 810 alias
532 796 546 820 ‚
562 769 762 828 postquam
780 767 845 812 fel.
857 770 1014 815 record.
1034 771 1127 814 Pius
1142 772 1248 824 Papa
1266 770 1317 811 V.

284 823 548 874 Pratdeceffor
562 826 692 871 noster
704 857 720 885 ,³
740 828 852 874 dictis
867 830 1074 875 Fratribus
1094 831 1192 872 vivae
1208 827 1316 869 vocis

271 883 446 929 oraculo
459 882 700 930 ‚concesserat
717 915 730 937 a
750 889 818 929 seu
833 889 1114 935 declaraverat
1129 917 1143 939 ‚
1164 897 1207 929 ut
1225 888 1314 929 Fra.

281 954 364 986 tres
391 942 499 989 Laici
524 942 617 986 dicti
646 945 808 990 Ordinis
835 961 979 993 vocem
995 949 1034 990 in
1050 945 1313 991 eledtionibus

281 1002 429 1047 habere
448 999 597 1054 possent
612 1030 626 1053 a
654 1017 731 1047 non
749 1003 928 1052 obstante
943 1006 1108 1049 Concil.
1127 1004 1312 1048 Trident.

278 1059 361 1105 seffi
389 1073 518 1107 xxvi.
546 1059 598 1102 de
621 1059 788 1106 reform.
810 1077 895 1120 cap.
918 1078 978 1106 tv.
1006 1062 1312 1120 conoeffioque,

275 1116 344 1165 seu
373 1117 596 1165 declaratio
634 1120 855 1176 hujufinodi
899 1121 1031 1169 fuerat
1061 1124 1083 1168 a
1113 1120 1312 1177 Capitulis

272 1176 536 1233 >generalibus
558 1177 653 1224 dieti
683 1179 847 1223 Ordinis
875 1181 1075 1232 limitata,
1103 1179 1311 1226 videlicet:

278 1237 336 1281 Ut
366 1237 528 1282 Fratres
554 1236 663 1285 Laici
689 1238 910 1294 hujufinodi
937 1240 959 1283 a
986 1254 1084 1284 voce
1100 1239 1252 1294 activa,
1275 1240 1315 1279 &

275 1291 418 1351 paffiva
434 1293 475 1334 in
494 1293 758 1344 electionibus
779 1298 972 1354 praedic‘h's
998 1296 1144 1343 exclusi
1175 1291 1310 1340 forent

277 1350 431 1395 tamdiu
446 1379 460 1404 ,
488 1348 675 1406 quamdiu
689 1355 890 1410 integrum
914 1355 1223 1410 quadriennium
1238 1354 1308 1397 in„

274 1407 424 1453 eodem
438 1409 596 1452 Ordine
610 1423 691 1457 non
706 1412 1009 1468 complevissent
1025 1427 1037 1459 ;
1065 1411 1310 1465 postmodum

272 1465 394 1509 etiam
420 1479 510 1510 rec.
531 1480 651 1512 mem.
675 1471 842 1517 Urbano
862 1473 968 1532 Papa
983 1471 1133 1526 pariter
1147 1469 1310 1511 Praede-

271 1519 421 1566 ceffore
452 1523 585 1568 nostro
598 1554 615 1576 ,
641 1528 732 1580 quia
749 1542 799 1572 ex
814 1528 937 1571 certis
950 1527 1074 1573 caufis
1092 1528 1307 1570 animum-2

267 1578 376 1621 suum
394 1582 648 1627 moventibus
665 1586 760 1630 vivae
786 1588 894 1632 vocis
923 1586 1088 1632 oracula
1107 1585 1305 1640 hujusmo-

266 1637 312 1680 di
329 1651 597 1687 revocaverat
608 1671 626 1695 ,
646 1643 867 1698 supplicato
878 1674 892 1696 ,
914 1655 960 1693 ut
974 1644 1143 1698 desuper
1156 1658 1306 1698 oppor-

275 1695 372 1739 tune
413 1697 655 1749 rovideret,
681 1703 790 1747 idem
821 1703 1009 1746 Urbanus
1036 1699 1305 1747 Praedecessor

272 1711 498 1810 hujusinodi
529 1754 877 1811 supplicationibus
907 1759 1117 1804 inclinatus
1142 1787 1157 1810 ,
1197 1759 1305 1813 quod

270 1811 382 1855 Laici
413 1811 564 1856 dietum
582 1815 779 1860 Ordinem
803 1828 966 1863 eatenus
980 1812 1138 1874 profeffi
1155 1845 1169 1867 ‚
1195 1816 1303 1871 juxta

270 1868 496 1925 praedictam
511 1870 706 1919 dictorum
724 1876 1009 1933 Capitulorum
1023 1874 1304 1931 generalium„

269 1928 584 1982 limitationemg,
611 1931 636 1971 ii
653 1935 778 1986 vero,
806 1935 874 1989 qui
889 1948 939 1975 ex
955 1946 1049 1975 tunc
1067 1935 1120 1975 de
1143 1944 1305 1981 coetero

269 1985 466 2031 Habitum
487 1998 560 2046 per
577 1989 735 2034 Fratres
759 1993 902 2037 Laicos
924 1991 1146 2047 hujusmodi
1160 1991 1300 2050 gestari

267 2042 428 2087 solitum
444 2040 695 2101 sulcepiffent
713 2077 727 2100 ,
747 2052 788 2091 &
811 2049 1091 2105 profeffionem
1117 2064 1190 2105 per
1213 2047 1300 2092 eos·

267 2100 361 2147 dem
390 2101 524 2145 emitti
550 2104 779 2152 consuetam
808 2107 1023 2154 emisissent
1050 2109 1257 2163 regulares
1286 2137 1301 2159 ‚

267 2159 474 2216 postquam
501 2160 668 2217 integro
684 2167 889 2221 septennio
915 2167 936 2210 a
951 2167 1018 2210 die
1040 2167 1210 2222 suscepti
1226 2181 1302 2222 per

265 2231 336 2260 eos
353 2216 523 2265 Habitus
551 2221 775 2274 hujusmodi
803 2225 842 2266 in
871 2225 978 2272 dicto
993 2226 1147 2268 Ordine
1173 2224 1299 2281 degis·

266 2274 352 2319 sent
367 2303 381 2329 2
396 2290 540 2329 vocem
558 2281 726 2325 activam
739 2310 752 2333 ‚
781 2284 819 2327 &
838 2283 1019 2337 passivam
1038 2285 1075 2325 in
1090 2284 1298 2328 elefftioni·

266 2333 338 2379 bus
354 2333 547 2389 praedietis
563 2339 613 2384 ad
630 2341 797 2397 triginta
813 2341 1010 2386 duntaxat
1026 2356 1151 2386 annos
1175 2343 1297 2385 habe-

267 2405 312 2435 re
328 2392 460 2437 libere
475 2421 489 2443 ‚
506 2395 545 2440 δε,
558 2395 671 2443 licite
686 2396 837 2453 possent
852 2430 867 2449 ,
891 2402 933 2445 ὃς
947 2400 1129 2443 valerent
1147 2427 1161 2451 ,
1185 2402 1296 2455 Apo-

267 2449 406 2494 stolica
434 2453 692 2497 Auetoritate
717 2458 905 2502 conceffit
932 2486 946 2508 ,
980 2460 1020 2499 &
1047 2457 1205 2499 indulfit
1222 2485 1235 2507 ‚
1261 2459 1304 2500 δε.

267 2505 383 2556 alias,
399 2519 516 2560 prout
531 2511 568 2553 in
585 2509 682 2564 suis,
696 2514 732 2554 in
748 2513 862 2556 fimili
877 2514 1003 2558 forma
1016 2515 1154 2557 Brevis
1167 2515 1299 2555 literis

267 2563 320 2606 de
345 2567 467 2605 Anno
481 2579 735 2614 mncxxxvu.
753 2570 926 2626 desuper
951 2572 1170 2620 emanatis,
1198 2586 1297 2626 qua-

267 2635 357 2663 rum
385 2630 547 2663 tenores
571 2627 826 2680 praesentibus,
850 2641 922 2682 pro
950 2629 1072 2681 plene
1089 2657 1103 2678 ,
1124 2630 1164 2669 &
1189 2629 1295 2672 suffi-

267 2679 422 2722 cienter
437 2682 624 2735 expreffis
639 2684 777 2727 haberi
793 2685 977 2730 volumus
989 2715 1002 2737 ‚
1021 2687 1181 2730 uberius
1197 2702 1296 2730 con-

266 2737 448 2781 tinetur.
481 2739 789 2784 Limitationem
815 2746 915 2786 vero
948 2744 1171 2798 hujusmodi
1195 2745 1296 2800 aegre

265 2793 401 2836 ferens
420 2803 530 2837 totus
546 2799 659 2841 Ordo
670 2801 880 2854 praedictus
895 2831 910 2851 ,
939 2803 1029 2844 &in
1045 2816 1091 2846 ea
1109 2817 1295 2846 revocan.

265 2852 318 2895 da
349 2852 388 2896 in
421 2854 602 2897 terminis
633 2859 820 2913 expreffis
850 2858 1059 2904 difficilem
1085 2863 1296 2917 reperiens

265 2910 443 2956 eundem
459 2914 665 2957 Urbanum
683 2915 1078 2971 praedecefforemffib
1093 2933 1143 2962 eo
1161 2919 1299 2963 denuo

264 2966 588 3015 Constitutiones
604 2972 784 3027 ejusdem
799 2974 963 3017 Ordinis
978 3005 994 3026 ,
1010 2987 1132 3030 prout
1147 2977 1298 3032 jacent,

262 3024 491 3081 Apostolica
506 3030 771 3074 Authoritate
787 3031 1017 3076 confirmari
1032 3035 1265 3087 procuravit
1281 3062 1300 3085 2

261 3084 578 3140 obtinuitque,&
594 3102 643 3146 ex
655 3089 882 3144 *hujusmodi
896 3091 1203 3136 confirmatione
1218 3094 1298 3148 pri·

259 3143 401 3188 stinum
431 3141 491 3199 jus¹
520 3147 746 3192 eorundem
762 3150 948 3192 Fratrum
966 3152 1181 3195 Laicorum
1197 3166 1296 3207 quo-

261 3200 310 3245 ad
325 3200 544 3246 electiones
573 3205 777 3259 praedistas..
791 3207 874 3251 illis
900 3208 1128 3255 restitutum
1158 3207 1296 3260 fuiffe,

258 3261 497 3315 praetendit.
534 3265 639 3307 Cum
664 3272 802 3317 autem
828 3294 844 3317 ‚
873 3267 973 3308 ficut
1002 3267 1144 3311 eadem
1170 3282 1296 3322 expo-

258 3318 347 3360 fitio
389 3316 658 3375 subjungebat
694 3351 709 3374 ,
759 3324 877 3368 multi
905 3339 954 3368 ex
980 3326 1187 3368 Fratribus
1218 3328 1291 3371 hu-

257 3374 426 3432 jusmodi
439 3378 480 3419 in
493 3378 661 3424 dubium
675 3380 910 3425 remearint
925 3410 941 3432 2
971 3397 1018 3426 an
1038 3398 1087 3426 ex
1105 3398 1205 3428 nova
1223 3398 1288 3426 ea-

258 3432 429 3476 rundem
445 3439 791 3484 Constitutionum
821 3438 1128 3485 confirmatione
1147 3442 1290 3498 praedi-

258 3494 325 3558 &at
345 3493 587 3557 ‘restitutioni
601 3496 696 3554 juris
723 3499 901 3554 eligendi
918 3529 931 3551 ‚
948 3498 1056 3542 faetae
1082 3501 1290 3544 Fratribus

260 3550 374 3593 la1c1s
390 3550 612 3606 hujusmodi
626 3554 702 3600 fuit
713 3586 728 3608 ,
754 3558 790 3599 &
805 3560 852 3600 fit
862 3557 1106 3603 sufficienter
1122 3586 1137 3608 a
1166 3562 1205 3601 δι
1219 3561 1290 3601 ab·

258 3607 367 3651 unde
381 3620 540 3652 cautum
553 3641 568 3664 ,
605 3615 735 3658 Nobis
746 3626 964 3673 propterea
983 3619 1091 3660 idem
1107 3618 1289 3661 Minister

260 3667 478 3712 Generalis
491 3670 701 3714 humiliter
711 3674 925 3730 supplicari
938 3675 1059 3727 fecit,
1084 3678 1179 3719 utin
1197 3691 1289 3731 prae.

258 3723 374 3767 miffis
387 3730 633 3782 opportune,
645 3740 690 3772 ut
707 3732 826 3786 insta,
837 3736 1056 3789 providere
1074 3764 1088 3787 ,
1103 3738 1142 3777 &
1157 3733 1290 3776 indul-

258 3798 356 3840 gere
383 3783 437 3828 de
465 3785 716 3843 benignitate
740 3793 972 3849 Apostolica
999 3794 1285 3851 dignaremur.

2185 280 2330 353 103

1382 361 1469 401 Nos
1485 357 1637 411 igitur,
1667 359 1733 412 qui
1751 357 1910 400 felicem
1923 358 2017 402 dicti
2042 361 2202 406 Ordinis
2228 359 2403 414 statum,‚'

1379 417 1417 456 ὃ(
1431 414 1694 459 directionem
1709 417 1869 458 finceris
1882 416 2150 463 defideramus
2166 424 2367 466 affectibus
2384 451 2397 473 2

1381 474 1554 516 eundem
1570 474 1792 517 Ministrum
1809 478 2051 519 Generalem
2075 481 2315 534 specialibus
2338 479 2399 523 fa-

1382 533 1545 575 voribus
1560 561 1573 585 ,
1594 534 1776 586 &gratiis
1786 536 1972 590 prosequi
1988 536 2169 579 volentes
2184 569 2198 590 ,
2225 544 2261 583 &
2278 543 2297 582 a
2314 539 2398 595 qui.

1377 590 1508 636 busvis
1541 593 1968 636 excommunicationis
1993 621 2006 643 ,
2038 594 2077 635 su
2087 596 2288 648 spenfionis
2315 626 2328 650 2
2359 599 2397 638 δε

1378 648 1602 701 interdicti,
1633 650 1800 706 aliisque
1817 678 1830 700 ‚
1860 651 2144 695 Ecclesiasticis
2166 654 2368 699 sententiis
2383 682 2397 705 ,

1380 707 1554 752 censuris
1570 737 1584 759 ‚
1609 709 1791 764 &poenis
1805 709 1825 749 εἰ
1842 708 1926 761 jure
1942 738 1955 759 ,
1986 713 2048 753 vel
2063 712 2110 756 ab
2127 714 2284 757 homine
2298 728 2400 769 qua-

1381 768 1437 810 vis
1450 767 1653 810 occasione
1671 796 1685 818 ,
1716 768 1779 811 vel
1798 769 1912 811 causa
1942 768 2033 811 latis
2049 799 2062 821 ,
2094 771 2117 812 s1
2136 775 2274 826 quibus
2296 785 2397 828 quo-

1375 825 1599 871 modolibet
1614 826 1826 869 innodatus
1841 826 1996 878 existit,
2023 828 2071 871 ad
2099 829 2281 873 effectum
2300 841 2396 885 prae-

1372 885 1539 931 sentium
1556 885 1749 933 duntaxat
1776 885 2098 942 consequendum
2111 914 2125 937 a
2142 888 2280 930 harum
2294 887 2398 928 serie

1373 943 1650 995 absolventes,
1667 945 1707 989 &
1720 944 1944 987 absolutum
1965 943 2054 987 fore
2069 944 2303 996 censentes,
2322 946 2399 986 hu-

1372 1002 1539 1060 jusmodi
1555 1002 1905 1058 supplicationibus
1920 1002 2128 1054 inclinati,
2141 1004 2319 1059 praefatas
2334 1000 2397 1043 di-

1373 1062 1425 1103 ἑὶί
1441 1061 1605 1108 Ordinis
1619 1061 1962 1114 constitutiones,
1992 1075 2134 1106 vocem
2150 1091 2163 1113 ,
2189 1064 2229 1104 &
2258 1072 2399 1104 votum

1374 1121 1415 1165 in
1447 1119 1712 1164 electionibus
1734 1119 2009 1165 concedentes
2037 1122 2242 1167 Fratribus
2269 1120 2398 1163 Laicis

1374 1179 1592 1234 Capucinis
1609 1178 1832 1234 hujusmodi
1848 1180 1886 1220 in
1905 1179 2012 1222 dic'lo
2025 1180 2182 1223 Ordine
2206 1182 2256 1224 ab
2268 1181 2397 1223 omni-

1372 1239 1443 1285 bus
1456 1264 1470 1286 a
1486 1238 1525 1278 &
1541 1236 1698 1291 singulis
1714 1264 1727 1286 ‚
1744 1237 1793 1279 ad
1808 1251 1905 1293 quos
1921 1239 2067 1293 speirat
2080 1269 2096 1290 ‚
2110 1241 2149 1282 δε
2161 1240 2201 1281 in
2217 1238 2397 1281 futurum

1370 1295 1678 1352 quomodolibet
1693 1294 1895 1349 spectabit,
1910 1296 2210 1349 inviolabiliter,
2222 1300 2261 1340 ὃς
2274 1305 2397 1353 prout

1370 1355 1409 1395 in
1429 1351 1581 1396 eisdem
1595 1354 1956 1399 Constitutionibus
1971 1356 2208 1399 continetur
2225 1385 2238 1407 ,
2262 1355 2398 1397 obser·

1373 1412 1486 1461 vari,
1501 1413 1538 1455 &
1555 1411 1765 1466 adimpleri
1780 1412 1932 1455 debere
1944 1439 1957 1462 ‚
1983 1426 2028 1454 ac
2042 1416 2299 1468 quoscunque
2314 1415 2396 1454 Or·-

1370 1469 1473 1512 dinis
1488 1469 1727 1523 Superiores
1742 1498 1756 1518 ‚
1786 1472 1944 1511 Fratres
1956 1499 1972 1520 ‚
1993 1472 2033 1512 &
2047 1473 2238 1513 Personas
2255 1471 2304 1514 ad
2327 1484 2398 1512 ea·-

1367 1526 1534 1570 rundem
1547 1525 1892 1571 Constitutionum
1918 1528 2240 1574 observationem
2264 1527 2399 1585 quoad

1366 1588 1443 1630 hoc
1471 1585 1654 1627 omnibus
1672 1585 1793 1638 juris,
1823 1588 1863 1627 ἃ.
1889 1585 1979 1629 faeti
1998 1587 2189 1630 remediis
2207 1589 2297 1642 cogi
2314 1616 2327 1638 ,
2357 1589 2397 1631 &

1366 1643 1558 1696 compelli
1576 1641 1682 1697 posse
1696 1671 1710 1692 ,
1734 1646 1866 1699 ficque
1881 1659 1954 1698 per
1968 1646 2222 1700 quoscunque
2233 1646 2396 1702 Judices

1366 1700 1620 1751 Ordinatios,
1632 1703 1668 1742 &
1682 1700 1893 1755 delegatos
1908 1731 1921 1753 ‚
1934 1704 1972 1746 δε
1987 1703 2083 1746 alios
2099 1704 2256 1760 quosvis
2271 1707 2397 1747 Com-

1367 1757 1555 1801 miffarios
1570 1760 1731 1816 ‚quavis
1745 1761 2002 1803 Auctor-itate
2018 1760 2230 1816 fungentes
2247 1790 2259 1812 ,
2271 1762 2396 1806 etiam

1363 1816 1580 1860 Causarum
1606 1818 1747 1860 Palatii
1763 1818 1978 1872 Apostolici
2004 1820 2225 1865 Auditores
2241 1820 2395 1876 judica-

1367 1876 1399 1918 ri
1415 1903 1428 1925 ‚
1451 1875 1657 1920 &definiri
1685 1878 1866 1927 debere,
1894 1878 2129 1935 irritumque
2145 1907 2158 1930 ,
2185 1881 2225 1920 ὃς
2248 1879 2396 1930 inane,

1365 1934 1557 1989 quidquid
1573 1934 1682 1976 secus
1697 1933 1814 1988 super
1834 1936 1888 1978 his
1904 1934 1924 1978 ὲ
1940 1938 2295 1993 quoquam,quavis
2313 1939 2397 1978 Au-

1362 1994 1547 2035 &oritate
1573 1992 1745 2034 scienter
1766 2020 1780 2042 ‚
1821 1995 1886 2035 vel
1914 1993 2147 2047 ignoranter
2172 1995 2392 2048 contigerit

1359 2051 1581 2100 attentari,
1595 2050 1846 2095 decernimus
1861 2079 1875 2103 ‚
1904 2052 1944 2092 &
1961 2052 2193 2094 mandamus
2204 2079 2225 2096 .,
2242 2078 2245 2081 ι
2263 2056 2393 2096 Nom,

1362 2109 1609 2150 obstantibus
1635 2109 1822 2154 omnibus
1840 2137 1857 2159 a.
1891 2111 1927 2151 &
1962 2110 2119 2166 fingulis
2152 2110 2230 2152 illis
2256 2139 2271 2160 ‚
2307 2126 2393 2167 quae

1360 2167 1470 2210 idem
1490 2167 1675 2212 Urbanus
1693 2165 1959 2213 Praedeceffor
1983 2170 2021 2213 in
2042 2169 2116 2210 suis
2134 2170 2279 2212 Literis
2294 2183 2392 2224 prae-

1363 2225 1476 2268 dietis
1492 2225 1621 2270 voluit
1639 2240 1716 2270 non
1736 2225 1890 2268 obstare
1909 2253 1923 2277 2
1936 2226 2166 2284 caeterisque
2181 2227 2396 2271 contrariis

1360 2281 1654 2340 quibuscunque
1672 2312 1682 2323 .
1701 2284 1899 2327 Volumus
1917 2294 2051 2328 autem
2066 2315 2080 2337 ‚
2095 2286 2203 2341 quod
2223 2285 2391 2341 praesen-

1358 2345 1458 2387 tium
1473 2341 1869 2396 transumptis-etiam
1883 2343 2209 2398 impreflisfflianu
2220 2344 2397 2396 alicujus.

1357 2400 1517 2444 Notat-ii
1535 2399 1686 2454 publici
1715 2400 1971 2455 subscriptis,
1991 2404 2030 2446 &v
2054 2402 2201 2456 Sigillo.
2219 2402 2395 2456 alicujus.

1362 2457 1538 2511 personae
1570 2458 1612 2496 in
1638 2455 1836 2513 dignitate
1866 2458 2144 2501 Ecclefiasticai
2169 2459 2392 2501 constitutae

1363 2514 1525 2556 munitis
1542 2543 1562 2563 2
1573 2513 1717 2555 eadem
1731 2513 1895 2568 prorsus
1912 2516 2057 2570 ubique
2075 2516 2175 2557 fides
2201 2517 2392 2559 adhibea-

1357 2582 1449 2621 tur,
1478 2585 1562 2626 quae
1576 2571 1843 2614 adhiberetur
1858 2571 1942 2627 ipsis
1960 2572 2216 2629 praesentibus
2237 2605 2253 2626 ,
2280 2574 2308 2618 fit
2330 2573 2397 2616 fo-

1355 2641 1444 2676 rent
1459 2629 1644 2671 exhibitae
1657 2658 1671 2680 ‚
1685 2630 1750 2672 vel
1766 2630 1925 2674 ostensae
1937 2659 1954 2675 .,

1414 2691 1512 2732 Dat.
1529 2689 1668 2732 Romae
1680 2689 1783 2743 apud
1799 2691 1979 2731 Sanctam
1998 2690 2165 2731 Mariam
2190 2689 2390 2746 Maiorem

1355 2745 1424 2788 sub
1441 2746 1604 2788 Annulo
1616 2745 1825 2788 Piscatoris
1840 2746 1909 2790 die
1924 2750 2386 2804 xxiv-Sept.Mncx1.v11.

1356 2802 1623 2851 Pontificatus
1634 2804 1754 2848 nostri
1769 2808 1886 2848 Anno
1902 2806 2046 2849 Tertio
2061 2834 2073 2846 .

1901 2923 1964 2965 M·
1975 2924 2026 2964 A.
2043 2924 2277 2966 Maraldm4

1419 3036 1664 3092 Autograph.
1692 3039 1736 3079 in
1760 3036 1883 3079 Arch.
1904 3041 2048 3080 Secret.
2078 3043 2190 3082 Brev.
2218 3040 2390 3095 Apestol.

1476 3098 1570 3151 Reg.
1587 3093 1971 3153 Sept.1647.fol.40.
1986 3098 2031 3139 de
2046 3112 2120 3153 quo
2134 3102 2252 3141 Breve
2255 3098 2390 3156 form.

1470 3156 1512 3194 in
1526 3153 1644 3196 Arch.
1652 3167 1743 3209 gen.
1760 3154 1854 3198 Ord.
1876 3158 1978 3198 Tam.
1993 3158 2046 3199 G.
2058 3170 2163 3199 num.
2181 3169 2275 3199 120-

1350 3386 1648 3444 Bibliothecas
1664 3388 1816 3439 debite
1838 3387 2026 3446 instrui,
2051 3385 2101 3437 <Sc
2127 3388 2290 3440 Libros
2314 3389 2388 3441 sud

1381 3457 1578 3526 perfluos
1594 3496 1609 3518 ‚
1634 3459 1690 3509 ad
1708 3461 1818 3508 alios
1837 3461 2104 3508 Conventus
2128 3495 2146 3517 ,
2169 3461 2222 3508 iis
2236 3479 2386 3512 caren-

1382 3543 1447 3577 tes
1462 3566 1476 3586 ‚
1487 3535 1618 3591 juxta
1636 3527 1981 3578 Eminentiffimi
2002 3529 2257 3579 Cardinalis
2279 3535 2385 3594 Pro-⁸

1381 3598 1564 3648 testoris
1582 3599 1820 3649 arbitrium
1846 3601 1971 3649 mitti
1988 3635 2006 3658 ‚
2030 3600 2237 3650 concedit
2255 3636 2267 3649 .

1347 3738 1485 3781 Foris.
1554 3736 1770 3781 Venerabili
1801 3739 1944 3781 Fratri
1969 3737 2108 3795 Nostro
2137 3740 2385 3783 Bernardino

1403 3795 1581 3853 Episcopo
1600 3794 1814 3852 Albanenst
1822 3823 1838 3849 2
1863 3799 1900 3840 S.
1916 3800 1966 3841 R.
1984 3802 2026 3842 E.
2056 3800 2384 3899 Cardinalidcga-
