2658 4244
862 234 1020 324 Sub
1082 235 1508 326 Innocentio
1570 237 1711 324 XI.

261 412 846 484 INNOCENTIUS
885 412 1087 461 PAPA
1124 415 1229 463 XI.

419 543 488 586 Ad
495 551 725 599 perpetuam
748 543 809 586 rei
831 541 1050 582 memor-lam
1063 568 1076 580 .

343 650 478 705 Xponi
498 647 628 692 Nobis
652 662 778 704 nuper
802 647 897 691 fecit
923 647 1096 692 dileffitus
1131 648 1257 691 Filius

356 709 631 750 Bonaventura
643 708 664 749 d
679 707 885 751 Recineto
901 710 1146 750 Procurator
1163 711 1252 750 Ge-

230 765 374 810 neralis
386 764 548 806 Ordinis
565 767 747 808 Fratrum
761 766 963 808 Minorum
978 767 1108 810 sanai
1128 769 1254 808 Fran-

230 825 317 867 cisci
341 823 636 877 Capucinorum
655 834 1005 879 nuncupatorum,
1035 825 1143 883 quod
1170 826 1251 880 ipse

227 891 311 925 mm
325 882 375 923 ob
401 879 487 937 ejus
509 882 857 938 ingravescentem
872 895 1028 927 aetatem
1044 915 1059 937 ,
1079 896 1164 927 tum
1179 885 1253 926 ob-

227 954 324 985 onus
353 935 619 984 satisfaciendi
644 941 826 993 muneri,
860 948 941 998 quo
964 944 1144 998 pluribus
1173 946 1238 985 ab«

207 999 315 1042 'hinc
331 998 440 1041 annis
456 1000 622 1055 egregie
639 998 1153 1055 fungitur,ConC1onatoris
1180 1005 1251 1044 Sa-

225 1058 283 1103 cri
299 1057 442 1099 Palatii
460 1059 594 1101 Nostri
605 1058 823 1114 Apostolici
839 1086 854 1108 ,
881 1060 1025 1115 praevia
1041 1061 1256 1103 renuncia·

225 1117 335 1160 tione
347 1115 480 1162 Officii
496 1117 774 1161 Procuratoris
806 1120 1023 1163 Generalis
1052 1119 1253 1176 hujusmo-

223 1175 294 1228 di,
319 1173 430 1232 quod
446 1177 635 1219 hactenus
655 1176 913 1219 laudabiliter
929 1180 1110 1223 exercuit
1128 1209 1142 1230 ,
1168 1178 1253 1235 ejus

224 1235 384 1276 nornine
409 1235 448 1276 in
472 1237 653 1279 manibus
678 1235 821 1282 nostris
844 1235 987 1291 sponte
1017 1268 1030 1290 ,
1055 1240 1095 1281 &
1123 1237 1252 1281 libere

224 1290 355 1343 faeta,
378 1293 502 1335 alium
528 1296 840 1337 Procuratorem
865 1296 1113 1338 Generalem
1131 1295 1170 1337 in
1198 1296 1252 1338 sui

223 1350 359 1393 locum
383 1351 404 1391 ἃ
431 1353 560 1394 Nobis
575 1353 761 1406 deputari
780 1353 997 1407 plurimum
1023 1353 1224 1396 desiderat
1239 1383 1250 1394 .

221 1411 310 1451 Nos
326 1409 459 1464 itaque
473 1409 583 1464 ipsius
599 1412 893 1452 Bonaventurae
910 1415 1013 1454 votis
1029 1413 1101 1455 hac
1119 1412 1156 1453 in
1174 1427 1217 1454 re
1234 1440 1248 1462 ,

218 1466 414 1525 quantum
429 1481 518 1509 cum
531 1466 915 1522 Dominopoffumus
929 1500 945 1519 ,
973 1469 1247 1513 favorabiliter

218 1539 395 1569 annuere
409 1525 655 1575 volentes‚ac
670 1525 722 1568 de
734 1525 871 1567 dilecti
884 1529 1037 1581 pariter
1050 1527 1251 1570 filiiFran„

216 1581 308 1626 cisci
328 1581 349 1622 a
372 1582 531 1624 Perusia
555 1583 707 1626 Fratris
722 1585 909 1639 expresse
929 1584 1086 1640 professi
1101 1614 1114 1636 ,
1138 1587 1177 1627 δε
1197 1585 1250 1628 ad

216 1642 381 1698 praesens
397 1640 634 1685 Diffinitoris
648 1642 865 1694 Generalis
882 1642 1064 1696 ejusdem
1079 1644 1245 1685 Ordinis

218 1698 325 1750 fide,
345 1698 583 1753 prudentia,
602 1699 803 1742 charitate
819 1726 834 1749 ,
858 1700 1011 1755 pietate
1032 1728 1046 1750 ,
1078 1701 1248 1756 integri-

219 1767 337 1808 tate,
370 1757 574 1812 vigilantia
597 1784 612 1806 ,
637 1758 674 1798 δε
700 1757 925 1811 Religionis
952 1758 1059 1802 Zelo
1085 1759 1248 1815 plenam

220 1816 464 1860 habentesin
490 1817 667 1857 Domino
688 1813 905 1866 fiduciam,
930 1815 1248 1872 dictorumque„

223 1877 512 1918 Bonaventurae
526 1903 541 1924 ‚
566 1875 604 1915 &
620 1873 817 1916 Francisci
829 1875 1044 1930 singulares
1061 1875 1248 1932 personas

222 1933 245 1975 a
259 1930 460 1987 quibusvis
485 1931 909 1975 excommunicationis
921 1962 937 1982 ‚
963 1933 1218 1988 suspenfionis
1232 1963 1247 1983 ,

220 1993 261 2034 &
278 1987 481 2030 interdiffi
496 2016 510 2039 ,
533 1986 700 2042 aliisque
717 1988 1007 2032 Ecclesiasticis
1023 1990 1252 2042 sententiis,

219 2043 393 2091 censuris
408 2075 424 2096 ,
445 2047 484 2087 &
510 2046 641 2101 poenis
663 2045 684 2087 a
707 2045 817 2102 jure,
846 2047 913 2090 vel
939 2049 1102 2092 homine
1115 2051 1252 2106 quavis

221 2104 429 2149 occasione
445 2104 512 2146 vel
528 2103 642 2147 causa
658 2103 748 2147 latis
762 2136 777 2157 ,
799 2106 827 2146 fi
839 2107 979 2163 quibus
992 2107 1252 2164 quomodoli-

224 2166 294 2208 bet
310 2161 508 2205 innodatae
520 2162 690 2205 existunt
706 2192 720 2215 ,
733 2165 784 2207 ad
798 2164 984 2210 effectum
1002 2167 1250 2222 praesentium

220 2222 415 2265 duntaxat
429 2220 1030 2281 consequendum,harumuserie
1045 2224 1256 2268 absolven-

221 2285 308 2333 tes,
336 2281 376 2322 &
405 2279 605 2323 absolutas
628 2278 715 2325 fore
738 2281 944 2326 censentes
974 2312 989 2335 ,
1027 2284 1254 2341 hujusmodi

221 2338 570 2395 supplicationibus
585 2339 792 2392 inclinati,
810 2344 1155 2387 renunciationem
1170 2372 1183 2394 ,
1211 2344 1252 2385 &

220 2397 433 2443 cessionem
466 2397 692 2455 hujusmodi
733 2397 908 2454 ejusdem
958 2403 1251 2446 Bonaventurae

219 2457 378 2499 nomine
393 2456 533 2501 fartam
547 2487 561 2510 ,
573 2459 830 2501 Auctoritate
843 2459 1095 2515 Apostolica,
1110 2471 1258 2502 tenore

222 2515 469 2567 praesentium
483 2515 759 2567 admittimus,
789 2519 830 2558 δε
851 2519 891 2558 in
918 2517 1004 2572 ejus
1022 2519 1156 2559 locum
1184 2517 1257 2558 iit-2

219 2573 533 2614 Procuratorem
555 2574 800 2615 Generalem
817 2573 985 2615 Ordinis
1005 2573 1176 2631 praedicti
1193 2573 1255 2615 us—

220 2643 299 2685 que
335 2629 386 2671 ad
424 2631 767 2686 complementum
794 2633 988 2685 temporis
1013 2661 1028 2684 ,
1070 2631 1120 2674 ad
1142 2630 1251 2688 quod

221 2685 410 2744 praefatus
434 2691 713 2734 Bonaventura
734 2689 776 2734 in
801 2689 947 2737 Officio
972 2689 1250 2735 Procuratoris

948 2858 1204 2924 ΝΟ

1321 353 1534 397 Generalis
1563 352 1792 407 hujusmodi
1809 350 2141 403 durare'deber'et
2158 392 2173 412 ,
2198 377 2353 406 memo-

1322 423 1455 455 ratum
1478 412 1729 454 Franciscum
1755 412 1776 453 a
1800 416 1957 459 Perusia
1971 432 2062 460 cum
2076 422 2285 473 omnibus,
2311 425 2350 463 &
2374 416 2379 419 ’

1322 470 1483 526 singulis
1500 468 1762 512 facultatibus
1776 499 1789 521 ,
1805 476 2112 527 praeeminentiis
2127 509 2141 528 ,
2157 494 2353 535 praeroga-

1322 531 1446 580 tivis,
1472 529 1739 580 austoritate,
1760 531 2011 587 privilegiis,
2037 539 2201 589 gratiis,
2230 541 2268 580 δι
2295 543 2354 580 in-

1320 589 1473 638 dultis,
1497 600 1543 628 ac
1570 588 1821 640 honoribus,
1851 592 1890 631 &
1914 593 2104 634 oneribus
2132 595 2282 649 solitis,
2311 600 2351 639 δε

1317 646 1547 695 consuetis,
1573 661 1618 688 ac
1648 648 1790 703 quibus
1817 648 1944 691 dinus
1971 652 2253 696 Bonaventura
2281 671 2348 698 ra·-

1313 708 1427 748 tione
1450 703 1588 747 Officii
1612 704 1762 760 praefati
1790 707 2048 762 potiebatur,
2080 714 2351 764 auctoritate,

1312 767 1352 810 δι
1376 775 1523 807 tenore
1549 765 1743 819 praediffis
1770 767 2044 811 constituimus
2061 798 2075 820 ,
2107 771 2144 810 ὃς
2177 771 2353 826 deputa-

1311 834 1398 865 mus
1411 853 1422 864 .
1457 825 1722 868 Decernente
1735 826 1887 880 pariter
1903 827 2060 871 easdem
2079 826 2287 882 praesentes
2305 830 2353 870 li-

1312 894 1422 926 teras
1436 880 1565 924 firmas
1581 911 1595 933 ,
1624 883 1777 926 validas
1791 914 1806 935 ‚
1832 886 2066 929 &efficaces
2084 888 2255 928 existere
2271 915 2285 937 ,
2311 889 2352 927 δε

1309 941 1429 990 fore,
1459 940 1623 997 suosque
1649 942 1850 998 plenarios
1877 973 1891 995 ,
1922 947 1960 986 &
1982 945 2163 998 integros
2190 944 2354 985 effeetus

1308 1000 1466 1051 sortiri,
1480 1002 1518 1041 &
1533 1001 1721 1044 obtinere
1737 1031 1751 1053 ,
1767 1016 1813 1044 ac
1831 1006 2122 1046 Bonaventurae
2136 1031 2149 1053 ,
2163 1005 2201 1044 &
2218 1005 2349 1044 Fran-

1313 1060 1419 1102 cisco
1432 1058 1599 1114 praesatis
1615 1058 1852 1104 in'omnibus
1868 1091 1882 1112 ,
1910 1065 1949 1106 &
1966 1078 2038 1118 per
2052 1062 2186 1104 omnia
2202 1059 2355 1117 plenis-

1313 1118 1408 1160 fime
1435 1115 1636 1174 suffragari
1665 1133 1677 1161 :
1705 1121 1837 1175 slcque
1858 1122 1899 1163 in
1930 1120 2126 1177 praemiffis
2145 1133 2217 1175 per
2242 1119 2359 1176 quos:-

1313 1190 1471 1232 cunque
1481 1177 1647 1232 Judices
1663 1178 1966 1230 Ordinatios,&
1981 1180 2215 1233 delegatos,
2231 1180 2358 1220 etiam

1313 1234 1521 1278 causarum
1545 1237 1688 1284 Palatii
1715 1238 1937 1292 Apostolici
1955 1238 2177 1281 Auditores
2197 1236 2356 1292 judica·
2406 1283 2409 1288 Ι

1313 1297 1375 1345 ri,
1399 1295 1439 1337 δε
1455 1291 1612 1335 definiri
1626 1295 1782 1337 debere
1799 1325 1812 1347 ,
1837 1310 1884 1338 ac
1899 1297 2062 1340 irritum
2080 1325 2093 1348 ,
2107 1297 2146 1338 &
2160 1297 2279 1337 inane
2297 1324 2311 1346 ,
2329 1293 2359 1335 st

1312 1352 1424 1395 secus
1439 1351 1555 1406 super
1569 1354 1628 1395 his
1645 1353 1877 1409 :iquoquam
1897 1358 2033 1410 quavis
2059 1354 2353 1398 auetoritate„

1307 1410 1510 1460 scienter,
1542 1412 1607 1453 vel
1624 1412 1862 1467 ignoranter
1888 1414 2108 1468 contigerit
2131 1412 2353 1454 attentari.

1308 1470 1403 1509 Non
1420 1467 1669 1510 obstantibus
1683 1470 2055 1513 Constitutionibus
2069 1502 2085 1521 ,
2124 1472 2162 1511 δε
2181 1468 2362 1511 Ordina-

1310 1525 1486 1566 tionibus
1499 1526 1758 1580 Apostolicis,
1772 1541 1844 1569 nec
1861 1540 2159 1585 n011,quatenus
2175 1541 2272 1582 opus
2291 1526 2313 1567 sl
2322 1537 2355 1576 t,

1310 1583 1476 1626 Ordinis
1493 1582 1644 1638 praefati
1661 1586 1783 1626 etiam
1799 1584 2362 1639 juramento,confirmatione

1312 1642 1568 1694 Apostolica,
1597 1643 1813 1698 velquavis
1829 1645 1906 1686 alia
1936 1645 2130 1688 firmitate
2156 1645 2359 1686 roboratis

1307 1699 1462 1741 statutis
1478 1729 1494 1749 ,
1507 1701 1546 1740 &
1562 1700 1932 1752 consuetudinibus,
1950 1702 2175 1757 privilegiis
2193 1715 2359 1757 quoque

1308 1755 1504 1808 indultis,
1533 1758 1572 1797 &
1590 1759 1737 1801 Literis
1767 1760 2006 1814 Apostolicis
2035 1762 2074 1802 in
2101 1761 2360 1801 contrarium

1309 1814 1594 1871 praemifforum
1618 1816 1927 1872 quomodolibet
1956 1817 2174 1869 concessis,
2201 1815 2356 1858 confir-

1310 1874 1427 1916 matis
1443 1904 1461 1928 ,
1485 1875 1734 1918 &innovatis
1748 1904 1758 1914 .
1791 1877 1952 1935 Qibus
1968 1878 2156 1921 omnibus
2174 1905 2188 1928 ,
2211 1878 2248 1916 ὃ(
2283 1874 2362 1917 fin·-

1311 1931 1415 1986 gulis
1440 1932 1604 1974 illorum
1631 1944 1794 1976 tenores
1825 1937 2086 1989 praesentibus
2115 1950 2190 1990 pro
2203 1934 2326 1987 plene
2345 1962 2360 1984 ,

1313 1992 1352 2036 6<
1366 1989 1613 2032 sufficienter
1628 1991 1815 2046 expreffis
1833 2021 1848 2041 ,
1874 1995 1910 2036 &
1928 1993 2176 2049 adverbum
2205 1991 2359 2033 insertis

1313 2049 1509 2091 habentes
1525 2079 1539 2099 ‚
1565 2050 1642 2091 illis
1658 2050 1754 2092 alias
1771 2052 1807 2091 in
1822 2051 1888 2093 suo
1903 2053 2054 2093 robore
2073 2048 2358 2105 permansuris,

1311 2105 1362 2148 ad
1405 2105 1683 2159 praemissorum
1720 2109 1902 2152 effectum
1936 2112 2008 2151 bac
2040 2111 2129 2150 vice
2157 2108 2358 2150 duntaxat

1310 2163 1540 2220 specialiter
1553 2194 1565 2216 ,
1577 2168 1617 2207 &
1629 2166 1814 2220 expresse
1833 2167 2077 2221 derogamus
2093 2196 2106 2218 ,
2120 2167 2360 2222 caeterisque

1321 2225 1538 2266 contrariis
1565 2224 1868 2281 quibuscunque
1882 2256 1892 2268 .
1926 2229 2080 2268 Datum
2095 2227 2237 2266 Romae
2253 2223 2358 2279 apud

1315 2284 1500 2325 Sanuam
1529 2284 1698 2326 Mariam
1725 2284 1925 2341 Majorem
1950 2284 2019 2325 sub
2037 2283 2201 2327 Annulo
2231 2283 2361 2324 Pisca-

1311 2340 1437 2390 toris,
1470 2342 1546 2384 Die
1576 2356 1642 2384 xx.
1675 2343 1770 2385 Maii
1788 2356 2124 2388 Moetxxxvirt.
2140 2340 2360 2387 Pontifica-

1311 2409 1374 2441 tus
1391 2399 1527 2443 Nostri
1543 2402 1666 2442 Anno
1681 2400 1939 2456 Duodecimo
1954 2431 1967 2442 .

1893 2488 1941 2570 ᾗ.
1969 2518 2017 2558 F.
2043 2515 2219 2559 Albanus
2231 2546 2242 2557 .

1370 2634 1495 2675 Breve
1503 2627 1729 2686 formatum
1748 2634 1791 2673 in
1812 2633 1983 2675 Archivo
1995 2634 2173 2688 gencrale·
2188 2632 2350 2675 Ordinis

1432 2691 1535 2732 Tom.
1557 2692 1678 2736 H.H·
1693 2703 1800 2733 num.
1820 2692 1890 2741 78.

1328 2859 1620 2925 TA.

314 3035 559 3074 Bonaventurae
580 3041 754 3099 meritao&
775 3043 882 3080 vitam
897 3044 910 3089 ,‘
932 3055 1032 3092 quam
1049 3047 1096 3083 R.
1116 3046 1155 3082 P.
1169 3045 1323 3083 Didacus
1347 3045 1516 3091 Calcagni
1542 3044 1719 3102 Soc-’Iesu
1743 3044 1816 3082 fuse
1834 3045 2027 3094 conscripsit
2042 3069 2056 3091 ,
2082 3047 2223 3085 exhibet
2238 3046 2354 3093 dignae

290 3085 926 3176 *Rpoffierssunfignlelrggssrsygossseis,
953 3105 1028 3140 quae
1043 3095 1120 3152 post
1130 3104 1274 3152 mortem
1287 3094 1490 3152 pifilaejllius
1504 3094 1644 3151 imagini
1661 3094 1708 3151 ita
1719 3094 1784 3152 fuit
1795 3094 1968 3152 apposita:
2106 3145 2115 3154 .
2201 3145 2208 3152 .
2276 3144 2284 3153 .

883 3151 994 3177 cmeto
1008 3142 1245 3181 Provmczahs
1261 3167 1275 3187 ,
1297 3142 1428 3190 plumes
1442 3141 1623 3186 Generalts
1637 3142 1814 3192 Dtffinttor
1828 3166 1842 3186 ,
1871 3144 1923 3179 lus
1948 3143 2132 3182 Generalzr
2160 3141 2324 3180 Vtcarms
2337 3167 2353 3188 ‚

217 3182 357 3218 tertiam
369 3180 474 3216 totius
487 3180 637 3224 Qrdim’s
655 3186 911 3235 Capacinorum
921 3191 960 3225 in
984 3189 1097 3227 eAula
1113 3190 1269 3227 Romana
1284 3192 1494 3228 Procurator
1515 3215 1528 3236 ‚
1552 3192 1592 3228 S.
1609 3189 1723 3238 Officii

1749 3189 1981 3275 Qlifieawr
2000 3216 2013 3236 ‚
2037 3194 2143 3230 Sacro
2169 3190 2352 3239 Purpura-

217 3238 327 3268 torum
347 3229 496 3287 Senatui
514 3231 553 3267 in
582 3233 749 3271 Conclavi
761 3237 783 3272 ἂ
799 3238 1062 3288 Confisffionibus
1079 3252 1088 3275 ε
1105 3240 1243 3288 infigm‘s
1269 3238 1510 3288 Philosophus,
1537 3233 1694 3286 egreg'ius
1714 3237 1807 3275 Theo
1819 3251 1899 3287 ogas
1911 3265 1924 3284 ‚
1948 3241 2176 3278 Concionator
2192 3240 2231 3274 in
2243 3249 2352 3276 tota-,v

215 3277 319 3314 ltalia
333 3276 592 3325 celeberrtmus,
616 3282 804 3331 Apostolico
816 3286 854 3320 in
863 3285 1001 3324 Palatio
1016 3312 1029 3332 ,
1045 3297 1107 3336 per
1123 3300 1229 3324 annos
1249 3288 1300 3324 16.
1318 3288 1363 3323 ad
1372 3289 1525 3326 Summos
1549 3285 1732 3334 Pontifices
1759 3287 1864 3325 Clem.
1894 3287 1941 3323 X.
1966 3288 2009 3327 ὠ·
2031 3286 2147 3324 Innoc.
2181 3286 2246 3323 XI.
2265 3289 2351 3334 pari

209 3325 337 3374 semper
350 3338 426 3383 ΜΨ
437 3326 664 3367 admiratione
677 3331 850 3382 &plausu
865 3333 1077 3384 Ecclefiasten
1087 3339 1182 3385 egit:
1200 3338 1309 3373 animi
1322 3336 1518 3373 innocentia
1530 3358 1544 3379 ‚
1567 3347 1696 3372 morum
1714 3336 1897 3384 suavitate
1910 3359 1924 3378 ,
1949 3333 2138 3382 Regulart‘s
2162 3335 2350 3384 disciplima

217 3375 431 3422 observantta*
440 3399 455 3420 ,
471 3377 601 3423 pietate
615 3403 627 3423 ‚
652 3380 868 3427 humilitate,
897 3384 1090 3421 obedientia
1102 3410 1115 3429 ,
1144 3384 1229 3421 Zelo
1242 3409 1255 3430 ,
1276 3384 1402 3433 consilio
1417 3409 1429 3428 ,
1447 3384 1638 3433 prudentia
1649 3408 1662 3428 ,
1693 3394 1891 3430 magnorum
1933 3383 2138 3431 Principum
2168 3386 2351 3431 gratiam,

215 3421 458 3478 ReIIgiosorum
471 3424 924 3479 ordinumaestimationem‚
950 3431 1156 3480 Populorum
1181 3435 1433 3470 venerationem
1456 3433 1596 3479 adeptus
1610 3458 1624 3476 ,
1644 3431 1765 3479 plenus
1791 3442 1860 3466 non
1883 3440 1954 3471 tam
1968 3431 2104 3470 dierum
2113 3456 2130 3478 ,
2156 3432 2258 3483 quom
2285 3444 2351 3471 me-

216 3479 362 3522 rafortgm
375 3495 388 3516 ³
415 3482 598 3527 extrqmnrn
609 3476 726 3529 claustr
737 3479 827 3517 die-m
847 3478 962 3517 Romae
974 3489 1007 3530 7.
1026 3481 1170 3520 Martii.
1187 3482 1287 3531 1691.
1300 3483 1408 3519 aeratis
1422 3490 1476 3530 77.
1498 3480 1695 3530 Religionis
1709 3485 1772 3518 62.

2149 3861 2293 3906 Indul-
