2658 4244
300 293 461 375 218

247 407 417 466 Equites
461 399 688 463 hujusmodi
730 409 902 450 utuntur
932 436 947 460 ,
979 408 1169 452 fruuntur
1198 437 1212 460 ,

235 469 446 522 gaudent,
469 466 652 509 {imiliter
679 467 768 518 uti,
799 463 906 519 frui,
938 470 976 509 &
1007 469 1186 524 gaudere
1204 483 1279 512 va-

236 526 349 569 leant
366 556 381 579 ,
413 527 515 570 citra
533 536 669 571 tamen
683 527 962 580 exemptiones
979 525 1001 570 ἃ
1020 529 1133 569 Trid.
1159 530 1273 571 Con-

881 287 1044 381 Sub
1100 283 1478 452 Cleffgszente
1537 286 1713 376 XII.

1401 405 1601 464 Factaque
1628 403 1777 448 deinde
1801 415 1877 458 per
1897 409 1963 443 me
1986 394 2263 443 'secretarium
2274 402 2371 459 du

1339 466 1536 526 praedit‘tis
1550 466 1685 509 eidem
1701 462 1944 506 sanetiffimo
1957 459 2134 502 Domino
2148 457 2297 524 N⁰.st¹'⁰
2307 474 2369 505 re.

1337 528 1489 570 latione
1516 555 1529 578 ,
1580 525 1776 570 sanctitas
1804 526 1881 565 Sua
1905 517 2080 575 benigne
2107 525 2249 574 annuit
2273 544 2288 567 ,
2333 520 2372 563 δι

235 585 335 626 cilio
350 586 518 629 sublatas
533 584 786 629 concedendi
802 583 1042 628 facultatem
1057 615 1071 638 ,
1097 587 1274 629 auctori·
1335 585 1564 642 praedic‘tam
1580 580 1911 627 Commiffionem
1930 578 2090 635 propria
2104 589 2226 617 manu
2249 574 2378 632 {igna-

234 650 323 686 tate
335 646 377 688 ὃς
394 656 538 688 tenore
555 642 730 702 praefatis
755 645 1021 687 concedimus
1036 647 1076 687 δι
1089 645 1276 701 imperti-

235 715 328 745 mur
343 732 354 744 .
388 707 561 748 Necnon
577 718 651 759 pro
667 703 884 759 Spirituali
900 712 967 746 tua
984 702 1276 756 consolatione,

234 771 280 803 ut
295 761 333 804 in
353 764 514 818 privato
528 759 669 805 domus
685 772 759 803 tuae
773 763 971 804 Orator-io
993 795 999 799 .
1022 790 1056 804 ..
1072 792 1085 803 .
1103 792 1116 803 .
1130 792 1140 804 .
1157 777 1276 804 unam

236 818 399 863 Missam
414 836 490 878 pro
510 835 751 878 unaquaque
762 820 832 863 die
847 849 858 861 .
872 850 884 861 .
907 851 919 862 .
936 852 947 863 .
964 835 1037 877 per
1071 822 1132 863 Te
1152 819 1277 875 ipsum

233 878 458 924 celebrare
488 909 503 934 ‚
534 880 601 922 seu
648 893 719 935 per
750 893 1032 936 quemcunque
1075 878 1278 922 Sacerdo—

236 946 321 981 tem
346 968 543 981 ........
559 937 758 983 celebrari
783 935 921 981 facere
945 938 1079 982 libere
1104 940 1145 995 βε
1166 935 1281 981 licite

235 996 354 1053 possis
369 1027 513 1040 ......

292 1083 471 1138 Reliqua
493 1091 572 1138 pro
597 1093 700 1121 more
730 1079 778 1129 ἐρ’
809 1080 914 1133 stylo
944 1080 1096 1123 Curiae.

1338 646 1398 689 vit
1413 674 1425 687 .
1457 645 1535 687 Die
1547 657 1614 686 xi.
1629 642 1811 698 ejusdem
1825 643 1938 682 Men.
1953 639 1994 681 δι
2006 640 2089 680 Am
2111 642 2379 679 mcccxxxix0‘

1480 763 1534 813 Cr
1550 762 1676 812 Card.
1689 764 1739 812 de
1752 759 1945 813 Marinis
1959 755 2092 826 PraesJ

1399 892 1529 935 Locus
1544 891 1600 946 ᾧ
1614 890 1773 946 sigilli.

1473 1009 1517 1051 T.
1536 1005 1771 1048 Patriarcha
1790 1002 2158 1061 Hierofhlymltanus
2173 1003 2322 1047 Secr'et.

1402 1128 1517 1183 orig.
1534 1128 1576 1167 in
1590 1124 1767 1166 manibus
1784 1126 1823 1166 P.
1840 1120 2088 1179 postulator-is
2104 1119 2241 1179 Caufae
2253 1146 2267 1158 .

294 1177 452 1219 Datum
471 1179 613 1219 Romae
626 1177 733 1233 apud
757 1178 942 1219 Sanstam
959 1177 1129 1219 Mariam
1152 1174 1282 1231 Maio·
1348 1186 1353 1194 ’

235 1249 324 1280 rem
369 1234 439 1276 sub
475 1235 638 1278 Annulo
671 1235 888 1278 Piscatoris
923 1236 1002 1278 Die
1035 1234 1186 1277 xviii.
1211 1237 1284 1291 Ju-

233 1295 281 1339 lii
307 1307 584 1340 mcccxxxix.
607 1293 871 1338 Pontificatus
899 1294 1036 1338 Nostri
1059 1298 1182 1337 Anno
1197 1297 1284 1337 De-

235 1355 371 1399 eimo.

683 1417 741 1458 D.
777 1415 897 1457 Card.
930 1413 1139 1473 Paffloneur
1152 1442 1166 1458 .

295 1531 379 1573 'Em
387 1531 480 1586 mpl.
496 1530 622 1575 Autb.
638 1531 682 1573 in
696 1530 908 1575 Aah-ord.
919 1533 1021 1572 Tom.
1037 1532 1145 1570 A.A.
1160 1537 1279 1582 n.53.

488 1759 1023 1812 DECRETUM

377 1878 518 1930 ‘Sacrae
554 1879 734 1930 Rituum
772 1878 1110 1948 Congregationis
1124 1914 1138 1928 .

236 2011 317 2070 De
335 2007 672 2061 commissione
689 2008 1005 2059 reaffumendae
1021 2005 1182 2059 Causae
1197 2010 1289 2058 Ca-

276 2082 582 2130 nonizationis
624 2084 677 2127 B.
696 2078 889 2148 Josephi
917 2078 942 2128 ἒ
975 2077 1180 2131 Leoniffa
1216 2098 1291 2150 ap·

275 2149 472 2222 probat,
509 2167 560 2199 ac
578 2147 753 2218 fignat.

475 2278 1076 2346 SPOLETANQ.

246 2396 570 2452 {canonizationis
610 2400 728 2438 Beati
765 2398 927 2456 ‘Jostphi
947 2398 975 2439 d
1010 2395 1183 2455 Leonffi
1218 2399 1292 2439 Sa.

305 2455 471 2499 cerdatis
510 2455 683 2497 Ordinis>
708 2459 910 2499 Minorum
959 2460 1000 2499 5.
1030 2455 1234 2513 Francsst'

613 2518 900 2570 Capacinorum
915 2545 928 2557 .

346 2622 523 2664 Orrectis
549 2636 600 2664 ex
625 2633 738 2678 parte
781 2625 1119 2669 Reverendiffimi
1159 2624 1290 2667 Patris

370 2680 539 2722 Ministri
555 2683 773 2731 Generalis
786 2684 952 2727 Ordinis
970 2687 1174 2727 Minorum
1192 2687 1291 2726 San—

248 2740 301 2780 cti
317 2736 514 2780 francisci
542 2739 871 2794 Capucinorum,
903 2747 1063 2786 nomine
1086 2743 1211 2785 etiam
1226 2753 1289 2784 to-

248 2797 329 2837 tius
356 2795 427 2838 suae
453 2797 684 2853 Religionis
707 2827 722 2850 ,
767 2814 923 2843 necnon
968 2803 1099 2845 Patris
1135 2801 1286 2843 Fratris

249 2855 441 2907 Gregorii
457 2855 476 2896 a
494 2857 624 2898 Roma
643 2887 657 2909 ,
674 2858 905 2901 Sacerdotis
921 2860 1087 2904 Proseffi
1103 2857 1287 2914 ejusdem

249 2910 446 2960 Ordinis,
475 2928 520 2955 ac
560 2915 698 2959 Causae
738 2919 1076 2962 Canonizationis
1119 2920 1291 2961 BEATI

247 2969 482 3035 jolePIslI⁸
513 2971 533 3010 ἃ
569 2975 841 3020 LEONissA
868 2978 1042 3033 praedicti
1064 2977 1291 3021 Postulato·

253 3030 313 3074 ris
329 3056 342 3079 ,
373 3040 501 3093 entius
524 3030 725 3094 instantiis
742 3063 755 3085 ,
784 3037 928 3091 quibus
953 3053 1030 3093 pro
1047 3038 1293 3092 signatura-2

256 3085 557 3130 Commiffionrs
579 3090 894 3146 reaffumptionis
921 3094 1147 3152 hujusmodi
1183 3098 1293 3137 Cau-

254 3144 333 3197 sae,
366 3143 414 3187 ad
441 3142 623 3188 effectum
654 3151 911 3195 construendi
944 3153 1148 3198 Proceffus
1179 3155 1295 3209 Apo-

258 3204 423 3248 stolicos
439 3201 555 3257 super
581 3205 699 3246 novis
722 3206 928 3252 Miraculis
946 3242 958 3263 ‚
984 3213 1033 3255 ad
1051 3211 1301 3256 interceffio-

261 3275 356 3306 nem
371 3260 486 3317 ipsius
501 3262 670 3303 ΒΕΑΤῙ
697 3262 746 3303 ab
772 3265 972 3311 Altiffimo
988 3272 1184 3324 patratis,
1217 3271 1299 3324 post

261 3319 464 3363 indultam
482 3318 626 3362 Eidem
656 3322 972 3366 Venerationem
988 3353 1002 3375 ,
1033 3327 1301 3381 supplicatum

262 3377 341 3421 fuit
354 3405 369 3428 ,
399 3376 558 3432 illisque
573 3379 610 3421 in
629 3381 716 3421 Sac.
732 3381 900 3422 Rituum
916 3385 1302 3439 Congregatinne.)

265 3450 342 3492 per
370 3435 732 3480 Eminentiffimum
758 3466 770 3489 ,
811 3442 852 3481 &
875 3442 1294 3489 *Reverendiffimumd

264 3494 487 3538 Dominum
505 3495 769 3540 cardinalem
801 3499 967 3555 Ruspoli
994 3498 1160 3550 relatis,
1178 3505 1299 3542 Sacra

265 3552 410 3595 eadem
429 3552 594 3595 Rituum
610 3557 889 3612 Congregatio
903 3585 916 3608 ,
953 3560 1001 3600 R.
1022 3560 1063 3600 P.
1085 3561 1136 3599 D.
1161 3557 1298 3600 Ludo-

265 3612 360 3653 vico
373 3610 424 3651 de
441 3609 677 3655 Valentibus
697 3615 805 3658 Fidei
822 3618 1064 3658 Promotore
1079 3616 1302 3667 audit0,re-

266 3668 522 3710 scribendum
535 3673 686 3713 censuit
703 3687 714 3715 :
739 3675 974 3728 signandam
987 3674 1056 3732 ff
1073 3673 1300 3732 Commisp'o·

266 3739 352 3768 nem
381 3739 448 3765 rea
481 3732 685 3781 amptiom's
714 3732 876 3788 Causae,
897 3732 938 3787 β
964 3733 1198 3791 Sanffltffi'mo
1224 3737 1298 3775 Do-

269 3787 373 3849 mino
400 3783 538 3841 Nostro
563 3787 687 3842 vistim
702 3788 864 3846 fita-rit.
909 3790 990 3835 Die
1033 3804 1071 3835 v.
1109 3799 1296 3850 Septem-

272 3840 355 3883 bris
385 3856 654 3887 muccxxmx.

2247 1255 2362 1274 Ἀ

1342 1355 1576 1434 Tempore
1595 1365 1801 1431 Capituli
1823 1363 2061 1412 Generalis
2081 1395 2096 1418 ,
2136 1354 2383 1425 Indulgem

1375 1439 1490 1486 tiam
1508 1438 1754 1503 plenariam
1772 1436 1814 1483 in
1835 1430 2045 1483 Ecclefiis
2062 1434 2309 1487 Fratrum,
2335 1422 2387 1477 &

1375 1509 1657 1556 Monialium
1673 1506 1936 1572 impertitur
1947 1536 1961 1551 .

1415 1633 1821 1678 CLEMENS
1879 1632 2094 1678 PAPA
2147 1630 2322 1677 XII.>

1408 1753 1601 1810 Univevsss
1633 1753 1784 1811 Christi
1802 1751 2002 1798 Fidelibus
2011 1752 2222 1810 praesentes
2235 1752 2330 1798 lite-g

1457 1827 1525 1858 ras
1539 1813 1767 1871 iwefluris
1785 1814 1959 1854 Salutem
1973 1843 1987 1863 ,
2016 1812 2062 1859 ὅ
2083 1810 2278 1869 ΑβοβοίιὶωΔ

1651 1887 1736 1915 cam
1763 1871 2066 1916 Benedefft'ionem
2079 1898 2092 1911 .

1464 1986 1501 2027 U
1520 1985 1562 2024 M
1579 2010 1594 2033 ,
1626 1983 1724 2024 ficut
1740 1981 2003 2035 accepimus,
2037 1976 2280 2032 Capitulum
2310 1976 2394 2038 Get

1350 1982 1456 2100 C
1486 2041 1628 2084 nerale
1646 2043 1835 2083 Fratrum
1851 2039 2017 2081 Ordinis
2036 2038 2241 2078 Minorum
2259 2034 2393 2076 sancti

1351 2102 1553 2145 Francisci
1578 2099 1881 2155 Capucinorum
1910 2106 2236 2151 nuncupatorum
2255 2095 2292 2135 in
2315 2095 2396 2158 βε-

1350 2159 1500 2212 clefia,
1534 2159 1601 2202 scu
1615 2162 1832 2202 Conventu
1849 2160 2039 2200 Fratrum
2065 2153 2230 2196 Ordinis
2257 2145 2397 2206 hujus-

1350 2219 1463 2262 modi
1480 2220 1534 2260 de
1549 2220 1664 2262 Urbe
1680 2246 1693 2268 ,
1715 2217 1782 2259 die
1799 2217 1922 2260 tertia
1939 2214 2121 2269 proxime
2135 2211 2258 2254 futuri
2277 2213 2397 2252 Men-

1348 2278 1400 2321 fis
1411 2278 1517 2336 Junii
1537 2309 1552 2330 ,
1583 2277 1857 2321 benedicente
1874 2276 2077 2326 Domino,
2104 2270 2400 2315 celebrandum

1351 2339 1426 2391 [ης
1443 2341 1529 2379 Nos
1544 2366 1558 2387 ,
1583 2348 1629 2379 ut
1643 2351 1741 2391 opus
1758 2347 1840 2378 tam
1855 2337 1964 2391 pium
1981 2333 2121 2389 majori
2148 2344 2239 2372 cum
2267 2325 2399 2369 fructu

1353 2395 1456 2448 fiat,
1487 2397 1527 2436 &
1555 2395 1605 2438 ad
1634 2395 1858 2450 augendam
1886 2391 2067 2434 fidelium
2107 2388 2400 2444 Religionem,

1354 2455 1391 2496 &
1416 2456 1642 2496 animarum
1671 2454 1840 2496 salutem
1863 2451 2082 2495 caelestibus
2100 2446 2286 2491 Ecclefiae
2302 2444 2400 2510 the-

1352 2512 1472 2556 sauris
1515 2514 1577 2566 pia
1610 2514 1808 2556 charitate
1848 2512 1993 2554 intenti
2022 2539 2037 2561 ,
2068 2506 2255 2550 omnibus
2293 2513 2401 2546 utri-

1351 2570 1476 2628 usque
1491 2569 1602 2614 sexus
1618 2572 1769 2614 Christi
1783 2569 1970 2613 fidelibus
1984 2567 2080 2609 vere
2096 2563 2398 2628 paenitentibus,

1351 2633 1391 2673 &
1418 2628 1632 2680 confeffis,
1658 2644 1704 2672 ac
1732 2635 1856 2672 sacra
1886 2627 2189 2670 Communione
2208 2622 2398 2687 refectis,

1350 2691 1419 2746 qui
1447 2688 1595 2731 dietam
1623 2702 1638 2738 3
1672 2689 1738 2729 vel
1767 2686 1947 2741 aliquam
1979 2684 2098 2726 aliam
2126 2696 2176 2726 ex
2212 2679 2402 2723 Ecclesus

1351 2759 1433 2791 tam
1463 2749 1682 2797 Fratrum,
1707 2749 1826 2801 quam
1855 2742 2096 2786 Monialium
2113 2738 2291 2797 ejusdem
2318 2742 2401 2781 Or-

1348 2808 1470 2857 dinis,
1489 2806 1638 2861 ubique
1665 2804 1943 2851 existentibus,
1958 2801 2026 2842 die
2042 2798 2227 2854 praedicto
2242 2827 2257 2848 ,
2270 2799 2310 2838 &
2329 2795 2403 2838 fin-

1354 2866 1456 2923 gulis
1472 2863 1637 2904 actualis
1656 2861 1764 2902 illius
1781 2858 2072 2903 celebrationis
2089 2856 2229 2899 diebus
2244 2854 2404 2898 devote

1357 2923 1635 2971 visitaverint,
1666 2922 1706 2962 &
1736 2920 1790 2961 ibi
1817 2933 1889 2973 pro
1903 2916 2224 2960 Christianorum
2242 2913 2400 2957 Princi-

1355 2997 1450 3040 pum
1473 2977 1695 3024 concordia
1723 3006 1737 3029 ,
1770 2977 1962 3019 haeresum
1991 2976 2264 3030 extirpatione
2290 3003 2305 3024 ,
2347 2986 2397 3015 ae

1356 3043 1507 3084 Sanctae
1539 3035 1681 3083 Matris
1713 3034 1899 3078 Ecclesiae
1934 3034 2187 3077 exaltatione
2225 3033 2311 3088 pias
2346 3029 2399 3072 ad

1359 3104 1492 3144 Deum
1533 3110 1676 3154 preces
1718 3093 1936 3136 effuderint
1966 3121 1981 3143 ,
2020 3092 2245 3134 Plenariam
2272 3087 2402 3131 semel

1359 3156 1519 3203 tantum
1555 3156 1733 3199 omnium
1775 3162 2033 3206 peccatorum
2057 3149 2222 3192 suorum
2260 3146 2404 3189 Indul-

1361 3216 1542 3274 gentiam
1573 3243 1588 3265 ,
1616 3216 1658 3254 &
1685 3206 1950 3252 remiffionem
1976 3205 2297 3250 misericorditer
2330 3207 2403 3248 in..-

1366 3276 1546 3319 Domino
1572 3267 1858 3312 concedimus.
1892 3266 2162 3309 Praescntibus
2188 3266 2272 3323 post
2290 3265 2403 3307 cele-

1364 3333 1595 3376 brationem
1608 3327 1704 3370 dieti
1721 3324 1904 3382 Capituli
1919 3326 2137 3369 Generalis
2153 3324 2316 3366 minime
2333 3336 2404 3364 va-

1366 3391 1499 3434 lituris
1513 3417 1524 3430 .
1561 3386 1759 3430 Volumus
1775 3395 1913 3428 autem
1932 3413 1946 3435 ,
1969 3396 2011 3425 ut
2026 3413 2042 3435 ,
2068 3384 2092 3424 fi
2106 3397 2183 3438 pro
2209 3382 2403 3437 impetra—

1359 3451 1470 3493 tione
1484 3477 1497 3500 ,
1511 3447 1817 3502 praesentatione
1834 3473 1846 3495 ,
1863 3442 2095 3485 admissione
2109 3468 2124 3490 ,
2144 3441 2207 3481 s’eu
2225 3440 2402 3494 publica-

1359 3509 1473 3551 tione
1492 3503 1743 3561 praesentium
1757 3501 1909 3557 aliquid
1921 3529 1937 3551 ,
1956 3500 2020 3541 vel
2038 3498 2242 3539 minimum
2259 3498 2399 3551 detur,

1357 3576 1428 3608 aut
1446 3567 1587 3622 sponte
1600 3562 1781 3606 oblatum
1800 3559 2040 3613 recipiatur,
2055 3557 2401 3611 praesentesnullae

1360 3623 1436 3665 (int
1451 3639 1466 3676 3
1499 3633 1626 3678 utque
1641 3618 1889 3676 pra-sentium
1903 3615 2112 3658 literarum
2128 3617 2401 3671 transumptis,

1362 3681 1431 3724 seu
1464 3677 1660 3733 exemplis
1690 3708 1705 3729 ,
1753 3676 1875 3718 etiam
1917 3674 2105 3729 impressis
2130 3705 2144 3726 ,
2178 3690 2297 3717 manu
2329 3675 2402 3716 ali-

1360 3739 1476 3795 cujus
1518 3735 1681 3780 Notarii
1722 3731 1878 3789 publici
1905 3729 2168 3787 subscriptis,
2199 3737 2238 3775 &
2267 3732 2400 3789 figillo

1357 3796 1543 3840 Personat
1576 3794 1614 3835 in
1654 3789 1928 3834 Ecclefiastica
1978 3790 2173 3847 dignitate
2206 3793 2399 3833 constitu-

1360 3864 1407 3896 tae
1437 3881 1452 3905 ,
1490 3851 1555 3896 vel
1594 3850 1876 3906 Procuratoris
1915 3850 2134 3894 Generalis
2177 3850 2271 3894 dic'ti
2323 3850 2397 3890 Or.

2236 3906 2340 3948 dinis
