2658 4244
349 203 491 273 188

276 319 400 367 utque
423 304 528 361 apud
557 301 684 360 ipsum
709 304 970 348 constitueret
997 305 1143 355 lixum,
1166 307 1205 346 &
1221 318 1311 358 per-

276 379 436 411 manens
465 364 736 407 domicilium.
782 365 830 407 ld
858 374 993 405 autem
1019 365 1308 419 comprobatur

275 424 503 469 testimonio
519 450 533 474 ,
569 433 656 464 tum
670 422 843 478 ipsorum
860 423 987 464 Patris
1000 451 1014 473 ,
1026 419 1072 464 ’δι
1086 423 1308 465 Consobri-

273 486 340 538 μὶ,
382 495 470 526 tum
486 483 607 524 etiam
624 482 793 523 alterius
814 481 1056 537 propinqui.
1098 481 1306 523 Consonat

278 556 438 600 quoque
465 540 691 583 declaratio
722 541 769 583 ab
788 540 930 582 eadem
959 540 1146 582 Oratrice
1176 539 1312 590 edita,

274 603 374 644 dum
407 598 484 642 rite.
506 599 757 653 interrogata
787 596 862 641 fuit
885 599 906 639 a
934 599 1060 640 Curia
1086 598 1311 652 Episcopali

268 659 484 701 occasione
519 659 690 700 subortae
715 657 934 714 quaestionis
949 686 964 707 ,
998 671 1046 699 an
1064 672 1109 698 ea
1123 655 1220 698 esset
1237 657 1311 698 de-

267 716 484 759 scribenda
526 717 563 757 in
607 716 717 757 libro
754 715 872 759 status
911 715 1150 756 Animarum
1178 718 1308 756 Paro-

268 778 364 820 chiae
383 779 424 819 S.
444 773 603 817 Nicolai
621 776 634 815 ?
653 789 771 830 quam
785 774 948 830 quidem
964 773 1217 827 quaestionem
1243 773 1284 813 di

269 834 391 877 remit
407 833 552 875 eadem
570 832 699 875 Curia
712 862 726 884 ,
750 834 972 874 decernens
987 829 1305 885 descriptionem

268 890 349 935 effe
381 890 603 934 faciendam
622 919 636 942 ,
663 890 727 933 sed
759 892 865 933 hunc
883 890 919 930 in
935 889 1304 931 modum:Anna..2

265 955 471 1006 Minoprta
491 951 597 992 Filia
609 949 769 1007 ‘josephi
787 949 1004 991 habitantis
1016 953 1058 989 In
1074 946 1304 988 Parachia„

252 1013 307 1057 RS.
330 1013 474 1052 Mariae
488 1011 530 1048 in
552 1010 727 1058 Pertica,
759 1007 957 1048 translata
972 1006 1027 1046 ad
1043 1005 1135 1046 aedes
1164 1008 1300 1059 Augu-

254 1069 358 1123 stim·
380 1061 588 1122 Mestum,
607 1064 709 1122 fin,
739 1069 800 1106 ate·
818 1067 889 1106 illa
902 1064 999 1104 aicit
1025 1090 1039 1112 ,
1074 1061 1300 1119 Confibrim·

266 1134 360 1167 ante
378 1123 521 1178 Paseha
543 1126 644 1164 Anni
659 1127 848 1164 currentis
865 1133 1087 1163 MDccxxx.

325 1183 518 1236 Denique
532 1179 775 1222 afferebatur
789 1180 910 1221 etiam
928 1193 1003 1233 pro
1019 1177 1162 1219 eadem
1181 1180 1300 1220 Anna

265 1242 471 1284 Statutum
488 1238 680 1281 Civitatis
694 1239 889 1295 Papiensis
903 1265 915 1287 ,
939 1236 1050 1292 cujus
1075 1238 1193 1279 verba
1209 1234 1300 1278 sunt

265 1301 346 1342 haec
374 1311 385 1340 :
409 1301 631 1340 statuimus
650 1327 664 1349 ,
694 1298 799 1354 quod
810 1295 1167 1352 qualibetpetsona
1190 1299 1300 1336 Civi-

262 1361 359 1402 tatis
380 1359 506 1412 Papt‘ae
519 1356 771 1411 intelligatur
783 1384 796 1406 ‚
829 1354 944 1410 &sit
958 1384 973 1405 ,
1007 1354 1060 1403 &1
1070 1353 1139 1411 effi
1152 1354 1301 1411 censba-

261 1427 332 1460 tur
356 1427 441 1457 eum
462 1414 634 1455 omnibus
651 1415 694 1455 a'e
722 1416 893 1457 Familia
903 1414 986 1471 stra
1000 1413 1068 1461 de,
1101 1412 1209 1461 &in
1221 1413 1301 1454 illis

261 1477 384 1518 Porta
399 1502 412 1525 ,
445 1472 497 1521 ὠ·-
519 1469 727 1523 parochia,
758 1476 802 1513 in
817 1485 922 1525 qua,
955 1471 1015 1510 vel
1026 1475 1068 1510 tn
1084 1469 1303 1524 quibuspro

266 1531 410 1584 majori
417 1539 539 1585 parte
556 1534 652 1570 anni
670 1529 751 1586 Ipsa
774 1529 930 1586 Persona
943 1532 1195 1568 communiter
1208 1555 1222 1577 ‚
1255 1528 1303 1574 θ’

260 1590 342 1647 Ipse
355 1601 440 1630 cum
455 1589 628 1631 Fam1‘lia
638 1588 719 1644 fita
736 1587 984 1640 ingreditur,
1015 1583 1068 1631 &¹
1080 1585 1305 1636 regredttur

244 1648 338 1704 βιῶ
364 1645 620 1687 habitationis
650 1648 847 1692 Domum,
878 1642 1007 1695 quoad
1027 1639 1181 1683 honores
1209 1667 1223 1689 ‚
1257 1640 1305 1687 (ς’

259 1716 404 1747 onera.

318 1764 379 1804 At
408 1769 552 1803 contra
578 1763 735 1804 Annam
756 1768 872 1815 urget
890 1756 1117 1800 testificatio
1132 1758 1305 1801 Parochi

268 1820 381 1863 dieta·
412 1818 595 1862 Ecclefiae
622 1825 661 1863 S.
682 1819 841 1862 Nicolai
875 1845 890 1868 ³
922 1833 994 1860 nec
1025 1831 1104 1860 non
1134 1817 1303 1858 alterius

264 1878 504 1932 Presbyteri
525 1907 538 1930 ‚
564 1892 655 1920 eum
669 1878 898 1932 adjuvantis
913 1878 952 1917 in
974 1877 1172 1919 exercitio
1186 1879 1305 1918 Curae

259 1939 534 1988 Animarum,
563 1937 815 1993 aliorumque
844 1937 968 1978 trium
995 1936 1150 1977 testium
1176 1963 1190 1984 ‚
1228 1950 1302 1990 per

264 2010 386 2052 quam
405 1995 621 2036 contendit
638 1996 706 2038 Pia
723 1998 875 2036 Domus
898 1994 1129 2036 Puellarum
1142 1995 1299 2048 Orpha-

264 2056 404 2097 nart'tm
420 2051 511 2095 satis
529 2053 734 2104 constare,
759 2057 912 2094 Annam
941 2050 1231 2108 transmigratis·
1258 2053 1309 2095 in‘

268 2114 446 2155 Domum
465 2109 637 2154 Musanti
654 2125 728 2154 non
746 2111 826 2154 alio
855 2112 1020 2154 consilio
1034 2141 1048 2162 ,
1073 2114 1191 2168 quam
1209 2140 1222 2163 ,
1251 2123 1296 2155 ut

263 2170 492 2214 Subsidium
520 2171 668 2211 Dotale
697 2169 966 2224 assignandum
992 2171 1139 2213 Puellis
1168 2173 1296 2225 Paro·

262 2231 363 2272 ehiae
392 2234 431 2272 S.
450 2227 612 2271 Nicolai
633 2229 837 2270 obtineret
855 2257 868 2279 ,
899 2231 936 2270 &
954 2230 1056 2270 hunc
1085 2229 1123 2271 in
1147 2227 1298 2274 finem-.-

261 2285 413 2329 curasse
437 2297 587 2337 autea,
619 2299 660 2328 ut
685 2289 721 2327 in
754 2286 874 2328 aliam
892 2289 1068 2328 Domum
1083 2286 1317 2342 ejusdem-›-

258 2345 463 2388 Paroehiae
492 2345 748 2398 exciperetur
772 2374 785 2394 ,
829 2343 1025 2399 promissa
1053 2345 1196 2399 hospiti
1222 2347 1299 2388 ali-

258 2415 488 2447 mentorum
519 2403 709 2444 mercede
735 2416 750 2455 3
773 2417 893 2457 quam
913 2401 1003 2445 sane
1029 2404 1203 2457 persolvi
1231 2405 1297 2446 it'i-

259 2464 364 2515 dem,
382 2460 628 2503 consuevisse
654 2462 870 2516 Augustino
900 2459 1069 2504 Musanti
1101 2462 1176 2518 (ut
1201 2462 1296 2504 dieti

261 2524 401 2565 Testes
421 2520 565 2578 ajunt)
604 2519 829 2578 verofimile
863 2520 916 2562 ob
951 2518 1040 2575 ejus
1082 2532 1297 2578 pauperta-

258 2589 345 2623 tem
366 2578 423 2622 est
441 2610 451 2620 .

316 2638 491 2681 Accedit
516 2638 566 2680 ad
588 2638 669 2680 haec
695 2667 710 2689 ,
740 2638 850 2695 quod
874 2637 942 2682 sub
968 2638 1124 2682 initium
1151 2639 1295 2683 Mensis

258 2697 412 2752 Aprilis
429 2696 629 2738 currentis
646 2698 735 2738 anni
760 2698 866 2739 idem
883 2699 1124 2753 Augustinus
1141 2698 1295 2742 Musan-

261 2760 326 2797 tus
340 2754 458 2796 aliam
475 2756 651 2796 Domum
666 2756 909 2798 conduxitin
928 2759 1122 2799 Parochia
1151 2763 1192 2801 S.
1208 2762 1294 2801 Ma·

258 2815 325 2867 riae
339 2812 391 2854 de
406 2814 564 2856 Pertica
579 2842 594 2864 ‚
627 2814 665 2856 in
679 2829 752 2870 qua
771 2816 894 2857 etiam
906 2814 1157 2859 domicilium
1169 2817 1295 2859 habe-

257 2872 328 2915 bat
357 2868 631 2926 superioribus
656 2875 800 2926 annis5
832 2888 921 2915 nam
939 2873 979 2915 in
999 2873 1074 2918 alia
1104 2876 1293 2918 Parochia

260 2935 302 2975 S.
325 2927 486 2974 Nicolai
513 2944 661 2973 moram
688 2932 786 2975 fecit
820 2931 944 2974 solum
972 2933 991 2973 a
1018 2934 1155 2976 Mense
1184 2937 1292 2976 Mar·

258 2991 320 3032 tio
336 2995 588 3031 Moccxxx.
608 2989 728 3044 usque
742 2991 791 3034 ad
808 2992 899 3034 Kal.
918 2992 1067 3047 Aprilis
1093 2995 1292 3035 vertentis

257 3048 353 3091 anni
374 3074 385 3087 .
417 3049 532 3089 Anna
559 3057 694 3088 autem
723 3049 864 3093 eodem
889 3053 1027 3092 Mense
1051 3052 1205 3107 Aprilis
1230 3067 1288 3096 re·

258 3106 337 3149 diit
356 3118 428 3161 per
445 3105 595 3160 aliquot
610 3105 695 3147 dies
711 3109 759 3150 ad
778 3111 951 3149 Domum
968 3111 1098 3152 Patris
1125 3113 1263 3166 aegroti
1279 3140 1294 3164 ,

259 3165 326 3208 sed
359 3163 443 3218 post
472 3162 559 3217 ejus
588 3165 746 3206 obitum
771 3166 914 3207 iterum
944 3170 1060 3223 petiit
1077 3172 1288 3212 Domum-2

260 3221 439 3267 Musanti
456 3249 469 3273 ³
499 3223 537 3265 in
552 3235 626 3278 qua
643 3224 864 3265 etiamnum
881 3239 1044 3269 manere
1059 3226 1264 3270 asseritur.

269 3295 272 3299 ’
317 3279 450 3323 Venio
469 3294 574 3323 nunc
588 3281 636 3323 ad
653 3282 906 3325 Clausulam:
926 3285 991 3325 Ad
1009 3294 1170 3327 mentem
1185 3300 1196 3327 ε
1211 3301 1295 3341 quae

259 3335 481 3393 Rescripto
513 3339 668 3398 adjecta
698 3338 801 3383 fuit.
837 3341 970 3390 subiit
1004 3346 1155 3386 animos
1188 3346 1295 3387 Emi.

262 3398 587 3440 nentiffimorum
645 3401 805 3442 Patrum
848 3399 1050 3442 dubitatio
1089 3430 1103 3451 ‚
1164 3417 1295 3446 num-,

261 3457 306 3497 Ρ.
336 3457 590 3499 Guardianus
627 3460 926 3514 Capucinorum
959 3457 1003 3500 fit
1042 3472 1166 3514 capax
1195 3461 1292 3514 ⁴juris

264 3514 493 3556 nominandi
520 3515 567 3557 ad
589 3515 811 3572 hujusmodi
840 3517 1063 3561 Subfidium
1104 3520 1254 3561 Dotale
1273 3552 1288 3571 ,

262 3585 311 3614 an
326 3573 427 3614 vero
442 3573 570 3615 obstet
585 3576 808 3618 institutum
830 3576 994 3620 Ordinis
1010 3605 1023 3628 ,
1054 3575 1229 3632 ideoque
1244 3579 1287 3620 fit

261 3629 559 3686 providendum
576 3633 715 3676 saltem
736 3636 777 3677 in
793 3632 996 3679 futurum?

320 3689 452 3754 IJorro
471 3689 523 3731 de
543 3693 750 3735 Fratribus
763 3694 985 3738 Minoribus
1003 3705 1115 3738 extat
1133 3697 1290 3738 Confli-

262 3746 604 3791 tuttoClementis
618 3752 670 3793 V.
686 3752 723 3793 in
740 3752 1011 3806 clementina:
1029 3759 1143 3800 Exivi
1153 3754 1198 3795 de
1216 3758 1286 3799 Pa-

931 184 1091 276 Sub
1151 184 1527 273 Clemente
1587 183 1760 272 XII.

1370 306 1515 362 radtso,
1533 302 1571 351 ξ.
1590 305 1792 358 Cupientes
1807 302 1933 356 igitur
1949 299 1993 340 de
2015 299 2268 361 Verb.stgnifi
2286 318 2299 346 :
2319 319 2400 362 quae

1369 366 1447 406 haec
1467 364 1600 404 habet:
1617 363 1897 416 Ampltus,cum
1909 372 1983 400 non
1981 357 2132 415 solum,
2146 365 2245 412 qaod
2257 367 2400 407 malum

1367 422 1436 479 estc*-
1450 420 1688 476 drgncstitur
1703 448 1717 470 2
1734 420 1813 477 sed
1837 431 1942 459 omne
1958 446 1970 468 ,
2000 417 2278 473 quodspece'em
2305 426 2402 466 mali

1367 481 1484 522 habet
1505 509 1517 530 ‚
1536 479 1595 536 stt
1622 479 1646 519 a*
1677 483 1770 520 viris
1785 475 1974 534 perfeffis
1987 475 2226 533 specialiter
2250 483 2403 524 evitan-

1373 540 1460 580 dum
1477 553 1488 580 ε
1509 551 1555 578 ex
1570 539 1719 579 talibus
1734 548 1861 578 autem
1877 534 2090 593 afflsten'th's
2106 538 2148 576 in
2165 537 2296 578 Curiis
2311 563 2338 585 ,.
2356 533 2403 586 ξς

1372 595 1682 654 instigatiom'bus
1697 623 1711 647 2
1725 609 1810 637 cum
1824 597 1867 636 de
1880 596 1992 636 rebus
2010 598 2163 651 agitur,
2179 597 2222 635 in
2237 593 2406 651 {nstrum

1374 656 1563 697 commoda
1605 654 1868 696 convertendis
1882 681 1896 704 ‚
1927 655 2144 696 creduntur
2186 651 2409 710 verssmili-

1371 723 1433 755 ter
1446 728 1493 755 ex
1506 713 1564 754 his
1579 740 1592 762 ‚
1620 727 1706 767 quae
1710 711 1817 771 foris
1823 722 1969 768 patent
1983 741 1997 764 ,
2026 719 2043 769 (
2056 716 2099 754 de
2115 710 2258 767 quibus
2265 711 2408 754 habent

1370 772 1534 813 homines
1548 770 1656 827 foris
1674 771 1888 828 judicare)
1918 774 1961 812 in
1990 773 2078 829 ipsts
2105 771 2217 813 rebus
2240 773 2408 814 Fratres

1368 829 1566 884 afflstentes
1602 830 1760 884 aliquid
1792 843 1965 884 quaerere
2002 839 2194 886 tanquam
2233 830 2358 888 suum
2390 843 2403 871 ε

1365 889 1470 928 nullo
1499 886 1603 927 modo
1629 887 1788 929 debeant
1802 888 2020 944 hujusmodi
2034 893 2116 931 voti
2130 918 2144 940 ,
2178 888 2226 936 δ’
2254 890 2403 945 regulae

1358 943 1586 1001 profcffores
1600 943 1649 999 fi’
1667 945 1814 985 talibus
1838 950 1967 987 Curiis
1981 977 1998 996 ‚
2022 949 2074 997 ὠ·
2097 947 2279 1004 litigiosis
2302 946 2404 989 affl·-

1362 1004 1431 1045 bus
1455 1001 1665 1059 immifiere
1689 1029 1703 1051 ,
1737 1010 1781 1042 ut
1797 1002 1844 1049 ζῇ·
1858 1002 2117 1057 testimonium
2150 1006 2320 1049 habeant
2350 1005 2402 1047 ab

1360 1066 1435 1111 iis,
1468 1063 1537 1115 qui
1569 1057 1678 1117 foris
1710 1058 1841 1116 stent,
1868 1060 1916 1106 ἐς
1935 1065 2114 1114 puritati
2141 1061 2402 1120 satisfaciant

1361 1127 1443 1162 voti
1454 1119 1528 1177 firi
1542 1147 1556 1168 ,
1581 1131 1625 1158 ac
1649 1120 1819 1160 evitetur
1837 1126 1912 1173 per
1937 1119 2004 1160 hoc
2013 1120 2401 1178 fiandalumproxi-

1361 1191 1510 1221 morum
1525 1206 1534 1217 .
1574 1175 1708 1219 Veram
1723 1180 1842 1218 etiam
1858 1177 1953 1219 dib‘t‘i
1969 1178 2127 1221 Ordinis
2148 1182 2312 1223 Fratres
2324 1194 2401 1223 non

1348 1235 1520 1295 soldmd
1533 1240 1746 1289 receptione
1764 1262 1778 1285 a
1799 1239 2083 1292 proprietate,
2112 1238 2281 1280 dominio
2295 1267 2310 1289 ‚
2321 1239 2398 1295 seu

1359 1294 1432 1354 usu
1458 1293 1572 1350 ipsius
1584 1298 1761 1347 pecunia·
1780 1321 1794 1344 2
1824 1294 1958 1337 veram
1980 1300 2098 1338 etiam
2123 1304 2150 1338 d
2179 1297 2403 1339 contreeta-

1362 1359 1464 1397 tione
1479 1351 1655 1408 qualibet
1667 1351 1782 1409 isostm
1795 1382 1808 1406 ‚
1837 1354 1885 1401 θ’
1902 1353 1951 1395 ab
1968 1355 2108 1412 eastnt
2118 1359 2275 1410 penitus
2299 1357 2402 1398 alte-

1362 1417 1433 1463 ni,
1459 1411 1775 1467 quemadmodum
1795 1413 2030 1467 saepedifflus
2061 1413 2307 1471 Praedecefflr
2332 1428 2404 1456 no-

1352 1471 1437 1528 ster
1453 1475 1496 1511 in
1510 1471 1772 1513 declaratione
1791 1471 2008 1529 hujusmodi
2038 1473 2183 1528 Regale
2204 1474 2329 1527 plane
2343 1473 2404 1515 di-

1363 1531 1423 1569 xit
1438 1540 1543 1569 :cum
1556 1526 1651 1568 dieti
1666 1529 1824 1569 ordinis
1837 1530 2068 1587 proseſjbres
2090 1542 2166 1586 pro
2182 1532 2292 1574 nulla
2307 1545 2406 1577 νεὶ-ι

1363 1587 1568 1641 temporali
1581 1584 1718 1641 poffl'nt
1746 1589 1788 1628 in
1810 1587 1961 1643 judmo
1979 1594 2177 1643 experiri,
2197 1589 2405 1643 pra-ainis

1367 1642 1579 1686 Fratribus
1595 1655 1669 1682 non
1691 1644 1780 1682 licet
1795 1671 1809 1691 ,
1833 1658 1897 1684 nee
1911 1651 2091 1700 competit
2108 1675 2123 1697 2
2151 1651 2248 1701 quin
2267 1654 2405 1703 potius

1365 1699 1607 1755 confideratd
1626 1697 1698 1755 fin·
1723 1701 1908 1752 puritate
1946 1702 2081 1754 status
2102 1731 2116 1752 ,
2158 1705 2294 1745 debent
2318 1706 2406 1761 sibi

1354 1757 1464 1816 stira
1493 1755 1748 1798 interdietam
1763 1785 1777 1807 ‚
1802 1758 1907 1811 quod
1927 1758 2147 1815 hujusmodi
2166 1765 2407 1803 executioni-

1366 1816 1460 1867 bus,
1487 1815 1532 1863 ἐς
1563 1814 1925 1873 ᾱῌῂοβῑέοηὶόωχί»
1948 1827 2142 1872 exponant
2168 1847 2181 1869 ‚
2211 1833 2295 1861 cum
2326 1820 2408 1862 haee

1353 1873 1502 1934 saepiu's
1528 1873 1671 1932 absque
1696 1875 1827 1929 litigio
1850 1904 1863 1926 ‚
1893 1874 1944 1925 ὠ»
1972 1878 2272 1920 commotione
2297 1908 2311 1929 ,
2345 1881 2410 1921 vel

1364 1933 1697 1990 administratione
1704 1939 1880 1988 pecunia·
1897 1945 2089 1989 nequeant
2102 1938 2275 1989 expediri
2290 1965 2301 1976 .
2339 1940 2403 1980 Ve—

1363 2003 1583 2036 rumtamen
1598 1994 1644 2032 in
1658 1990 1716 2031 his
1737 1993 1962 2045 exequendis
1975 1994 2066 2036 dari
2087 1993 2283 2048 consiltum
2296 1995 2398 2050 'ipfi-

1362 2066 1451 2095 rum
1467 2050 1600 2108 statui
1613 2062 1689 2090 non
1701 2048 1843 2106 obsistit
1860 2078 1873 2100 ,
1903 2065 1988 2093 cum
2002 2067 2046 2090 ex
2058 2051 2124 2092 hoc
2137 2050 2226 2107 ipsts
2245 2055 2400 2094 circa-,2

1357 2111 1457 2154 bona
1470 2109 1702 2165 temporalia
1717 2109 1826 2151 nulla
1833 2109 2058 2168 juristlibt'io
2073 2139 2089 2162 ,
2085 2109 2172 2167 five
2188 2109 2288 2152 attio
2304 2115 2400 2157 itt-2

1350 2169 1506 2226 judicio
1521 2198 1538 2219 ,
1557 2167 1644 2225 sive
1658 2167 1888 2226 dispensatio
1901 2169 2110 2211 trebuatur
2122 2197 2133 2210 .

1368 2266 1371 2270 ,
1421 2230 1480 2270 Ex
1518 2229 1592 2269 hac
1622 2238 1757 2269 autem
1782 2226 1992 2269 Pontificia
2038 2225 2239 2270 sanctione
2272 2227 2398 2272 multi

1361 2299 1505 2341 graves
1533 2288 1731 2327 Doctores
1759 2283 1965 2337 inferunt,
1997 2287 2203 2328 Fratribus
2221 2288 2400 2330 Minori·-

1359 2346 1432 2386 bus
1448 2358 1529 2386 non
1549 2343 1673 2386 solum
1692 2344 1858 2385 minim'e
1873 2345 1996 2386 licere
2011 2341 2119 2400 fungi
2133 2345 2268 2387 officio
2283 2349 2400 2388 Exe-

1357 2413 1576 2458 quutorum
1624 2403 1858 2445 ultimarum
1892 2403 2148 2445 voluntatum
2169 2432 2183 2456 ‚
2215 2402 2283 2446 sed
2315 2418 2398 2447 nec

1359 2462 1480 2503 etiam
1497 2474 1691 2504 exercere
1708 2476 1853 2504 munus
1868 2490 1882 2512 ,
1907 2461 1974 2504 fibi
1997 2461 2018 2502 a
2038 2463 2251 2505 Testatore
2280 2477 2396 2505 com-

1358 2517 1509 2563 missum
1523 2520 1702 2575 eligendi
1719 2535 1936 2576 pauperem
1952 2550 1967 2572 ‚
1998 2521 2062 2562 cui
2094 2519 2260 2563 subsidia
2278 2523 2326 2563 ab
2341 2536 2396 2565 eo

1358 2579 1493 2622 relicta
1507 2579 1736 2622 tribuantur
1752 2609 1766 2631 ,
1798 2581 1839 2621 ut
1856 2581 1954 2622 hanc
1974 2580 2216 2621 sententiam
2244 2593 2398 2636 propu-

1357 2649 1524 2693 gnantes
1541 2636 1666 2682 refert
1681 2639 1849 2681 Sanchez
1865 2639 2089 2694 adpraecep.
2104 2638 2246 2680 Decal.
2264 2638 2334 2682 lib.
2349 2639 2394 2681 6.

1354 2698 1874 2755 cap-11.num.28.ad32.
2392 2696 2394 2699 ’

1415 2756 1497 2798 Alii
1526 2757 1629 2799 vero
1653 2756 1876 2800 existimant
1894 2759 2066 2801 vetitum
2084 2757 2246 2813 quidem
2257 2756 2395 2803 else-..³

1356 2814 1469 2860 die'tis
1499 2814 1706 2856 Fratribus
1735 2816 2006 2871 quodcunque
2047 2816 2253 2866 officium,
2282 2816 2395 2874 quod

1355 2885 1594 2915 cumrerum
1615 2873 1899 2927 temporalium
1913 2874 2257 2917 administratione
2274 2904 2288 2926 ‚
2322 2874 2394 2918 vel

1352 2932 1532 2988 pecuniae
1552 2933 1871 2976 contrectatione
1895 2932 2152 2991 conjuntftum
2168 2935 2213 2976 stt
2231 2943 2299 2981 :at
2326 2948 2390 2977 eo⁴

1354 3004 1438 3033 rum
1466 2991 1652 3033 institutis
1680 3005 1758 3033 non
1786 3006 2014 3048 repugnare
2038 3021 2054 3043 ,
2085 2993 2192 3049 quod
2223 2995 2389 3037 aetum..-

1355 3050 1562 3094 charitatis
1581 3050 1770 3108 expleant
1784 3080 1799 3103 ,
1817 3050 2090 3106 investigando
2104 3078 2117 3102 ,
2132 3051 2296 3107 quinam
2315 3051 2393 3092 fint

1354 3110 1478 3165 magis
1509 3109 1644 3166 digni,
1677 3110 1817 3165 quibus
1844 3114 1968 3153 detur
1994 3107 2348 3164 pium·sublidium
2378 3136 2392 3160 ,

1358 3169 1469 3224 juxta
1493 3179 1674 3211 mentem
1705 3167 1945 3220 Testatoris‚
1976 3166 2124 3224 eosque
2159 3166 2353 3224 eligendo
2377 3195 2392 3218 ‚

1359 3228 1425 3278 vel
1452 3226 1721 3277 nominando,
1751 3241 1841 3270 cum
1867 3228 1915 3270 ab
1938 3226 2219 3269 his.terminis
2248 3225 2391 3282 procul

1357 3285 1453 3329 abfit
1477 3286 1606 3329 omnis
1634 3287 1738 3328 ratio
1766 3286 2051 3342 prohibitionis
2068 3315 2081 3336 ,
2115 3287 2239 3342 iisque
2252 3284 2388 3342 potius

1355 3347 1574 3389 conveniat
1599 3344 1792 3387 limitatio
1811 3374 1825 3398 ,
1855 3360 1941 3402 quae
1968 3347 2140 3389 habetur
2165 3345 2203 3385 in
2231 3344 2388 3399 postre-

1353 3405 1428 3447 mis
1465 3404 1599 3448 verbis
1619 3414 1845 3448 memoratae
1866 3400 2173 3447 constitutionis
2195 3431 2223 3452 ,¹
2244 3403 2388 3445 decla-

1325 3482 1327 3484 ·
1353 3465 1481 3506 rantis
1494 3492 1509 3516 ‚
1542 3478 1619 3507 non
1636 3463 1871 3520 prohiberi,
1901 3464 1983 3518 quo
2001 3461 2131 3502 minus
2147 3461 2246 3504 tales
2266 3462 2386 3504 Reli-

1352 3524 1447 3578 giofi
1472 3521 1646 3566 officium
1674 3531 1818 3578 gerant
1832 3518 2067 3561 consultoris
2083 3519 2120 3560 in
2140 3518 2210 3574 piis
2236 3521 2383 3576 legatis

1349 3582 1622 3637 exequendis.
1666 3582 1807 3636 ltaque
1828 3577 2200 3624 hanq‚sententiam
2230 3581 2380 3635 proba-

1345 3640 1532 3683 bilio'rem
1554 3638 1724 3682 affirmat
1748 3634 1915 3679 Sancbez
1937 3637 2015 3678 loco
2037 3641 2157 3680 citato
2183 3653 2288 3680 num.
2309 3642 2375 3681 82.

1350 3701 1403 3741 Et
1424 3700 1463 3741 in
1489 3697 1620 3754 specte
1635 3693 1844 3753 electionis
1863 3708 2081 3751 pauperum
2115 3698 2340 3741 Puellarum
2357 3697 2380 3739 a

1351 3758 1562 3818 Testatore
1584 3750 1793 3814 coinmiffae
1819 3754 2055 3801 Guardiano
2071 3759 2374 3822 Capucinorum

2246 3829 2320 3871 pro
