2658 4244
940 220 1099 311 Sub
1161 224 1584 310 Innocentio
1647 227 1745 312 X.

279 340 391 399 'qnod
413 339 635 385 Decretum
650 335 835 399 Episcopi
860 336 1011 380 ibidem
1029 338 1066 382 in
1087 340 1308 384 favorem-„-

278 402 581 459 Capucinorum
608 398 862 450 exhibuerit,
886 400 1133 440 Procurator
1168 404 1307 442 Gene-

275 461 370 505 ralis
392 461 558 504 Ordinis
586 462 760 504 recurrit
782 457 1003 500 humillime
1033 457 1082 499 ad
1109 459 1195 500 EE.
1216 460 1307 502 VV.

276 520 540 576 supplicando
564 548 579 571 ,
611 529 804 573 quatenus
835 517 886 560 ad
924 514 1147 559 tollendam
1191 516 1307 559 dein-

276 594 373 636 ceps
399 594 558 623 omnem
570 576 809 620 discordiam
823 574 1031 618 declarare
1058 574 1304 630 dignentur,

275 638 384 696 quod
409 636 673 686 Oratoribus,
706 650 781 678 ceu
809 635 911 678 veris
939 634 1140 677 Fratribus
1166 636 1302 679 Mino-

271 699 414 748 ribus,
436 696 547 753 juxta
570 703 806 736 memoratas
832 693 1154 737 Constitutiones
1186 697 1298 750 Apo-

272 757 431 800 stolicas
446 782 461 808 2
489 751 612 796 modo
622 751 846 807 supradicto
859 779 873 802 2
889 751 1083 796 Habitum
1096 751 1194 796 dare
1208 754 1298 798 lici-

275 825 364 857 tum
379 812 449 856 fit.
564 813 701 870 Qam
730 813 903 867 gratiam
934 813 1011 853 &c.

325 933 448 972 Sacra
470 930 723 985 congregatio
746 933 784 970 S.
805 933 850 973 R.
870 932 916 972 Ε.
931 929 1204 974 cardinalium
1233 947 1299 986 ne-

261 987 382 1045 jgotiis
395 1015 409 1037 a
433 986 481 1034 ἐς·
493 987 833 1045 confhltationibus
849 988 1118 1046 Epifioporum
1133 1019 1146 1042 ‚
1159 992 1206 1038 ἐς
1224 995 1301 1034 Re-

259 1047 463 1102 gulart'um
481 1046 691 1102 praeposita
709 1077 723 1097 ,
751 1048 896 1105 censitit
910 1048 1025 1089 licere
1041 1049 1298 1102 oratoribus,

263 1108 395 1161 vigore
399 1109 652 1159 praenarrati
665 1105 817 1148 indulti
835 1110 873 1148 S.
881 1110 999 1149 Mem.
1016 1109 1122 1148 sixti
1136 1111 1202 1151 IV.
1219 1137 1233 1160 ,
1254 1123 1299 1151 ac

256 1170 464 1219 propterca
481 1165 508 1206 a*
521 1168 669 1209 nemine
686 1164 790 1222 poffis·
816 1165 973 1222 dafiaper
987 1166 1169 1219 impediri
1182 1195 1196 1217 ,
1229 1177 1300 1212 aut

264 1221 455 1280 molestari
473 1222 559 1273 ὀνο.
590 1225 726 1266 Romae
738 1223 800 1266 dic
813 1237 880 1280 29.
896 1226 1093 1279 ‘Januarii
1117 1226 1239 1282 1649.

595 1343 657 1383 M.
693 1332 914 1383 cardinalis
947 1340 1156 1386 Ginnettus
1170 1367 1182 1382 .

373 1426 487 1468 Loco
501 1423 559 1479 ὦ
574 1425 707 1480 sigilli
721 1456 733 1467 .

500 1506 502 1509 '
741 1502 804 1541 Μ.
836 1497 1056 1541 Alba-ricius
1087 1501 1231 1539 Secret.

314 1580 529 1633 Exemplar
561 1578 839 1621 Autbenticum
863 1582 905 1622 in
934 1580 1103 1624 Archivo
1110 1583 1289 1638 generali

369 1638 526 1680 Ordinis
553 1639 656 1680 Tom.
679 1639 738 1679 G..
758 1651 863 1680 num.
883 1650 974 1693 ¹29·

443 1870 1092 1913 DECRETO.

300 1984 435 2051 Sarrae
449 1985 789 2052 Congregationis
807 1985 867 2033 ad
891 1983 1070 2035 Indicem
1087 1987 1240 2038 Libro-

551 2074 640 2103 rum
657 2056 748 2104 &a
764 2057 967 2122 deputatae
980 2094 992 2105 .

248 2154 453 2206 ‘Annales
479 2154 671 2206 Ordinis
700 2152 837 2202 nostri
864 2150 889 2200 ἃ
917 2155 966 2202 Ρ.
995 2155 1286 2206 zaccharia„

254 2249 259 2255 ·
284 2228 486 2276 Boverio
515 2223 789 2293 compositos
804 2260 819 2282 ,
836 2228 966 2287 juxta
993 2225 1284 2277 correstionis

282 2298 514 2364 exemplar
553 2296 824 2365 re·imprimi
866 2291 987 2363 poffe
1018 2293 1108 2347 ἃς.
1135 2296 1282 2348 decla-

283 2380 438 2417 ratur.

335 2495 441 2536 Acra
457 2495 735 2552 Congregatio
758 2495 908 2543 Indicis
929 2494 1161 2551 facultatem
1178 2509 1276 2535 con-

350 2551 458 2592 cedit
477 2552 686 2592 Fratribus
702 2552 924 2594 Minoribus
950 2551 1167 2602 Capucinis
1190 2581 1204 2602 a
1232 2562 1278 2594 ut

246 2606 391 2662 poffint
415 2609 564 2650 iterum
597 2608 856 2662 imprimere,
887 2609 984 2650 acin
1003 2609 1136 2652 lucem
1152 2610 1278 2654 edere

246 2666 425 2708 Annales
453 2665 507 2708 sui
534 2665 724 2716 Ordinis,
751 2667 939 2708 Authore
967 2668 1189 2710 Zaccharia
1205 2672 1280 2712 Bo·

245 2725 362 2766 verio
387 2724 465 2778 jam
493 2722 722 2778 suspensos,
748 2724 859 2777 juxta
876 2726 1081 2780 exemplar
1110 2737 1278 2772 tamen..)

244 2783 506 2824 correctionis
522 2809 534 2831 ³
548 2780 698 2823 eisdem
712 2782 900 2825 adhibitae
915 2783 1013 2838 jussu
1028 2789 1154 2826 Sacrae
1168 2790 1279 2828 Con-

245 2839 488 2895 gregationis
502 2841 564 2891 ,δι
580 2838 725 2881 additis
742 2841 1146 2895 protestationibusin
1163 2847 1277 2899 prin-

243 2899 350 2952 cipio
366 2927 379 2950 ,
403 2901 440 2940 ὃς
454 2898 530 2940 fine
545 2897 765 2951 cujuslibet
782 2898 901 2950 libri,
929 2900 1040 2954 iuxta
1067 2904 1274 2948 Decretad

243 2958 397 2998 Urbani
425 2959 542 2999 VIII.
568 2958 655 2999 Hac
681 2957 781 2999 vero
796 2961 1050 3000 correctione
1065 2962 1272 3015 appofita„

241 3013 335 3055 dicti
351 3015 525 3057 Annales
541 3014 695 3065 libere,
722 3029 766 3057 ac
795 3015 907 3058 licite
921 3017 1163 3060 abomnibus
1186 3020 1270 3077 legi

239 3071 378 3126 poffi-nt
395 3102 408 3115 .
441 3076 580 3117 Romae
599 3075 660 3114 18·
678 3074 922 3116 Novembris
942 3076 1065 3127 1652,

404 3150 478 3195 Fr.
495 3150 739 3191 Raimundus
753 3152 980 3209 Capisteecus
995 3155 1088 3200 Ord.
1108 3156 1265 3203 Pnaedic.

526 3210 611 3258 Sar.
629 3212 747 3267 Cong.
762 3213 905 3253 secret.

348 3308 461 3349 Loco
476 3307 531 3362 »Β
547 3307 674 3364 Sigilli
693 3338 703 3349 .

294 3392 466 3445 Exempl.
488 3392 610 3435 Auth.
624 3395 665 3434 in
683 3392 946 3457 Arch.gcner.
969 3397 1061 3439 Ord.
1095 3400 1197 3441 Tom.
1213 3397 1263 3438 A.

352 3460 454 3493 num.
493 3462 554 3494 12.

470 3566 1031 3637 NOTA;

317 3699 444 3735 Onitur
456 3701 509 3737 hic
522 3702 590 3739 haec
601 3704 739 3741 facultas
749 3727 761 3746 ‚
783 3715 822 3740 ut
833 3708 871 3742 ea
884 3731 896 3750 ‚
919 3718 981 3743 ceu
995 3708 1103 3745 Scuto
1117 3706 1259 3744 circum-

329 3747 425 3784 detur
440 3750 562 3786 veritas
575 3762 694 3787 contra
711 3762 874 3790 rumorem
887 3780 899 3798 ‚
920 3769 992 3803 quo
1003 3757 1045 3793 ad
1056 3756 1257 3793 hodiernum

231 3797 334 3846 usque
349 3798 439 3835 diem
453 3798 564 3846 sparso
578 3822 593 3846 ‚
614 3799 795 3841 lcfftionern
817 3803 910 3852 aeque
923 3817 961 3842 ac
977 3817 1111 3844 novum
1134 3806 1256 3842 Anna-

2176 258 2340 333 '105

1367 342 1452 394 lium
1464 341 1655 376 nostrorum
1674 352 1792 389 typum
1804 363 1818 384 ‚
1840 341 1992 382 absolute
2005 345 2196 396 suspensum
2211 353 2275 391 effe
2291 377 2304 398 ,
2317 366 2407 393 non-

1366 389 1453 425 nulli
1467 389 1695 435 praetendunt.
2234 396 2236 398 “

2258 533 2376 547 ὴ

1361 619 1472 665 Duo
1503 619 1685 664 Fratres
1706 614 1887 682 profeffi
1905 654 1921 675 ,
1952 623 2028 686 qui
2057 620 2217 689 absque
2248 630 2296 676 S.
2324 632 2404 677 Se-

1395 686 1463 735 dis
1480 721 1496 743 ,
1510 684 1558 735 <Sc
1575 689 1876 754 Superiorum
1890 690 2068 739 licentia
2086 727 2102 748 ,
2125 693 2182 741 ad
2203 697 2288 745 ΡΡ.
2307 698 2406 747 Ob·-

1393 755 1622 806 servantes
1641 756 1944 816 transierunt,
1968 760 2255 813 declarantur
2270 770 2403 834 Apo-

1393 827 1513 877 statae
1526 863 1543 885 ,
1572 826 1620 878 ὅ(
1654 829 1778 880 nulla
1798 844 2033 899 reputatur
2050 832 2266 884 Profeffio
2280 838 2400 886 inter

1398 897 1518 968 ipsos
1534 896 1684 950 emiffa
1702 935 1715 949 .

1406 1029 2005 1088 INNOCENTIUS
2043 1032 2254 1082 PAPA
2291 1038 2351 1082 X.

1560 1164 1629 1210 Ad
1640 1162 1834 1222 futuram
1863 1168 1924 1208 rei
1952 1169 2174 1210 memoriam
2187 1195 2198 1206 .

1470 1281 1606 1334 Xponi
1637 1283 1764 1324 Nobis
1784 1298 1914 1339 nuper
1940 1284 2036 1325 fecit
2073 1283 2241 1327 dilectus
2275 1285 2399 1328 Filius

1484 1341 1729 1382 Procurator
1770 1342 1984 1385 Generalis
2018 1346 2203 1398 Fratrum
2231 1344 2397 1386 Ordinis

1354 1394 1560 1439 Minorum
1587 1400 1718 1442 Sancti
1744 1400 1942 1442 Francisci
1977 1401 2278 1456 Capucinorum
2296 1415 2399 1443 nun-

1352 1463 1618 1505 eupatorum‚
1643 1456 1753 1510 quod
1781 1457 1880 1499 alias
1902 1458 2068 1512 quidam
2085 1462 2138 1501 N.
2156 1462 2208 1500 N.
2225 1459 2397 1501 Provin-

1351 1508 1417 1550 ciae
1431 1514 1484 1554 N.
1502 1540 1516 1562 ‚
1540 1511 1720 1568 suscepto
1746 1529 1819 1570 per
1844 1529 1938 1556 eum
1961 1518 2116 1559 Habitu
2134 1531 2206 1571 per
2236 1520 2400 1559 Fratres

1348 1567 1536 1612 Clericos
1564 1571 1658 1614 dieti
1679 1573 1842 1615 Ordinis
1870 1574 2013 1629 gestari
2037 1575 2179 1626 solito,
2201 1577 2241 1616 &
2258 1575 2399 1618 emissa

1352 1626 1593 1680 proseffione
1622 1631 1818 1684 Regulari
1851 1646 1925 1686 per
1951 1633 2113 1676 eosdem
2142 1635 2275 1676 emitti
2298 1649 2398 1677 con-

1353 1684 1464 1729 sueta
1493 1714 1508 1736 2
1537 1686 1806 1744 susceptisque
1839 1691 1877 1731 in
1902 1691 2046 1734 eodem
2077 1691 2231 1733 Ordine
2264 1693 2395 1735 Sacris

1352 1744 1478 1785 etiam
1506 1745 1819 1801 Presbyteratfis
1847 1748 2100 1799 Ordinibus,
2131 1751 2278 1791 multos
2308 1751 2396 1805 post

1350 1815 1474 1847 annos
1516 1804 1564 1845 ab
1610 1804 1688 1860 ipsa
1735 1805 1978 1860 professionis
2023 1807 2248 1863 hujusmodi
2275 1808 2394 1849 emis-

1350 1861 1460 1903 slone
1488 1861 1716 1904 clanculum
1735 1892 1748 1914 ,
1773 1866 1813 1905 &
1834 1861 1977 1906 furtim
1992 1866 2014 1908 ὲ
2036 1870 2168 1908 Domo
2190 1867 2393 1921 Regulari

1349 1919 1430 1960 loci
1447 1924 1501 1961 N.
1519 1919 1612 1962 dieti
1628 1921 1794 1963 Ordinis
1811 1924 1911 1965 exiit
1927 1954 1942 1974 ,
1967 1927 2005 1966 &
2021 1925 2070 1966 ad
2092 1928 2390 1968 Conventum..

1348 1976 1590 2019 dilectorum
1619 1979 1814 2020 Filiorum
1843 1984 2030 2024 Fratrum
2054 1983 2220 2023 Ordinis
2253 1985 2390 2025 Mino-

1348 2049 1435 2078 runi
1462 2035 1646 2092 ejusd-em
1674 2039 1803 2079 Sancti
1838 2040 2103 2083 Franciscide
2123 2040 2390 2084 Observantia

1345 2105 1668 2149 nuncupatorum
1686 2095 1722 2138 se
1737 2099 1912 2139 contulit
1928 2128 1942 2149 ‚
1970 2100 1989 2140 a
2007 2100 2150 2154 quibus
2169 2111 2358 2156 receptus
2372 2130 2389 2150 ‚

1345 2154 1384 2194 &
1403 2154 1654 2208 postmodum
1670 2154 1719 2196 ad
1734 2159 1996 2199 Conventum
2021 2158 2265 2200 eorumdem
2293 2161 2391 2201 Fra-

1344 2220 1453 2253 trum
1483 2212 1800 2256 Observantium
1833 2213 1993 2266 missus,
2018 2219 2294 2272 Habitumque
2316 2231 2390 2272 per

1344 2269 1446 2325 ipsos
1469 2274 1632 2315 Fratres
1656 2273 1932 2315 Observantes
1949 2276 2094 2330 gestari
2109 2275 2271 2318 solitum
2291 2276 2388 2318 inibi

1339 2328 1540 2386 suscepit,
1562 2334 1606 2373 &-
1628 2332 1679 2373 ab
1704 2335 2129 2376 excommunicationis
2157 2333 2386 2376 sententia„

1340 2390 1393 2430 ob
1423 2389 1650 2432 clanculam
1683 2389 1819 2445 fugam
1849 2391 2071 2448 hujusmodi
2107 2407 2176 2447 per
2206 2407 2301 2434 eum
2328 2393 2387 2432 in-

1338 2446 1455 2487 cursa
1472 2475 1486 2495 ,
1513 2448 1534 2486 ὲ
1551 2449 1787 2489 Venerabili
1808 2452 1947 2490 Fratre
1967 2448 2164 2505 Episcopo
2191 2453 2244 2491 N.
2272 2448 2386 2491 abso-

1338 2502 1449 2544 lutus
1465 2531 1479 2553 ‚
1509 2506 1550 2544 &
1569 2507 1618 2546 ab
1640 2521 1690 2547 eo
1716 2505 1785 2547 sub
1811 2507 1878 2547 sua
1903 2508 2156 2562 protestione
2191 2518 2382 2563 receptus

1341 2557 1445 2601 fuit.
1489 2562 1617 2620 Qod
1646 2578 1740 2604 cum
1769 2563 1937 2606 dile&us
1970 2566 2090 2607 Filius
2120 2565 2382 2608 Guardianus

1341 2618 1451 2661 dietae
1481 2622 1632 2662 Domus
1661 2622 1876 2676 Regularis
1890 2622 2136 2675 rescivisset,
2166 2625 2202 2664 in
2221 2622 2381 2667 forma-J

1340 2679 1576 2721 authentica
1603 2710 1618 2730 ,
1659 2682 1698 2722 &
1728 2680 1909 2736 legitima
1934 2696 2058 2737 penes
2087 2682 2186 2736 ipsos
2216 2684 2381 2725 Fratres

1339 2736 1608 2780 Observantes
1635 2738 1799 2788 institit,
1829 2750 1872 2780 ut
1887 2739 1947 2782 illi
1974 2740 2150 2781 eundem
2183 2742 2225 2782 F.
2247 2741 2381 2783 N-di—

1339 2796 1408 2837 <stis
1424 2798 1632 2839 Fratribus
1646 2796 1864 2851 Capucinis
1879 2797 2134 2841 restituerent
2149 2813 2160 2838 =
2175 2798 2280 2853 apud
2308 2813 2379 2840 ve-

1338 2855 1384 2896 ro
1410 2856 1587 2897 eundem
1611 2856 1852 2911 Episcopum
1870 2886 1883 2907 ‚
1907 2867 1954 2900 ut
1981 2857 2062 2913 ipse
2094 2859 2143 2899 ab
2159 2856 2378 2912 εῇυΐάεπμ

1337 2915 1492 2956 Fratris
1517 2915 1768 2970 protectione
1794 2915 1999 2958 desisteret
2014 2929 2029 2968 3
2046 2914 2220 2972 praediffi
2238 2926 2378 2958 tamen

1335 2975 1497 3024 Fratres
1515 2973 1788 3015 Observantes
1803 2988 1877 3016 nec
1893 2975 2068 3018 eundem
2095 2978 2280 3018 Fratrem
2312 2989 2377 3016 re-

1331 3031 1587 3081 stituere,nec
1603 3031 1729 3075 dietus
1741 3032 1961 3089 Episcopus
1976 3033 2143 3076 abillius
2159 3034 2376 3090 proteffilio-

1250 3095 1253 3098 ’
1328 3103 1381 3132 ne
1397 3090 1585 3135 defistere
1597 3091 1828 3141 voluerunt-,4
1858 3093 1977 3135 Unde
1993 3093 2073 3142 eti'ii
2090 3094 2194 3135 hunc
2209 3094 2249 3134 in
2263 3092 2374 3136 diem

1326 3151 1477 3191 Frater,
1498 3150 1602 3193 inter
1627 3148 1731 3206 ipsos
1750 3153 1909 3194 Fratres
1925 3151 2225 3200 Observantes,
2254 3164 2369 3191 nom,

1327 3207 1406 3250 fine
1436 3208 1726 3265 Regularium‚
1746 3211 1786 3252 δε
1815 3211 2077 3253 Saecularium
2104 3209 2264 3263 stupore
2284 3236 2298 3258 ,
2328 3211 2372 3257 ὃς
2436 3216 2439 3219 ·

1323 3263 1572 3310 offendiculo
1585 3266 1724 3324 degit.
1755 3272 1868 3317 Cum,
1887 3280 2022 3311 autem
2039 3297 2061 3318 ,‚
2086 3268 2187 3308 ficut
2216 3267 2365 3308 eadem

1326 3325 1520 3380 expolitio
1553 3325 1821 3383 subjungebat
1836 3356 1849 3377 ‚
1881 3329 2067 3368 transitus
2093 3323 2273 3379 ejusdem
2309 3329 2369 3371 N.

1327 3385 1376 3424 ab
1395 3386 1482 3437 ipfis
1500 3386 1704 3428 Fratribus
1718 3384 1934 3440 Capucinis
1954 3384 2007 3426 ad.
2020 3382 2181 3426 eosdem
2206 3384 2368 3425 Fratres

1327 3441 1599 3486 Observantes
1615 3472 1628 3494 ,
1654 3445 1713 3486 uti
1729 3445 1885 3485 secutus
1903 3442 2049 3498 absque
2065 3441 2218 3484 debitis
2234 3439 2366 3483 lice—n..

1327 3501 1390 3542 tiis
1407 3502 1669 3558 Superiorum
1684 3501 1984 3556 Capucinorum
2001 3529 2015 3550 ‚
2041 3502 2080 3541 &
2093 3499 2264 3541 aliorum
2280 3514 2365 3542 ma-

1322 3558 1453 3616 jorum
1466 3591 1480 3611 ,
1506 3560 1554 3603 ad
1571 3575 1670 3616 quos
1684 3562 1834 3615 spee'iat
1850 3589 1864 3610 ,
1882 3559 2030 3602 nedum
2045 3558 2066 3600 a
2081 3558 2207 3601 Sacris
2223 3559 2364 3602 Cano-2

1321 3619 1468 3670 nibus,
1494 3621 1531 3660 &
1554 3618 1922 3661 Constitutionibus
1963 3617 2203 3672 Apostolicis
2229 3647 2244 3666 ,
2286 3618 2356 3660 sed

1321 3677 1442 3720 etiam
1460 3691 1533 3733 per
1547 3676 1733 3733 quasdam
1750 3677 1788 3718 in
1803 3675 1916 3719 simili
1941 3673 2070 3719 forma
2099 3675 2237 3718 Brevis
2263 3674 2361 3717 lite-

1318 3749 1378 3777 ras
1397 3765 1410 3786 ,
1437 3736 1503 3778 seu
1518 3735 1860 3778 Constitutionem
1875 3736 1898 3777 a
1916 3733 1986 3777 fel.
2004 3733 2167 3776 record.
2187 3734 2358 3777 Urbano

1317 3795 1424 3851 Papa
1443 3795 1560 3838 vm.
1577 3792 1873 3839 Praedeceffore
1887 3794 2022 3839 nostro
2034 3793 2360 3857 emanatas‚inci7

1725 3855 1765 3912 O
2106 3861 2266 3908 pientes
2279 3878 2296 3902 a
