2658 4244
338 267 484 310 110

263 345 342 388 lica
356 375 369 397 ,
385 359 531 389 tenore
545 345 798 402 praesentium
814 356 1091 405 concedimus,
1106 356 1143 396 &
1161 359 1306 410 impar-

262 407 386 446 timur
399 434 410 445 .
445 409 539 448 Non
565 407 812 451 obstantibus
841 412 1202 455 Constitutionibus
1220 444 1235 464 ,
1267 417 1304 456 &

261 463 598 508 Ordinationibus
611 467 855 522 Apostolicis
870 497 884 520 ,
899 470 1127 527 caeterisque
1141 484 1305 516 contra-

260 523 332 566 riis
355 521 684 580 quibuscunque.
718 528 917 570 Volumus
931 540 1064 572 autem
1077 559 1090 581 ‚
1103 542 1147 572 ut
1162 546 1308 574 earun-

261 579 359 622 dem
372 584 624 636 praesentium
641 585 896 643 transumptis
907 619 921 638 ‚
948 590 1070 630 etiam
1085 590 1276 643 impressis
1289 619 1303 641 ‚

259 641 301 680 &
315 653 438 682 manu
457 641 623 699 alicujus
644 646 806 687 Notarii
819 646 969 700 publici
987 646 1213 704 subscriptis
1228 679 1243 699 ,
1265 651 1304 690 &

260 698 392 752 sigillo
404 703 580 755 personae
594 703 635 744 in
652 704 927 746 Eccleliastica
942 706 1146 759 dignitate
1162 707 1310 749 consti-

258 768 358 799 tutae
375 758 538 801 munitis
556 760 697 804 eadem
713 766 870 817 prorsus
886 761 982 805 fides
995 765 1035 805 in
1060 764 1213 819 judicio
1227 793 1241 814 a
1267 767 1305 805 &

259 827 376 858 extra
392 817 635 917 adhibp‘ttur
651 849 665 872 ‚
693 836 777 877 quae
790 819 1047 876 praesentibus
1076 823 1163 878 ipsis
1187 823 1304 864 adhi-

258 876 431 919 beretur
446 905 460 928 ,
479 877 506 917 fi
541 890 660 920 orent
677 880 892 929 exhibitae,
918 879 982 921 vel
999 876 1181 922 ostensae.
1218 883 1303 921 Da-

257 944 346 976 tum
369 938 508 977 Rornae
532 937 637 991 apud
663 940 844 979 Sanctam
867 938 1036 980 Mariam
1065 939 1302 995 Majorem

256 993 329 1036 sub
349 995 515 1036 Annulo
533 994 744 1037 Piscatoris
763 995 840 1036 Die
854 999 1094 1051 xxxr-Aug.
1109 1011 1300 1040 Moetxt.

257 1052 524 1096 pontificatus
540 1053 675 1096 Nostri
694 1057 811 1095 Anno
825 1056 1013 1109 Septimo
1028 1082 1039 1094 .

952 1132 983 1172 S
985 1158 997 1169 .
1030 1131 1216 1184 Ugolinus
1230 1160 1242 1171 .

312 1209 437 1248 Breve
454 1203 683 1263 formatum
711 1208 754 1248 in
781 1206 901 1250 Arch.
925 1210 1114 1262 generali*
1142 1209 1301 1251 Ordinis

374 1266 478 1306 Tam.
497 1267 548 1306 K.
566 1278 671 1305 num.
690 1265 728 1305 8.
1250 1280 1253 1284 ·

499 1341 1058 1405 NOTA.

251 1429 327 1514 Ε
343 1418 563 1463 Xtenfionem
574 1427 679 1475 hujus
692 1427 810 1464 Officii
827 1428 871 1463 ad
886 1436 991 1463 totam
1011 1427 1142 1463 Italiam
1158 1428 1192 1462 8<
1213 1427 1302 1463 Insu-

358 1476 405 1511 las
416 1477 607 1523 adjacentes
631 1476 809 1512 exhibebit
835 1476 949 1514 Series
966 1475 1301 1512 constitutionum-³

253 1523 435 1560 Pontificis
450 1525 605 1569 gloriost-
618 1524 790 1569 regnantis
802 1549 812 1560 .

251 1658 600 1721 Hieronymum
620 1696 635 1716 ,
655 1665 702 1719 S.
726 1663 785 1706 R.
809 1664 859 1707 E.
880 1662 1176 1710 cardinalem
1192 1667 1297 1710 Far-

285 1725 460 1775 nefium
480 1726 672 1776 Ordinis
690 1728 1003 1779 Pr·ote‹f³torem
1029 1730 1266 1780 constituit
1281 1767 1294 1778 .

1041 1859 1265 1924 NO

883 234 1047 323 Sub
1110 234 1549 326 Alexandro
1616 241 1711 329 V
1703 239 1795 327 II.

1366 359 1405 399 A
1420 368 1556 410 tergo.
1617 358 1772 399 Dilefft'o
1795 357 1902 400 Filio
1918 353 2043 411 nostro
2074 355 2303 412 Hieronymo
2330 364 2409 406 Tit.

1372 462 1374 467 Ι
1426 420 1467 457 S.
1486 418 1647 470 Agnetis
1653 426 1776 471 prope
1805 445 1818 467 ‚
1851 417 1897 462 ἐς
1913 425 2027 455 extra
2044 422 2181 456 moenia
2201 419 2321 460 Urbis
2338 449 2356 474 9
2407 413 2410 417 ’

1463 477 1503 517 5.
1519 477 1567 516 R.
1583 477 1627 516 E·
1646 475 1851 518 Cardinali
1867 472 2048 530 Farmsto
2059 483 2279 530 nuncupato
2295 507 2307 518 .

1400 611 1925 675 ALEXANDER
1961 611 2172 658 PAPA
2211 611 2377 659 v11;

1581 753 1651 796 Ad
1649 751 1843 810 futuram
1861 754 1922 794 rei
1943 754 2168 792 memoriam
2182 780 2194 790 .

1496 867 1620 910 Ileste
1634 868 1708 910 Fili
1723 869 1855 910 noster
1870 871 1945 910 &c-
1979 871 2086 911 Cum
2118 881 2191 922 per
2214 866 2409 909 obitum-2

1513 926 1579 966 bo:
1595 941 1713 967 mem.
1731 927 1965 968 Bernardini
1980 930 2018 970 S.
2034 929 2086 969 R.
2106 929 2155 968 E.
2172 927 2407 982 Presbyteri

1366 981 1596 1023 Cardinalis
1614 984 1745 1038 Spada
1756 985 1831 1024 ἃς.
1848 1014 1880 1024 ..
1902 1015 1912 1024 .
1926 1013 1938 1024 .

1391 1086 1394 1092 ’
1424 1099 1594 1152 Reliqua
1631 1099 1766 1138 Brevis
1793 1126 1806 1148 ,
1821 1098 1978 1155 fimilia
2002 1099 2105 1156 fient
2133 1102 2253 1144 alteri
2268 1100 2406 1157 sttprd

1351 1153 1434 1212 fol.
1454 1158 1520 1197 88.
1530 1155 1655 1212 posteo
1672 1182 1683 1193 .

1367 1325 1369 1329 Α
1418 1273 1571 1316 Datum
1601 1273 1739 1314 Romae
1769 1273 1873 1327 apud
1902 1275 1942 1314 S·
1968 1274 2138 1315 Mariam
2162 1276 2406 1332 Majorem„

1357 1329 1425 1372 sub
1451 1332 1615 1376 Annulo
1643 1332 1854 1372 Piscatoris
1881 1333 1958 1373 Die
1981 1346 2047 1375 tv.
2070 1332 2403 1390 Majinnetxu.

1363 1391 1627 1435 pontificatus
1640 1389 1777 1434 Nostri
1795 1392 1915 1432 Anno
1927 1391 2112 1445 Septimo
2126 1419 2137 1430 .

1995 1510 2037 1549 S.
2071 1509 2255 1563 Ugolinus
2274 1538 2285 1551 .

1417 1629 1639 1680 Autograp.
1657 1628 1699 1666 in
1715 1627 1835 1668 Arcb.
1852 1629 1993 1668 Secret-
2023 1627 2206 1668 Brevium
2231 1595 2402 1684 qustol.

1473 1684 1627 1738 Regesto
1645 1686 1751 1724 Maii
1775 1685 1893 1726 1662.
1903 1683 1983 1739 fol.
2006 1696 2067 1724 10.
2081 1685 2125 1725 de
2147 1698 2220 1738 quo
2234 1686 2399 1741 exempl.

1470 1745 1512 1782 in
1537 1741 1657 1783 Arch.
1671 1742 1847 1795 general.
1865 1743 1960 1782 Ord.

1354 1859 1608 1924 TA.

250 1999 343 2088 D
363 2002 435 2038 Um
449 2003 650 2052 Apostolica
664 2005 852 2051 Legatione
869 2005 1037 2042 Bononiae
1047 2004 1268 2049 fungebatur,
1289 2003 1354 2039 fuit
1368 2002 1423 2039 hie
1438 2000 1722 2038 Eminentislimus
1736 2002 1754 2037 ἃ
1770 2001 2000 2045 Sanfflffimo,
2010 2002 2066 2038 cui
2084 2001 2283 2038 intrinsecus
2299 2004 2398 2040 Illius

374 2062 452 2095 erga
467 2053 620 2090 ordinem
637 2054 790 2090 nostrum
805 2051 946 2090 affeetus
957 2078 969 2095 ‚
995 2065 1040 2090 cx
1055 2054 1153 2090 vario
1164 2051 1369 2098 argumento
1383 2051 1576 2099 perspeeius
1588 2060 1661 2086 erat
1671 2073 1684 2092 ‚
1703 2052 1745 2085 ad
1758 2050 1858 2097 hujus
1874 2050 2154 2086 Prote-&oratum
2181 2050 2394 2096 destinatus,

257 2109 333 2136 non
343 2100 499 2137 obstante
515 2125 528 2144 ‚
550 2103 647 2149 quod
672 2102 760 2139 varii
787 2101 1042 2138 Eminentiffimi
1065 2101 1268 2139 Cardinales
1293 2102 1334 2137 ad
1352 2099 1498 2151 spartam
1520 2101 1632 2142 hanc,
1657 2100 1691 2133 in
1712 2099 1744 2134 se
1770 2098 2012 2144 suscipiendam
2028 2099 2120 2134 ultro
2136 2099 2168 2134 se
2181 2098 2367 2135 obtulerint
2382 2125 2393 2135 .

262 2188 267 2192 ,
321 2177 324 2181 f
348 2148 503 2185 Sensit&
522 2151 664 2195 Religio
678 2149 852 2198 speciatim
876 2151 977 2198 hujus
1006 2151 1237 2187 Proteffionis
1260 2149 1442 2193 effeftum,
1461 2150 1541 2185 dum
1568 2149 1674 2184 Anno
1700 2147 1799 2194 1663.
1829 2147 1926 2185 labiis
1947 2147 2072 2184 dolosis
2101 2148 2166 2183 sele
2187 2146 2315 2194 ubique
2344 2149 2397 2184 lae-

253 2197 322 2232 sam
336 2196 500 2237 audivit;
524 2198 665 2246 publico
691 2199 780 2234 enim
806 2199 841 2234 8<
866 2197 956 2247 typis
970 2199 1127 2247 impresso
1153 2199 1350 2236 testimonio
1366 2196 1842 2234 Eminentiffimuslaceffitum
1854 2197 2016 2232 honorem
2042 2195 2231 2231 vindicavit
2247 2218 2258 2238 ,
2280 2196 2316 2237 ὃς
2336 2208 2396 2231 ru-

251 2254 383 2281 morem
401 2248 579 2292 vulgatum
593 2272 606 2292 ‚
618 2260 680 2283 ceu
693 2248 809 2283 falsum
821 2273 836 2293 ,
859 2249 895 2284 8<
910 2249 1126 2284 temerarium
1141 2259 1258 2285 contra
1272 2249 1502 2293 malignantes
1515 2245 1694 2282 confudit.
1720 2245 1892 2281 Ultimum
1908 2245 1987 2280 vitae
2000 2245 2089 2281 diem
2102 2244 2183 2280 dum
2199 2245 2268 2279 An.
2286 2244 2386 2281 1668.

250 2294 508 2340 praestolabatur
517 2319 531 2340 ‚
557 2296 670 2339 voluit
682 2296 807 2332 habere
823 2296 1030 2344 Capucinos
1044 2297 1103 2334 fibi
1120 2298 1249 2344 semper
1258 2297 1441 2333 affistentes
1455 2320 1468 2340 ,
1491 2296 1527 2333 &
1541 2294 1590 2331 sui
1604 2294 1723 2339 agonis
1733 2295 1751 2329 a
1767 2296 1868 2331 latere
1882 2294 1978 2330 testes
1992 2319 2001 2330 .

262 2536 266 2540 -
335 2501 643 2563 umus
702 2522 1204 2566 APOSTOLICIS

248 2643 409 2707 Agros
439 2674 454 2698 ,
493 2639 656 2690 domos
689 2640 781 2693 ἃς.
817 2638 844 2690 ἃ
872 2639 1000 2690 nobis
1030 2641 1287 2710 privatim.»

284 2708 488 2758 benedici
517 2708 638 2777 posse
668 2712 924 2762 declaratur
947 2748 959 2761 .

248 2815 348 2929 E
363 2813 535 2868 Xposuit
571 2819 701 2859 Sacrae
736 2817 1060 2871 Congregationi
1086 2819 1220 2875 Episc.
1255 2821 1296 2860 &

381 2874 574 2928 Regular.
594 2878 636 2917 P.
659 2878 910 2918 Procurator
926 2877 1142 2919 Generalis
1156 2880 1297 2933 Capu-

247 2933 430 2972 cinorum
450 2959 464 2981 2
486 2933 663 2987 qualiter
679 2937 730 2976 D.
746 2933 1118 2989 Archi-Presbyter
1147 2937 1296 2979 Leoni-

245 2990 284 3030 ci
312 2990 447 3032 Dioec.
465 2991 716 3043 Vicenffinae,
751 2995 916 3034 Fratres
942 2994 998 3036 sui
1022 2994 1190 3037 Ordinis
1218 2997 1294 3038 im-

245 3047 389 3104 pedire
409 3048 600 3092 moliatur
619 3078 633 3100 a
650 3065 700 3093 ne
717 3066 810 3093 cum
824 3051 939 3093 stola
959 3052 1151 3106 privatim
1170 3083 1185 3104 ,
1210 3057 1292 3098 fine

244 3107 502 3150 solemnitate
518 3109 557 3150 in
574 3107 681 3152 dieto
696 3109 788 3166 loco
811 3108 1060 3152 benedicant
1090 3111 1290 3168 polseffio-

244 3179 316 3209 nes
338 3194 352 3218 ‚
377 3168 668 3210 commendent
697 3170 955 3211 morientium
984 3170 1138 3213 animas
1166 3201 1181 3224 ‚
1217 3173 1289 3216 vel

244 3224 340 3267 alias
355 3225 499 3267 ssmiles
514 3235 734 3268 exerceant
753 3226 976 3280 functiones
991 3255 1005 3277 .‚
1035 3229 1084 3271 ad
1099 3244 1196 3284 quas
1213 3246 1289 3287 pe·-

246 3283 444 3338 ragendas
473 3284 495 3326 a
519 3284 678 3327 devoto
706 3285 856 3340 populo
881 3285 1050 3327 subinde
1065 3283 1286 3332 sollicitan-

247 3352 312 3383 tur
324 3373 339 3393 ,
350 3343 391 3383 δε
401 3357 487 3401 quae
501 3341 702 3400 privative
715 3345 981 3402 adParochos
995 3358 1076 3386 non
1091 3343 1285 3401 spectant,

248 3413 329 3442 non
343 3401 526 3444 obstante
548 3406 636 3446 Sac.
655 3402 998 3457 Congregationis
1017 3405 1198 3448 Deci-eto
1213 3407 1282 3450 sub

250 3464 319 3511 31.
346 3460 452 3516 Aug.
483 3462 604 3514 1-629.
634 3464 676 3505 in
705 3462 776 3505 tali
803 3462 971 3505 materia
997 3461 1038 3503 in
1066 3459 1286 3507 favorem,

963 3581 1230 3646 ΝΟ

996 3644 1010 3668 0

1091 2427 2367 2449 *mm*—

1352 2524 1545 2564 Fratrum
1568 2521 1784 2577 Nogarolae
1812 2521 1948 2564 Dioec.
1965 2524 2209 2563 Veronensis
2223 2534 2390 2562 emana-

1353 2592 1396 2622 to
1412 2610 1426 2632 ,
1449 2582 1485 2621 vi
1511 2579 1624 2634 cujus
1647 2592 1744 2622 tunc
1758 2608 1772 2630 2
1805 2593 1858 2622 ne
1879 2582 1921 2626 in
1935 2579 2082 2621 talibus
2098 2582 2365 2621 turbarentur
2379 2607 2394 2631 ‚

1349 2641 1480 2683 suerat
1499 2638 1692 2681 sancitum
1707 2667 1719 2680 .

1406 2702 1673 2756 Qapropter
1689 2727 1703 2749 ‚
1728 2711 1818 2738 cum
1835 2695 1963 2740 dietus
1981 2699 2027 2739 P.
2045 2699 2297 2740 Procurator
2310 2709 2387 2750 pro

1353 2768 1614 2814 opportuna,
1638 2759 1674 2798 &
1701 2755 1901 2798 ulteriore
1925 2754 2155 2809 provisione
2173 2754 2360 2797 institerit
2377 2785 2394 2806 ‚

1355 2813 1661 2859 Eminentiffimi
1678 2814 1842 2855 Domini
1857 2814 1937 2853 mei
1950 2813 2049 2854 mihi
2067 2812 2280 2865 injunxere
2295 2841 2308 2863 ‚
2346 2826 2394 2856 ut

1354 2872 1643 2919 Doni-Vestrae
1667 2871 1914 2920 scriberem,
1938 2881 2138 2926 quatenus
2161 2871 2271 2926 juxta
2306 2874 2392 2914 De-

1353 2945 1509 2978 cretum
1539 2934 1767 2987 praetacstum
1792 2929 1923 2971 omnia
1952 2930 2184 2971 executioni
2210 2930 2300 2973 dari
2318 2944 2390 2971 cu·

1353 3004 1421 3036 ret
1440 3023 1450 3034 .
1489 2995 1599 3034 Deus
1624 2990 1838 3031 conservet
1866 2988 2187 3031 Dom.vestram
2227 2989 2386 3031 incolu-

1355 3067 1463 3095 mem
1486 3052 1564 3093 &c.
1575 3051 1718 3092 Romae
1734 3062 1840 3091 xxvt
1854 3062 1867 3089 1
1882 3059 1916 3088 1.
1931 3047 2134 3091 Novemb.
2155 3061 2329 3090 Mnctxt
2344 3063 2387 3091 v.

1465 3172 1525 3213 M.
1555 3164 1682 3210 Card.
1710 3166 1939 3208 Ginnetus.

1408 3292 1578 3342 Autogr.
1593 3286 1635 3326 in
1649 3286 1790 3326 Secret-
1807 3287 1950 3338 Congr‚
1965 3280 2089 3338 Epist.
2105 3281 2156 3330 ὠν
2174 3282 2310 3336 Regul.
2334 3282 2378 3322 de

1463 3359 1539 3402 quo
1565 3343 1727 3399 exempl.
1745 3343 1936 3387 Authent.
1956 3344 1998 3383 in
2011 3339 2133 3383 Arch.
2157 3343 2369 3387 Provincia·

1470 3407 1614 3450 Venetae
1632 3431 1647 3444 .
2106 3403 2140 3432 θ’

1365 3580 1654 3671 TA.

307 3717 478 3766 Nscr'tpzae
490 3718 622 3761 fuerant
635 3725 684 3762 11ae
698 3725 818 3764 Literae
842 3725 1063 3764 lliustriffimo
1079 3725 1232 3763 Domino
1246 3725 1379 3775 jacobo
1394 3723 1552 3762 Altoviti
1560 3746 1573 3766 ,
1593 3733 1674 3758 tunc
1686 3721 1723 3758 in
1737 3719 1950 3760 Sereniffimo
1965 3720 2191 3758 Venetiarum
2207 3719 2378 3775 Dominio

323 3768 530 3815 Apostolico
544 3772 686 3809 Nuntio
703 3776 789 3822 ,qui
803 3775 988 3821 sagaciter,
1014 3774 1204 3813 &Indilate
1229 3776 1305 3815 Sac.
1322 3769 1615 3820 congregationis
1637 3781 1810 3814 mentem,
1835 3774 1868 3807 &
1894 3771 2049 3809 ordinem
2079 3771 2233 3806 Domino
2256 3768 2378 3805 Archi·

247 3813 448 3864 Presbytero
471 3818 641 3856 intimavit
659 3831 718 3866 per
731 3824 859 3861 Literas
886 3823 1086 3872 sequentes:

2126 3866 2318 3924 JAco-
