2704 4296
354 244 557 330 xxiv.
937 236 1803 328 ISAGOGE.

288 356 608 425 judicibus
652 355 717 415 in
760 350 954 440 figura
980 401 995 424 ‚
1041 361 1105 418 ὃς
1140 357 1259 420 tela
1293 354 1602 435 judiciaria
1646 353 2018 440 proveniant
2044 394 2059 420 ,
2106 351 2287 420 Bullae
2324 377 2431 420 no-

288 444 684 507 minationem
714 461 840 503 non
872 443 1218 509 sortiantur,
1252 461 1410 511 tam,
1445 446 1617 527 quod
1653 464 1771 503 non
1809 442 2204 525 plumbentur
2227 486 2241 510 ,
2267 463 2388 506 tam
2408 487 2425 515 ,

288 526 464 616 quod
508 526 746 591 Judices
790 528 939 591 tales
983 549 1109 589 non
1160 530 1262 592 nisi
1299 528 1626 592 mediatam
1673 528 1976 590 duntaxat
2021 528 2284 590 habeant
2326 552 2431 591 au-

287 617 671 679 ctoritatem.
722 612 981 677 Curioso
1013 615 1092 674 de
1138 615 1383 678 materia
1429 615 1628 678 litium
1674 619 1738 676 in
1783 616 2058 677 terminis
2100 613 2432 679 Contradi-

282 703 514 764 clarum
555 700 794 762 Lectori
824 741 839 765 ‚
886 699 926 760 fi
970 701 1244 763 ulteriora
1289 720 1513 781 quaerat
1539 743 1568 772 ‚.
1601 723 1671 763 ea
1706 700 1872 762 dabit
1909 702 2330 787 Ridolphinus
2364 704 2445 763 in,

284 790 445 868 praxi
470 785 730 868 judiciali
771 804 918 863 parte
961 789 1131 865 prima
1182 792 1265 845 tit.
1312 789 1373 843 de
1421 789 1594 866 Officio
1636 791 2128 851 Contradidarum.

459 878 634 936 Sexta
663 872 786 940 Via
810 874 1182 956 'appellatur
1226 876 1434 930 minoris
1471 877 1646 952 gratia
1681 922 1695 944 ‚
1745 895 1846 958 per
1874 895 2056 956 quam
2092 875 2430 961 expediunss

289 974 390 1023 tur
433 959 685 1022 leviores
734 959 929 1042 gratiae
964 1003 980 1028 ,
1021 980 1090 1019 ac
1140 951 1604 1042 dispensationes
1655 962 2146 1026 Matrimoniales
2193 970 2257 1033 in
2303 984 2429 1044 gra-

288 1046 472 1108 dibus
519 1044 933 1107 remotioribus
965 1085 980 1110 ‚
1026 1043 1444 1128 multiplicatis
1500 1049 1686 1107 etiam
1747 1045 2087 1132 stipitibus.
2132 1050 2428 1134 Antiqui-

288 1136 387 1194 τὰς
427 1132 679 1215 quidem
718 1133 806 1195 hae
836 1127 999 1191 fuere
1031 1132 1327 1212 expeditae
1370 1149 1473 1212 per
1518 1134 1571 1196 S·
1613 1134 2127 1199 poenitentiariam
2152 1177 2168 1205 ,
2205 1135 2242 1198 a
2273 1154 2428 1198 tem-

286 1238 435 1302 pore
483 1223 632 1281 vero
673 1219 726 1280 S.
766 1220 857 1280 Pii
909 1215 983 1280 V.
1031 1215 1113 1276 ad
1162 1216 1600 1280 Cancellariam
1647 1219 1971 1282 translatae.

581 1401 1257 1492 SECTIO
1382 1400 2140 1495 ULTIMA.

434 1594 571 1678 De
636 1591 955 1709 Regalis
992 1660 1013 1689 ,
1074 1589 1348 1703 quihus
1413 1587 1639 1675 Bullae
1707 1621 1893 1677 verce
1954 1594 2006 1677 ά
2044 1592 2277 1707 salsts

946 1727 951 1732 ’
983 1709 1294 1825 possunt
1356 1704 1430 1790 de
1468 1713 1715 1792 cerni.

402 1913 631 1978 Rrores
656 1957 670 1981 ‚
718 1917 781 1978 &
815 1909 1090 1979 falsitates
1127 1932 1270 1978 cum
1305 1906 1497 1975 Bullis
1538 1907 1909 1978 interceffiffe
1955 1916 2203 1999 antiqua
2249 1920 2418 1997 aeque

429 2018 700 2086 tempora
744 2004 1023 2066 accusant
1052 2050 1066 2074 ‚
1114 2025 1185 2066 ac
1227 2012 1527 2063 recentior
1557 2004 1827 2087 queritur
1862 2006 2260 2086 experientia.
2290 2002 2428 2069 Un-

284 2089 366 2151 de
396 2135 410 2158 ,
455 2109 524 2153 ut
548 2131 564 2156 ,
612 2109 744 2174 quae
788 2110 937 2152 vera
981 2092 1115 2153 sunt
1138 2136 1152 2160 ,
1189 2094 1225 2149 a.
1256 2084 1409 2150 falsis
1445 2088 1697 2151 discerni
1737 2107 1995 2172 queant,
2027 2109 2098 2149 ex
2135 2088 2422 2153 Oraculis

285 2178 679 2240 Summorum
744 2178 1115 2241 Pontificum
1155 2222 1170 2244 ,
1218 2182 1282 2239 &
1341 2174 1468 2236 aliis
1540 2177 1868 2239 Canonicis
1929 2174 2154 2257 legibus
2210 2177 2428 2258 regulae

285 2262 489 2347 pofitae
534 2266 701 2330 sunt,
747 2263 827 2324 ad
872 2287 1016 2350 quas
1046 2309 1064 2337 ‚
1108 2284 1221 2325 ceu
1258 2259 1338 2321 ad
1362 2262 1634 2344 lapidem
1687 2259 1965 2343 Lydium
2011 2262 2251 2346 probari
2299 2257 2428 2345 pos-

285 2350 428 2412 sunt
459 2391 474 2416 ‚
519 2355 582 2412 &
610 2370 761 2436 quas
801 2353 881 2416 R.
916 2354 978 2416 P.
1006 2345 1324 2413 Bremond
1358 2350 1437 2408 ad
1470 2351 1569 2414 sex
1613 2350 1678 2411 in
1725 2347 1838 2410 suae
1883 2350 2244 2432 praefationis
2295 2347 2427 2407 Co-

284 2437 503 2498 ronide
550 2438 828 2501 reducit.
2311 2472 2315 2500 ;

458 2522 654 2586 Prima
699 2524 824 2587 est:
873 2529 1175 2603 Privilegia
1208 2543 1302 2579 non
1338 2523 1552 2598 inspeeffa
1586 2546 1681 2582 non
1722 2526 1909 2582 valent
1947 2526 2095 2600 argui
2124 2524 2393 2600 falsitatis
2416 2562 2430 2576 .

283 2605 377 2669 Ita
429 2609 787 2671 Alexander
835 2613 997 2692 Papa
1046 2611 1182 2671 ΙΙΙ.
1243 2611 1353 2667 Lib.
1402 2612 1588 2666 Decret
1649 2613 1730 2667 tit.
1778 2612 2013 2669 XXII.
2078 2611 2137 2666 de
2188 2609 2302 2682 fide
2346 2606 2438 2661 in·-

269 2699 597 2773 strumentor.
648 2694 807 2777 Cap.
854 2694 972 2757 IV.
1001 2742 1015 2766 ‚
1063 2698 1163 2756 cui
1196 2698 1257 2756 &
1298 2695 1372 2756 D.
1397 2690 1728 2773 Gregorius
1776 2696 2012 2756 accedit
2061 2692 2319 2755 dicens:
2373 2692 2428 2746 Si

286 2781 627 2839 authenticam
690 2782 981 2840 chartulam
1042 2805 1140 2839 non
1200 2784 1445 2838 videmus
1479 2825 1494 2848 ‚
1538 2782 1615 2837 nil
1670 2780 1910 2857 possumus
1957 2783 2137 2858 facere
2170 2824 2182 2837 .
2233 2777 2432 2838 Debet

285 2883 493 2928 autern
533 2870 657 2932 haec
691 2869 977 2952 inspectio
1013 2889 1133 2930 non
1165 2865 1549 2955 superficialis
1586 2864 1727 2931 esic,
1762 2863 2289 2951 quemadmodum
2321 2865 2433 2924 ali-

285 2953 523 3035 quoties
557 2957 635 3016 ab
661 2959 733 3016 iis
779 2952 907 3017 fieri
956 2957 1278 3018 consuevit
1308 2996 1325 3021 ‚
1370 2957 1520 3041 qui,
1563 2953 1713 3016 dum
1763 2960 1866 3021 vix
1914 2956 2239 3037 antiquum
2289 2947 2434 3033 aspi-

287 3041 462 3101 ciunt
499 3043 793 3126 Diploma
824 3089 839 3113 ,
884 3040 1036 3107 illud
1085 3043 1566 3127 apocryphum,
1615 3039 1716 3102 seu
1758 3042 2179 3124 subreptitium
2226 3037 2430 3116 explo-

288 3125 444 3190 dunt
475 3174 487 3189 .
532 3128 746 3192 Similis
787 3128 968 3193 debet
1007 3128 1116 3190 esse
1153 3129 1424 3192 examini
1463 3123 1771 3190 Aurifabri
1796 3173 1811 3197 ‚
1855 3131 1994 3209 qui,
2026 3124 2435 3209 quantumvis

288 3212 412 3274 sOlO
471 3215 634 3278 tafilu
695 3235 914 3278 aurum
961 3238 1176 3282 verum
1224 3219 1258 3279 a
1304 3219 1508 3301 spurio
1556 3212 1910 3299 distinguere
1955 3211 2133 3296 potiit
2162 3253 2177 3277 ‚
2224 3213 2288 3271 in
2346 3209 2436 3272 {ui

289 3314 492 3364 tamen
543 3302 740 3366 sensus
786 3348 801 3370 ,
863 3309 950 3366 δι’
983 3303 1197 3386 judicii
1246 3305 1566 3367 iubfidium
1619 3298 1973 3386 praediclum
2018 3297 2286 3382 lapidem
2335 3318 2438 3380 ap·

290 3385 474 3465 plicat
504 3434 519 3459 ,
564 3389 896 3476 omnesque
956 3395 1087 3452 auri
1131 3395 1185 3452 ei
1231 3391 1489 3477 porrefti
1535 3390 1852 3473 qualitates
1896 3390 2187 3448 rimatur.
2239 3380 2434 3445 Haud

295 3470 502 3538 aliter,
545 3482 651 3558 qui
708 3478 783 3540 de
847 3479 1190 3539 Literarum
1256 3477 1758 3562 Apostolicarum
1815 3477 2070 3539 veritate
2132 3470 2432 3555 judicare)

82 3549 464 3653 §fflssgartfcupit
492 3603 507 3627 ,
553 3582 646 3621 eas
676 3608 691 3632 ‚
738 3586 808 3627 ut
853 3567 1022 3646 juxta
1073 3564 1276 3627 Innoc.
1333 3568 1435 3627 [ΙΙ.
1494 3566 1812 3647 Decretum
1863 3561 1900 3623 a
1949 3558 2320 3641 Mabillonio
2363 3562 2435 3628 (c)

83 3650 167 3746 '‘6⁶33’-
196 3660 274 3700 pag.
297 3658 542 3707 citatum
579 3687 594 3712 ‚
635 3652 685 3703 in
729 3654 924 3724 Bulla,
956 3652 1051 3726 filo
1080 3696 1094 3721 ‚
1140 3652 1317 3710 charta
1350 3697 1363 3720 ,
1402 3655 1531 3734 stylo
1574 3653 1900 3720 miminis,
1928 3652 2188 3727 Scriptura
2222 3650 2433 3724 forma,

301 3737 366 3792 (ς’
412 3731 528 3789 aliis
557 3777 571 3800 ‚
614 3735 668 3791 in
712 3739 896 3811 quibus
943 3744 1164 3813 notari,
1209 3742 1298 3798 vel
1337 3735 1637 3819 deprehendi
1667 3741 1875 3819 falsitas
1917 3742 2102 3817 potest,
2146 3732 2436 3810 circumspi-

297 3818 401 3870 ciat
443 3819 701 3898 diltgenter
727 3865 741 3890 ,
783 3843 999 3902 oportet.
2134 3823 2357 3887 Secun-
