2704 4296
272 364 470 419 Clericis
496 357 843 428 quibuscunque
878 362 1039 411 locum
1068 359 1244 431 semper
1277 362 1326 415 ὅ(

273 431 439 500 ubique
461 432 627 481 cedant
648 466 660 479 .
686 431 692 435 ’
1241 445 1323 497 56.

341 504 608 570 Capucinos
640 499 724 554 effe
758 501 869 552 vere
887 506 1068 553 Fratres
1087 504 1295 557 Minores
1310 541 1326 564 ,

265 569 316 631 ὃς
343 576 488 623 Filios
506 577 554 624 S.
576 577 628 625 P.
648 572 878 623 Francisci
895 609 912 632 ,
935 593 987 623 ac
1010 593 1172 624 eorum
1199 580 1328 627 Con-

264 642 527 694 stitutiones
543 646 657 695 nihil
671 659 834 696 contra
854 648 900 694 S.
924 648 1160 714 Regulam
1185 649 1328 696 conti-

265 731 375 763 nere
395 751 410 773 ,
439 715 674 766 declarat:
705 731 844 783 utque
873 718 996 765 circa
1019 720 1107 768 hoc
1122 752 1139 776 ,
1167 718 1223 767 ab
1240 722 1327 770 Ec.-

264 784 413 836 clefiae
431 788 632 837 Praelatis
648 785 990 844 defendantur,
1019 786 1069 840 ὃς
1094 788 1326 838 contradi-

262 855 413 906 stores
449 856 651 913 censuris
680 855 1036 915 Ecclesiasticis,
1065 877 1117 906 ac
1145 861 1324 909 etiarn...

261 929 436 977 auxilio
456 927 628 979 brachii
646 930 888 979 Saecularis
905 943 1205 979 coerceantur
1217 966 1233 988 ,
1246 928 1324 979 de-

262 1001 411 1049 cernit
430 1035 442 1048 .
1235 1018 1316 1063 57.

328 1067 698 1120 ‘Praememorato
728 1074 790 1120 V.
820 1073 913 1118 Dei
939 1073 1086 1118 Servo
1125 1071 1176 1119 P.
1204 1073 1321 1118 Lau-

259 1143 410 1190 rentio
435 1142 459 1189 a
482 1139 742 1195 Brundusio
774 1138 831 1187 ad
865 1140 1121 1188 exercitum
1147 1139 1173 1185 a
1205 1142 1323 1196 Ger-

197 1222 207 1237 ·
255 1213 420 1265 ,maniae
443 1211 730 1278 Principibus
751 1207 1039 1258 condustum
1064 1205 1320 1268 secedenti,

257 1277 516 1348 spirituales
534 1279 777 1331 facultates
792 1278 1200 1345 noviterlargitur.
1235 1282 1317 1342 58.

342 1351 664 1406 Alexandrum
702 1352 938 1399 Perettum
983 1348 1318 1400 Cardinalem

257 1423 550 1474 Montaltum
583 1416 907 1488 nuncupatum'
922 1456 938 1479 ‚
963 1423 1011 1471 S.
1032 1423 1092 1469 R.
1110 1423 1163 1469 E.
1186 1422 1320 1470 Vice-

259 1494 608 1546 Cancellarium
645 1491 841 1542 Ordinis
879 1490 1197 1542 Protec‘torem
1241 1491 1319 1542 de-

291 1577 394 1614 utat
410 1601 422 1613 .
1235 1582 1259 1625 5
1271 1566 1317 1612 8.

257 1577 287 1629 p
328 1637 380 1685 P.
402 1638 708 1700 Hieronymo
733 1633 759 1679 ὸ.
788 1631 954 1681 Castro
980 1634 1152 1682 Feretri
1173 1634 1321 1686 Ordi-

258 1704 327 1751 nis
354 1704 494 1753 nostri
524 1703 825 1754 ex-Generali
846 1737 862 1758 ,
897 1716 948 1751 ut
978 1705 1200 1751 Eremum
1235 1707 1323 1754 Ca-

255 1771 595 1824 maldulensem
618 1774 668 1823 in
694 1773 922 1823 Hetruria
952 1771 1109 1822 vifitet
1134 1808 1151 1832 ,
1193 1790 1320 1823 com-

255 1846 407 1903 mittit
425 1881 437 1893 .
681 1842 686 1848 ’
1238 1863 1319 1907 59.

331 1917 582 1984 Capucinis
600 1951 617 1974 ,
642 1929 694 1965 ut
711 1913 879 1983 ubique
899 1916 945 1964 in
962 1913 1320 1983 proceffionibus

257 1983 342 2043 sub
362 1990 549 2055 propria
566 1992 721 2039 Cruce
738 1985 970 2043 incedant,
990 1986 1217 2036 concedit.
1231 1997 1318 2038 60.

320 2057 408 2117 ,Ne
434 2059 662 2127 Capucini
698 2058 909 2125 deinceps
927 2059 1213 2107 Monialium
1243 2077 1320 2109 cu-

258 2147 390 2187 ram,
420 2131 497 2178 vel
526 2128 805 2197 spiritualem
823 2164 839 2186 ,
872 2130 949 2177 vel
976 2131 1320 2198 temporalem...

258 2198 535 2268 suscipiant,
554 2214 819 2268 praecavet,
851 2197 900 2251 ὅ(
935 2200 1058 2267 quod
1092 2200 1149 2265 ad
1178 2203 1318 2251 talem

256 2269 592 2339 suscipiendam
611 2306 628 2330 ,
659 2272 785 2320 nulla
812 2270 1086 2321 austoritate
1115 2271 1318 2339 poffint,

257 2343 338 2392 vel
353 2339 550 2390 debeant
566 2342 784 2408 compelli
798 2376 815 2398 ‚
835 2339 981 2391 sancit
994 2378 1006 2390 .
1230 2353 1265 2392 6
1271 2363 1316 2395 ο,

331 2414 409 2466 Ut
439 2414 488 2462 P.
517 2411 731 2462 Minister
749 2414 987 2461 Generalis
1021 2411 1160 2466 suum
1193 2413 1320 2465 Offi-

262 2485 389 2538 cium
405 2517 422 2542 ,
446 2482 572 2550 quod
590 2484 700 2532 alias
725 2481 784 2531 ad
812 2485 1173 2549 quinquennium
1205 2485 1320 2535 dun-

260 2569 390 2604 taxat
417 2553 644 2615 durabat,
673 2552 731 2611 ad
758 2551 1021 2604 sexennium
1049 2556 1320 2622 protrahat,

259 2623 418 2675 statuit
446 2642 456 2671 :
488 2639 539 2672 ut
563 2626 639 2671 ille
667 2625 690 2689 (
701 2622 815 2670 ficut
832 2657 848 2679 ,
879 2623 928 2673 ὃ(
962 2626 1013 2670 Ρ.
1045 2628 1321 2674 Procurator

261 2693 539 2754 Generalis)
571 2694 762 2744 Socium
786 2693 1002 2742 Nationis
1022 2695 1216 2744 Gallicae
1253 2710 1320 2744 te-

260 2780 398 2823 neat,
427 2763 612 2814 ordinat
624 2783 641 2824 3
669 2762 719 2814 ὅς
750 2780 807 2812 ne
845 2765 893 2812 in
924 2761 1009 2812 suae
1043 2763 1318 2816 vifitationis

262 2833 400 2887 cursu
428 2837 648 2906 graviora
674 2832 840 2902 absque
868 2835 1092 2902 Capitulo
1129 2839 1320 2889 Provin-

263 2908 368 2962 ciali
388 2905 570 2962 decidat
586 2942 602 2964 ,
626 2905 758 2970 jubet
772 2942 783 2954 .
1073 2959 1077 2962 ⁴
1233 2917 1319 2958 61.

333 2981 384 3029 P.
404 2976 671 3028 Ministrum
687 2978 997 3039 Generalemv,
1011 2978 1068 3029 ab
1083 2981 1213 3030 omni
1232 2984 1322 3031 Re·

263 3048 576 3101 verendiffimi
611 3050 754 3099 Patris
785 3048 1001 3117 Magistri
1034 3053 1275 3101 Generalis
1304 3086 1321 3111 ‚

262 3125 455 3174 Patrum
474 3120 867 3171 Conventualium
887 3119 1190 3191 dependentia
1201 3158 1219 3182 ,
1233 3125 1321 3172 exi·

264 3195 353 3243 mit
371 3229 384 3242 ο
1232 3204 1268 3243 6
1274 3214 1318 3248 2!-

335 3269 541 3316 Decreto
557 3267 658 3315 Sac.
670 3263 1065 3332 Congreg.Episc.
1085 3263 1133 3316 ὃ(
1147 3268 1319 3334 Regul.

268 3338 464 3403 negotiis
499 3333 746 3405 praepofitae
773 3371 789 3393 ,
836 3334 1008 3384 Ordini
1058 3333 1324 3387 facultatem

272 3407 516 3456 Saeculares
562 3406 620 3457 ad
658 3406 781 3457 tertii
818 3404 1013 3456 Ordinis
1052 3405 1323 3460 Habitum

274 3476 514 3540 recipiendi
530 3493 827 3548 competere,
841 3476 1106 3535 declaratur
1124 3516 1136 3527 .
1236 3490 1320 3541 63.

345 3544 686 3615 Indulgentiam
703 3550 959 3618 plenariam
989 3567 1074 3617 pro
1093 3552 1324 3601 Oratione

277 3614 597 3685 Qadraginta
614 3622 853 3670 Horarum
868 3656 886 3680 ,
915 3622 961 3669 in
986 3621 1196 3672 Ecclefiis
1215 3625 1324 3672 Pro-

276 3687 536 3736 vinciarum
569 3689 1031 3742 Ultramontanarum
1073 3692 1280 3744 instituta
1308 3729 1323 3755 ,

279 3756 523 3809 confirmat
551 3791 569 3816 ,
599 3774 792 3827 eamque
814 3763 873 3812 ad
906 3760 1127 3823 Ecclefias
1159 3766 1323 3816 Cathe-

841 241 1893 334 ELAENGHUS.

1385 361 1530 412 drales
1548 399 1563 420 ,
1594 364 1639 411 in
1657 362 1816 429 quibus
1834 379 1913 430 per
1930 360 2180 411 adventum
2199 393 2215 416 ,
2239 363 2438 430 vel'qua-

1387 433 1686 504 dragesimam
1707 438 1887 483 Fratres
1904 433 2233 481 concionantur
2250 467 2265 489 ,
2293 431 2340 483 ὅ(
2355 450 2436 500 per

1386 522 1464 554 eos
1495 505 1665 555 Oratio
1684 517 1938 555 memorata
1968 502 2220 552 instituitur
2243 536 2260 559 ,
2289 517 2440 552 exten-

1385 575 1456 627 dit
1478 611 1491 626 .
2349 583 2385 621 6
2388 592 2435 635 3.

1492 720 1646 773 sUss
1700 717 2163 769 GREGORIO
2215 719 2330 769 xv,
2410 686 2415 746 ἶ

1451 860 1593 908 Vivae
1612 862 1756 909 Vocis
1773 862 1985 911 Oraculo
2008 895 2024 917 ,
2058 859 2439 910 Austoritatem...

1385 931 1436 979 P.
1456 928 1656 978 Ministri
1675 934 1919 980 Generalis
1938 931 2107 998 ubique
2125 932 2335 979 locorum
2353 965 2367 989 ,
2389 927 2438 980 &

1384 1000 1428 1047 in
1453 1013 1645 1066 utroque
1664 998 1799 1057 foro,
1830 1004 2054 1069 integram
2081 999 2129 1051 ὅ(
2158 1002 2439 1051 inviolatam

1383 1086 1647 1135 permanere
1678 1070 1840 1120 debere
1867 1107 1883 1130 ,
1918 1070 2186 1140 derogando
2211 1073 2339 1120 Pauli
2375 1074 2438 1122 V..

1383 1139 1619 1189 Sanffloni
1654 1141 1856 1191 declarat
1879 1179 1892 1191 .
2346 1150 2382 1188 6
2385 1158 2435 1202 4..

1452 1213 1655 1259 Innovat
1671 1209 2031 1262 Constitutiones
2049 1211 2339 1279 Apostolicas
2357 1210 2437 1260 fel.

1382 1295 1474 1332 rec.
1504 1282 1726 1348 Gregorii
1760 1284 1915 1330 XIII.
1952 1281 1999 1333 ὅ(
2034 1285 2254 1351 Gregorii
2288 1284 2436 1332 lez.

1380 1349 1658 1417 mandatque
1682 1351 1944 1400 Ordinariis
1962 1354 2176 1400 locorum
2199 1354 2244 1399 in
2264 1352 2437 1421 Regnis

1381 1419 1612 1489 Hispaniae
1637 1457 1652 1478 ,
1681 1424 1882 1473 Franciae
1908 1457 1924 1480 ,
1964 1419 2150 1489 aliisque
2181 1424 2353 1491 Regnis
2387 1420 2437 1474 &

1379 1493 1636 1542 Provinciis
1657 1494 1802 1542 Italiae
1819 1529 1834 1551 ‚
1857 1511 1911 1542 ne
1930 1493 2029 1542 aliis
2048 1490 2285 1560 quibusvis
2308 1494 2436 1542 Reli-

1378 1560 1548 1631 giofis,
1570 1561 1878 1632 cujuscunque
1904 1562 2096 1614 Ordinis
2114 1599 2130 1622 ,
2157 1566 2401 1615 Societatis
2417 1599 2435 1622 ,

1381 1632 1431 1683 δ(
1458 1631 1661 1683 Instituti
1682 1634 1989 1703 Regularibus
2008 1669 2023 1691 ,
2042 1633 2123 1684 sub
2147 1637 2308 1701 quovis
2326 1653 2437 1703 prae-

1383 1717 1515 1752 textu
1534 1704 1577 1750 in
1598 1702 1826 1769 posterum
1846 1739 1863 1761 ‚
1886 1721 2050 1751 nomen
2077 1706 2151 1752 vel
2163 1705 2435 1755 Habitum-2·

1384 1777 1476 1822 FF.
1510 1774 1854 1839 Capucinorum
1885 1771 1967 1822 fibi
2001 1771 2215 1840 usurpare
2250 1777 2436 1842 permit-

1382 1859 1497 1902 tant,
1516 1841 1594 1892 sed
1612 1841 1752 1893 editas
1769 1842 1960 1912 desuper
1978 1842 2339 1897 Constitutiones
2356 1856 2436 1913 per

1379 1912 1712 1965 Ecclefiasticas
1737 1913 1945 1967 censuras
1968 1950 1984 1973 ,
2021 1914 2071 1966 ἃ
2098 1932 2258 1982 poenas
2287 1914 2436 1965 obser-

1381 1988 1479 2038 vari
1504 1981 1671 2035 faciant
1689 2022 1702 2035 .
2343 1996 2380 2035 6
2382 2003 2431 2048 4.

1448 2056 1797 2125 Indulgentiam
1818 2059 2072 2108 Plenariam
2095 2094 2111 2117 ,
2137 2057 2211 2107 die
2239 2056 2434 2109 secunda

1379 2126 1582 2199 Augusti
1607 2145 1692 2197 pro
1722 2126 1882 2178 nostris
1898 2126 2110 2182 Ecclefiis
2130 2128 2197 2180 ‘ad
2214 2143 2433 2198 perpetua

1380 2198 1535 2250 futura
1550 2214 1757 2266 tempora
1780 2199 1994 2251 concedit
2012 2237 2024 2250 .
2342 2209 2378 2246 6
2379 2219 2433 2259 9.

1452 2273 1585 2321 Vivae
1617 2273 1761 2321 Vocis
1790 2273 2000 2321 Oraculo
2037 2271 2240 2321 declarat
2261 2305 2276 2328 ,
2306 2269 2434 2336 quod

1378 2339 1459 2395 sua
1473 2340 1758 2397 Constitutio
1776 2378 1793 2400 ,
1819 2342 2037 2394 Romanus
2054 2341 2272 2409 ‘Pontg‘fi‘x
2295 2345 2435 2408 Papa-

1379 2413 1496 2463 lium
1517 2414 1835 2463 Oraculorum
1854 2417 2139 2466 revocatoria
2154 2449 2171 2473 ,
2197 2429 2267 2463 res
2290 2411 2434 2462 Ordi-

1380 2487 1447 2541 nis
1464 2482 1602 2533 nostri
1623 2502 1714 2533 non
1730 2482 1902 2534 afficiat
1921 2521 1933 2534 .
2343 2492 2431 2543 69.

1402 2579 1406 2583 ·
1453 2555 1748 2605 Ludovicum
1776 2556 2071 2606 Cardinalem
2097 2553 2396 2606 Ludovisium
2415 2587 2431 2611 ,

1379 2622 1518 2674 suum
1550 2643 1607 2674 ex
1634 2629 1872 2676 Germano
1906 2630 2063 2677 Fratre
2083 2630 2316 2693 Nepotem
2337 2660 2352 2681 ,
2384 2622 2432 2676 ἃ

1379 2697 1428 2744 S.
1447 2699 1507 2744 R.
1524 2698 1578 2743 E.
1597 2698 2096 2755 Vice·Cancellarium,
2111 2695 2306 2747 Ordinis
2322 2697 2434 2744 Pro-

1379 2765 1604 2829 tectorqm
1623 2764 1856 2816 constituit
1876 2802 1888 2814 .
2346 2783 2429 2825 70.

1451 2886 1633 2963 SUB
1709 2909 2131 2962 URBANo
2205 2909 2359 2958 vm.

1466 3053 1543 3100 Fr.
1596 3051 1857 3101 Antonium
1888 3085 1904 3108 ‚
1948 3050 2196 3100 Provinciae
2248 3047 2431 3099 Tusciae

1382 3121 1703 3179 Guardianum
1720 3121 1808 3178 ,ἃ
1827 3119 1958 3171 suum
1978 3118 2226 3173 secundum
2243 3138 2431 3170 carnem

1381 3197 1593 3244 Fratrem
1611 3194 1898 3243 Germanum
1916 3228 1932 3251 ,
1955 3189 2037 3241 fibi
2053 3191 2111 3242 de
2125 3192 2434 3242 exaltatione‘a

1383 3263 1442 3315 ad
1474 3261 1800 3318 Pontificatum
1834 3264 2144 3334 gratulantem
2175 3298 2191 3321 ,
2226 3267 2431 3313 Romam

1384 3334 1559 3386 asciscit
1574 3371 1587 3384 .
1853 3400 1855 3403 Ι
2342 3354 2429 3393 70.

1452 3409 1527 3463 Ut
1544 3411 1722 3456 Fratres
1746 3406 2000 3458 strictioris
2015 3402 2333 3456 Observantiae
2353 3422 2432 3473 per

1385 3481 1572 3535 Italiam
1587 3515 1603 3537 ,
1619 3476 1830 3547 depositis
1850 3476 1978 3527 soleis
1990 3513 2005 3535 ‚
2020 3477 2077 3527 ad
2093 3475 2430 3526 distinciionem

1387 3552 1778 3619 Capucinorum,
1819 3549 2075 3617 Calopodia
2116 3546 2389 3598 reaffumant
2415 3583 2430 3605 ,

1385 3623 1616 3689 praecipit:
1635 3635 1773 3688 utque
1793 3620 1971 3670 Fratres
2000 3620 2232 3670 recollesti
2268 3619 2431 3669 Galliae

1385 3691 1589 3761 deposito
1608 3693 1819 3761 Capucio
1845 3693 2107 3742 acuminato
2123 3728 2137 3749 ‚
2170 3691 2431 3758 Capucium

1386 3762 1637 3815 rotundum
1653 3798 1670 3823 ,
1701 3761 1751 3816 ἃ
1773 3765 2021 3834 largiorem
2041 3778 2302 3814 mozzetam
2325 3777 2432 3828 porv-

2231 3845 2328 3879 tent
2347 3866 2361 3888 ,
