2658 4244
55 3193 246 3239 Libellussup-

54 3240 121 3281 μιν
132 3261 141 3273 ι

340 250 368 295 1
396 243 431 307 5
451 236 494 291 0
932 206 1097 304 Sub
1153 208 1538 305 Clemente
1596 213 1736 304 XI.

383 324 632 374 Amandum
648 324 693 370 de
708 323 861 381 leobae,
878 331 1103 390 Episcopum
1117 336 1308 390 Argenu-
1423 339 1530 378 Cum
1546 330 1903 389 dispensationibus
1926 358 1941 382 ,
1972 329 2300 382 derogationibus
2313 366 2328 391 ‚
2360 340 2398 381 ὃς

498 386 647 442 ”cufim
662 416 673 429 ·
1140 456 1149 465 ·
1364 391 1550 460 clausulis
1565 391 1789 460 necessariis
1805 421 1818 443 ,
1840 393 1878 431 &
1893 393 2130 445 opportunis
2149 419 2159 431 .
2305 457 2314 465 .
2361 457 2369 465 ⁶

381 446 543 491 Nmmm
574 445 619 486 de
630 447 766 494 (71⁴an
790 449 835 491 dc
851 451 1022 506 Altayde
1035 479 1051 504 2
1077 454 1302 512 Eptfiopum
1348 504 1353 509 ,
1418 453 1536 495 Alios
1552 450 1703 506 septem
1720 466 1757 493 in
1772 452 1937 506 pectore
1952 447 2216 502 reservamus,
2232 455 2399 500 arbmqo

504 506 732 564 Targcffim
752 535 764 547 ·
1360 514 1492 554 nostro
1507 512 1844 567 quandocumque
1862 507 2127 552 declarandos
2144 538 2156 549 .

375 560 645 623 Wofflngum
673 564 912 610 Annibalem
925 598 939 621 2
966 583 1011 610 ex
1029 570 1241 614 Comitibus
1256 570 1301 611 de
1417 572 1464 614 In
1481 570 1658 612 Nomine
1675 572 1803 612 Patris
1833 567 1887 622 »ἦ
1905 596 1919 620 ,
1943 570 1984 611 &
1997 568 2090 612 Filii
2105 568 2161 624 »Β
2177 594 2194 618 ,
2219 569 2259 610 &
2273 571 2399 625 Spiri-

496 625 840 741 Scyottembach,
873 630 1097 686 Epffcopum
1142 632 1300 674 Olomu-
1362 637 1426 672 tus
1441 631 1571 674 saneti
1587 629 1791 685 ›ff-‹Amen
1807 661 1818 671 .

491 696 557 725 Ct'n
577 697 634 725 em
651 711 664 725 a

375 742 573 799 Aloyst'um
592 744 761 786 Priolum
773 775 784 785 .

372 800 584 859 ‘yffiphum
600 803 779 845 Mariam
793 803 837 845 de
856 801 1062 861 Thomastis
1079 833 1092 846 .

374 860 571 914 {joannem
589 862 806 917 Baptistam
828 864 1069 905 Ptolomaeum
1085 893 1098 905 .

374 919 629 978 Francistum
643 923 822 963 Mariam
835 920 885 963 ab
894 925 1032 965 Arctio
1047 951 1059 962 .

973 1070 1682 1138 NOTA.

277 1214 291 1218 ”
339 1215 545 1259 Ranciscum
561 1214 706 1256 Mariam
718 1241 732 1263 ,
744 1226 848 1266 quem
861 1214 1022 1255 Aretium
1032 1216 1127 1255 Urbs
1141 1214 1315 1255 Hetruriae
1326 1215 1439 1265 &luna
1453 1217 1626 1267 exprimis
1643 1227 1696 1254 iz.
1713 1217 1910 1257 Tuscorum
1923 1219 2098 1267 coloniis,
2114 1236 2125 1260 ι
2139 1236 2166 1260 1.
2178 1227 2284 1263 Nov,
2302 1222 2403 1271 1648.

350 1270 473 1315 genuit
489 1270 739 1314 corporaliter,
766 1266 923 1313 regenuit
936 1267 1156 1316 spiritualiter
1170 1266 1283 1303 nostra
1297 1265 1441 1313 Religio
1454 1291 1467 1311 ,
1491 1269 1527 1304 in
1541 1277 1610 1314 qua
1621 1290 1634 1312 ,
1659 1278 1738 1304 cum
1754 1268 1854 1304 vasta·
1876 1269 1997 1306 mentis
2009 1295 2022 1314 ‚
2045 1271 2177 1309 subtilis
2190 1273 2319 1319 ingenii
2334 1298 2347 1318 ,
2362 1286 2403 1310 ac

249 1313 415 1356 iiiecundae
428 1313 590 1355 facundIae
612 1316 795 1365 specimina
812 1317 941 1364 semper
955 1316 1117 1363 panderet
1130 1340 1142 1360 ‚
1165 1313 1317 1361 aliasque
1330 1327 1463 1351 morum
1486 1316 1655 1360 gravitate
1670 1342 1683 1362 ,
1707 1318 1742 1353 &
1754 1317 1851 1353 vario
1866 1316 2041 1355 virtutum
2056 1331 2180 1358 ornatu
2193 1324 2398 1366 excelleret,

250 1370 408 1416 primaria
421 1368 485 1403 suae
499 1365 688 1403 Provincioe
704 1365 841 1402 Tusciae
856 1390 868 1409 ‚
894 1377 958 1402 nec
971 1373 1042 1402 non
1059 1361 1259 1410 Religionis
1272 1365 1417 1415 adeptus
1430 1366 1478 1401 est
1493 1363 1618 1402 officia
1636 1391 1646 1401 .

348 1417 503 1454 Sublime
520 1415 714 1461 Apostolici
728 1413 995 1451 Coneionatoris
1008 1425 1130 1451 munus
1145 1436 1159 1458 ,
1185 1412 1227 1451 ad
1242 1414 1337 1460 quod
1358 1424 1412 1459 47.
1432 1414 1579 1459 Augusti
1601 1414 1697 1463 1698.
1717 1417 1810 1463 Papa
1831 1416 2054 1455 Innocentius
2072 1418 2156 1457 ΧΗ.
2179 1419 2276 1455 illum
2293 1419 2402 1464 segre-

249 1465 376 1511 gavit,
400 1466 503 1512 usque
515 1465 558 1500 ad
573 1476 698 1499 annum
714 1473 814 1506 1712.
834 1462 1021 1505 inclusive,
1044 1463 1083 1497 ea
1095 1462 1334 1508 applaudentis
1350 1462 1458 1498 Urbis
1474 1463 1694 1499 aestimatione
1707 1462 1950 1508 continuavit,
1976 1477 2013 1501 ut
2039 1467 2130 1513 Papa
2157 1469 2319 1504 Clemens
2337 1469 2398 1506 xl.

247 1514 408 1549 meritum
425 1512 521 1549 lllius
534 1512 626 1558 pileo
642 1512 748 1547 rubro
758 1509 930 1546 coronarit
945 1531 958 1551 ,
984 1509 1041 1545 seu
1060 1511 1144 1545 bum
1160 1509 1285 1546 Ordini
1297 1509 1414 1545 nostro
1428 1509 1558 1545 dederit
1570 1510 1607 1547 S.
1622 1511 1668 1548 R.
1682 1512 1724 1547 Ε.
1740 1511 1960 1548 Cardinalem
1973 1537 1986 1557 ,
2005 1524 2158 1564 tempore
2171 1540 2185 1561 ‚
2211 1527 2283 1563 quo
2299 1517 2401 1554 Ordo

248 1555 405 1598 Ecclesiae
423 1557 559 1596 dederat
570 1556 736 1596 Sanaum
749 1582 761 1601 ‚
787 1555 950 1594 videlicet
969 1555 1113 1595 felicem
1130 1583 1139 1593 .

346 1611 464 1646 Tanto
477 1607 640 1644 humilior
653 1615 767 1642 autem
781 1630 794 1650 ,
819 1614 924 1652 atque
937 1605 979 1641 ad
992 1606 1209 1641 serviendum
1225 1609 1303 1641 Deo
1321 1607 1512 1653 promptior
1523 1607 1681 1653 apparuit
1696 1606 1893 1647 franciscus
1907 1608 2019 1646 Maria
2036 1619 2082 1646 ex
2100 1624 2261 1660 purpurae
2274 1625 2398 1649 mune-

247 1665 286 1694 re
301 1677 315 1702 9
328 1657 460 1704 quanto
473 1656 505 1691 se
518 1652 762 1698 obligatiorem
776 1652 954 1697 conspexit
968 1653 1003 1687 in
1022 1653 1191 1687 reddenda
1205 1653 1347 1698 desuper
1365 1655 1496 1689 ratione
1508 1680 1517 1689 .
1537 1655 1616 1688 lude
1629 1655 1707 1690 licet
1721 1657 1887 1692 Habitum
1900 1657 2033 1693 invitus
2047 1661 2272 1707 mutarit,vite
2282 1672 2399 1697 tamen

249 1704 441 1750 Religiosae
451 1714 559 1747 genus
571 1725 583 1744 ‚
598 1713 637 1736 ac
651 1701 792 1736 virtutis
802 1699 939 1736 babitus
951 1700 1087 1735 eosdem
1101 1700 1240 1736 retinuit
1252 1725 1261 1736 .
1282 1702 1355 1737 lllis
1370 1699 1480 1736 solum
1498 1700 1657 1747 adjunxit
1673 1703 1783 1737 zelum
1797 1727 1810 1745 ,
1833 1716 1907 1751 quo
1923 1703 1957 1737 in
1972 1706 2085 1741 Sacris
2107 1707 2401 1751 Congregationi-

247 1753 312 1788 bus
324 1775 337 1796 ‚
362 1751 395 1786 in
406 1763 491 1808 quas
502 1772 516 1793 ,
540 1748 632 1796 quast
643 1759 762 1784 omnes
775 1770 788 1790 ‚
815 1746 953 1794 spiritus
966 1747 1040 1795 ejus
1052 1747 1182 1784 divisus
1197 1761 1269 1785 erat
1283 1775 1297 1795 ‚
1328 1749 1478 1786 Ecclefiae
1489 1749 1565 1796 jura
1580 1773 1593 1791 ,
1617 1749 1651 1783 8<
1662 1750 1844 1786 commoda
1859 1751 2050 1796 intrepidus
2077 1755 2318 1800 propugnavit
2328 1779 2341 1799 ,
2365 1760 2402 1792 δι

248 1813 321 1849 quo
336 1800 430 1837 Fidei
443 1799 656 1835 incrementa
668 1819 682 1840 ‚
704 1796 740 1833 &
755 1795 831 1844 ejus
840 1796 882 1832 ad
894 1796 1088 1832 infidelium
1105 1806 1220 1844 partes
1236 1798 1457 1846 propaginem
1474 1796 1636 1834 indefesse
1649 1796 1804 1844 quaefivit
1821 1823 1831 1833 .
1846 1799 1953 1835 Zelus
1963 1799 2017 1835 liic
2030 1810 2069 1836 ut
2081 1803 2156 1849 post
2166 1813 2309 1838 mortem
2326 1803 2402 1851 ejus

247 1850 359 1886 adhuc
372 1858 572 1896 operaretur
582 1871 595 1890 ,
623 1846 761 1883 Sacram
775 1843 1093 1889 Congregationem
1111 1848 1152 1881 de
1165 1848 1385 1894 propaganda
1400 1846 1481 1883 fide
1491 1846 1669 1883 constituit
1680 1846 1923 1885 universorum
1940 1847 2104 1888 haeredem
2120 1873 2135 1896 ‚
2160 1856 2192 1888 &
2208 1851 2259 1887 sui
2273 1863 2402 1889 memo-

248 1898 334 1935 riam
348 1896 546 1945 perennavit
561 1896 597 1932 in
610 1894 774 1941 operibus
788 1902 877 1942 typo
891 1893 982 1930 datis
994 1918 1006 1938 ‚
1031 1894 1126 1932 inter
1140 1907 1215 1943 quae
1230 1897 1305 1932 sunt
1317 1922 1327 1932 .

347 1948 546 2002 Panegytes
567 1944 612 1980 de
641 1942 782 1979 dtverfis
807 1942 941 1980 Sanftis
954 1968 966 1979 .

347 1994 501 2031 Consilia
513 1991 700 2039 Sapientiae
713 2002 759 2027 ex
773 1991 917 2029 Gallico
929 1993 963 2027 in
982 1991 1137 2028 italicum
1153 1992 1281 2031 idioma
1293 1991 1447 2032 traduGta
1457 2018 1470 2038 ,
1499 1993 1536 2031 8<
1549 1993 1709 2044 ampliata
1723 2020 1733 2031 .

348 2043 452 2079 AEtas
472 2039 619 2077 hominis
632 2065 643 2075 .

349 2090 551 2128 Conciones
565 2087 736 2125 habitaein
753 2087 888 2127 Palatio
901 2090 1108 2139 Apostolico
1118 2116 1134 2138 ,
1161 2094 1203 2131 ab
1222 2093 1367 2144 ipsomet
1380 2093 1478 2140 Papae
1493 2091 1675 2133 Clementi
1697 2093 1765 2131 XI.
1793 2102 2019 2142 nuncupatae,
2044 2094 2163 2144 anjam
2190 2094 2226 2131 in
2245 2092 2399 2133 diversas

398 2139 537 2186 linguas
554 2136 759 2184 transposita:
768 2139 838 2176 &c-
1491 2150 1495 2155 ·

1413 807 1472 849 Ex
1487 804 1736 850 orationibus
1753 807 2083 866 Conststorialt‘bus
2099 806 2150 849 ab
2166 805 2234 850 hoc
2247 808 2403 852 Summo

1479 865 1660 919 Pontssce
1671 867 1817 910 habitis
1831 869 1928 927 .fol.
1944 867 2042 910 mibi
2057 879 2137 918 117·

2143 2277 2376 2292 m*

444 2383 486 2424 D
544 2383 579 2423 E
640 2384 679 2425 C
739 2383 780 2425 R
841 2385 877 2426 E
939 2386 977 2427 T
1036 2386 1101 2427 O.
1356 2383 1473 2437 sunt,
1512 2400 1556 2429 ac
1587 2399 1873 2440 venerantur,
1901 2388 1940 2429 in
1967 2387 2240 2443 Principalem
2270 2383 2397 2428 totius

1355 2446 1657 2500 Capucinoruin
1683 2447 1859 2489 Familiae
1890 2450 2136 2499 Pan-onam,
2167 2461 2213 2487 ac
2245 2449 2398 2488 Prote·

1351 2503 1515 2545 &ricem
1538 2505 1692 2559 eligere
1711 2534 1725 2556 ‚
1753 2521 1798 2547 ac
1827 2505 2005 2562 ejusdem
2024 2506 2093 2547 sub
2120 2502 2286 2561 praefato
2316 2505 2400 2545 Im-

1353 2560 1562 2604 maculatae
1589 2566 1879 2618 Conceptionis
1913 2565 2104 2618 Mysterio
2147 2563 2286 2604 eleftae
2322 2563 2399 2602 Fe-

1355 2620 1458 2663 stum
1484 2621 1745 2677 imposterum
1769 2650 1784 2673 ,
1816 2623 1954 2673 omni,
1979 2622 2057 2678 quei
2086 2632 2307 2678 poterunt,
2336 2617 2400 2661 so-

1355 2680 1573 2722 lemnitate
1602 2681 1764 2737 singulis
1790 2682 1900 2723 annis
1929 2682 2172 2732 celebrare,
2201 2694 2246 2723 ac
2272 2680 2399 2722 totius

1356 2739 1663 2793 Capucinorum
1693 2739 1849 2782 familiae
1871 2742 2079 2783 Fratribus
2104 2735 2400 2781 celebrandum

1359 2797 1579 2839 mandare.
1612 2801 1718 2839 Cum
1742 2810 1876 2839 autem
1902 2798 1949 2840 ad
1978 2798 2184 2852 piiffimam
2199 2798 2301 2839 hanc
2327 2793 2402 2837 de·-

1359 2856 1708 2906 terminationem,
1722 2855 1769 2896 ad
1786 2857 1940 2912 praxim
1954 2855 2249 2906 reducendam,
2266 2853 2404 2909 requi-

1357 2927 1472 2961 ratur
1510 2914 1750 2964 consenstis,
1775 2916 2041 2970 approbatio,
2067 2929 2113 2956 ac
2137 2914 2305 2957 facultas
2331 2915 2404 2954 Sa-

1359 2993 1435 3021 crae
1449 2976 1564 3031 hujus
1584 2974 1757 3016 Rituum
1780 2974 2119 3029 Congregationis
2136 3002 2151 3023 ,
2175 2973 2257 3015 tale
2277 2971 2399 3013 statu-

1359 3049 1476 3086 tum,
1500 3049 1545 3078 ac
1571 3030 1953 3076 determinationem
1980 3032 2269 3088 approbanti&
2305 3043 2403 3083 prae·

1359 3098 1462 3141 fatus
1495 3097 1742 3137 Procurator
1767 3091 1980 3134 Generalis
2006 3105 2055 3131 ex
2084 3088 2245 3144 speciali
2275 3086 2402 3130 totius

1359 3153 1591 3200 Definitorii
1602 3150 1816 3194 Generalis
1828 3144 2402 3204 Commiffione‚ejusde1nDe-

1364 3213 1531 3259 finitorii
1547 3240 1560 3263 ‚
1587 3224 1633 3252 ac
1650 3209 1773 3250 totius
1790 3209 2088 3265 Capucinorum
2105 3203 2204 3248 Ord.
2223 3205 2400 3247 Nomine

1367 3272 1559 3329 supplicat
1588 3262 1796 3311 humiliter
1819 3270 1873 3311 E.
1891 3270 1938 3310 E.
1966 3264 2120 3309 Vestris
2136 3293 2149 3316 ,
2172 3275 2369 3320 quatenus
2385 3294 2399 3314 ‚

1366 3342 1484 3389 prout
1511 3330 1601 3372 aliis
1628 3326 1931 3383 Regularibus,
1953 3327 1991 3368 &
2014 3324 2228 3381 praesertim
2253 3321 2406 3365 Fratri·

1365 3395 1440 3436 bus
1458 3390 1682 3434 Minoribus
1706 3386 1758 3429 de
1780 3386 2051 3430 Observantia
2067 3411 2081 3435 ,
2110 3383 2250 3437 vigore
2267 3384 2405 3424 rubri-

1366 3465 1503 3494 carum
1531 3444 1754 3492 revisarum
1783 3477 1797 3498 ,
1833 3448 1870 3489 &
1908 3443 2225 3500 approbatarum<
2247 3441 2402 3509 proprii

393 2516 530 2566 Sacrae
565 2512 905 2587 Congregationis
942 2514 1123 2569 Rituum
1138 2551 1151 2568 0

255 2656 311 2707 B.
329 2658 395 2707 V.
411 2657 563 2705 Maria
590 2653 672 2705 sub
705 2654 935 2723 Mysterio
969 2654 1265 2708 Sanffiffimae
1281 2692 1298 2717 ,

290 2725 341 2777 ἃ
370 2727 683 2775 Immaculatae
711 2730 1041 2795 Conceptionis
1074 2725 1149 2779 seu
1172 2730 1298 2778 Prin·

290 2796 1213 2919 fffii¹it⁵ui³³tii¹ff{siisiffi‘siib‘iiiiffi
1237 2803 1302 2920 ³1¹3?

301 2938 344 2987 ci
362 2884 674 3006 primae’claffii
693 2937 909 2989 celebrari
932 2940 1199 2991 conceditur
1216 2889 1245 2939 p

334 3075 599 3150 Emittentiss.
617 3109 631 3137 ,
646 3097 693 3129 ac
708 3078 1006 3153 Reverendfi.
1025 3083 1229 3136 Domini.

265 3209 348 3327 F
365 3214 592 3270 R-Joannes
605 3206 808 3256 Antonius
823 3207 842 3254 zi
855 3208 1060 3259 Florentia
1071 3217 1138 3273 (*)
1153 3228 1301 3271 procu-

381 3283 493 3329 rator
506 3272 727 3318 Generalis
740 3273 944 3315 Minorum
957 3277 1084 3317 saneti
1107 3270 1307 3316 Francisci

267 3333 572 3388 Lapucinorum
617 3332 664 3374 E.
692 3333 743 3374 Ε.
771 3330 925 3374 Vestris
954 3331 1305 3376 Reverendiffimis

268 3389 479 3434 humiliter
502 3391 670 3446 exponit
695 3420 709 3442 ,
740 3401 934 3447 quatenus
958 3392 997 3433 in
1021 3392 1207 3433 Comitiis
1221 3390 1307 3434 Ge-

269 3450 470 3492 neralibus
483 3451 521 3491 in
538 3446 612 3492 hac
627 3449 747 3494 Alma
774 3451 887 3493 Urbe
906 3449 1108 3494 noviffime
1123 3449 1307 3491 celebra-

269 3506 351 3558 tis,
382 3511 496 3564 Anno
516 3506 670 3552 scilicet
698 3525 932 3554 moccxtt.
961 3508 1084 3552 visum
1115 3509 1171 3551 est
1197 3509 1304 3550 Patri

271 3563 467 3608 Michaeli
486 3563 681 3621 Angelos
707 3565 864 3623 Ragusa
883 3568 1064 3612 Ministro
1078 3566 1275 3611 Generali
1295 3595 1309 3618 ,

270 3637 440 3689 pecnon
462 3625 538 3665 PP.
557 3626 850 3670 Definitoribus
866 3627 1139 3671 Generalibus
1155 3654 1168 3679 ,
1190 3625 1302 3668 simul

270 3692 310 3724 tn
335 3680 479 3724 eodem
500 3686 693 3738 Capitulo
715 3687 984 3744 Congregatis
999 3716 1012 3739 ,
1041 3686 1303 3730 Beatiffimam

274 3740 488 3801 Virginem
504 3742 720 3796 Deiparam
736 3775 750 3795 ,
775 3761 894 3801 quam
915 3747 986 3788 sub
1009 3747 1204 3802 Mylierio
1222 3748 1301 3786 Im-

276 3796 484 3842 maculatae
515 3800 806 3857 Conceptionis
847 3804 1076 3861 specialiter
1115 3807 1299 3849 venerati

1368 3510 1564 3553 Breviarii
1581 3540 1596 3561 ‚
1623 3507 1726 3550 idem
1741 3503 1883 3548 festum
1907 3502 1974 3545 sub
1999 3502 2076 3542 ritu
2096 3500 2247 3557 duplici
2267 3514 2404 3557 primae

1364 3568 1507 3613 Claffis
1535 3564 1767 3612 celebrandi
1794 3558 2029 3605 facultatem
2055 3559 2286 3603 concedere
2315 3560 2402 3616 pla-

1364 3634 1476 3680 cuit,
1505 3630 1559 3669 ita
1587 3622 1758 3678 (iisdem
1780 3622 1936 3663 ratione
1966 3650 1981 3670 ‚
2018 3634 2062 3661 ac
2089 3620 2401 3662 titulointerte-

1362 3684 1601 3740 trientibus)
1618 3683 1684 3737 ipfi
1699 3679 1770 3722 suae
1785 3680 2086 3734 Capucinorum
2100 3677 2272 3721 Parniliae
2303 3692 2398 3720 ean-

1360 3749 1454 3790 dem
1471 3743 1677 3790 Gratiam,
1690 3753 1736 3780 ac
1751 3737 1984 3781 facultatem
2003 3740 2211 3795 impartire
2228 3739 2397 3792 dignen-

1361 3819 1427 3850 tur
1441 3833 1456 3857 ,
1480 3805 1517 3845 δι
1537 3815 1611 3858 pro
1626 3798 1753 3855 gratia
1770 3800 1849 3842 διε.
1880 3809 1924 3840 ut
1942 3801 2051 3845 Deus
2065 3828 2076 3841 .
2268 3855 2285 3892 ς
2313 3851 2336 3892 b

2258 3882 2272 3893 t
2286 3867 2309 3894 u
