2658 4244
393 221 495 286 230

320 301 452 359 gulae,
477 301 516 342 ὅ(
535 296 732 354 precipue
750 297 788 351 in
805 312 852 344 ea
867 304 983 360 parte
999 330 1014 355 ,
1038 304 1105 348 ubi
1121 315 1239 347 erat:
1268 306 1374 345 Ρη·-

319 364 423 417 cipio
437 359 620 416 firmiter
635 357 852 405 Fratribus
865 361 1052 420 universis
1067 391 1082 415 ‚
1105 373 1148 404 ut
1174 360 1374 406 obediant

317 418 397 461 suis
426 416 648 468 Ministris,
677 418 828 474 plene,
855 423 895 463 &
923 420 1082 477 integre
1105 420 1337 466 satisfacere
1361 451 1376 475 ‚

314 478 594 528 auctoritate,
617 477 658 523 ὃς
687 475 854 522 scientia
870 480 1068 537 praedietis
1092 479 1344 525 declaramus
1358 510 1375 532 .,

316 551 369 579 ac
395 535 654 583 decernimus
669 564 684 589 ‚
708 536 818 594 quod
830 567 844 591 ,
862 538 994 586 donec
1011 538 1132 584 aliter
1145 541 1262 598 super
1277 554 1376 597 prae-

318 595 439 638 miffis
457 608 530 651 per
549 593 758 650 praefatam
787 597 940 642 Sedem
965 598 1195 644 ordinatum
1217 599 1374 653 fuerit,

319 657 490 698 fratres
527 655 728 710 Capucini
762 657 940 713 praedicti
981 671 1124 709 eorum
1155 658 1330 702 Vicariis
1356 685 1372 711 ‚

316 723 449 771 prout
476 712 531 755 de
560 713 733 757 Vicariis
760 716 938 759 Familiae
961 730 1037 773 per
1053 717 1370 761 dictumPiums

317 770 659 818 Praedecessorem
680 799 695 824 ‚
728 785 774 818 ut
800 774 1041 831 praefertur‚
1064 775 1254 819 statutum
1282 774 1372 817 fue-

317 842 385 874 rat
403 860 418 884 ‚
445 830 684 889 obediendo
701 861 715 885 ,
736 830 865 890 ‘plene
882 862 896 887 ,
929 849 977 878 ac
1007 833 1171 894 integre
1200 831 1372 892 praefatae

317 889 494 946 Regula:
505 890 754 935 satisfaciant
771 923 782 934 .

378 949 422 1000 ᾧ.
441 951 539 993 ΧΠ.
601 951 814 1009 roirca
831 951 1021 996 universis
1033 979 1049 1004 ‚
1063 954 1102 996 δι
1115 950 1272 1008 lingulis
1285 953 1371 995 Ve-

316 1007 571 1052 nerabilibus
592 1009 802 1052 Fratribus
819 1010 974 1054 Nostris
990 1011 1232 1055 Patriarchis
1246 1038 1260 1060 ,
1291 1012 1371 1053 Ar-

318 1066 588 1122 chiepis'copis
600 1093 618 1117 ‚
645 1069 686 1109 ἃς
702 1067 908 1123 Episcopis
921 1097 936 1120 ‚
959 1083 1115 1112 necnon
1129 1069 1287 1112 dilestis
1305 1067 1372 1109 Fi-

315 1124 384 1167 liis
400 1124 625 1167 Abbatibus
639 1151 655 1174 ·,
684 1127 892 1168 Prioribus
909 1154 924 1177 ‚
957 1142 1004 1169 ac
1019 1125 1107 1169 aliis
1130 1125 1312 1170 personis
1331 1126 1371 1167 in

319 1182 522 1237 dignitate
535 1183 812 1227 Ecclefiaflica
827 1184 1054 1229 constitutis
1069 1213 1085 1236 ,
1111 1197 1186 1241 per
1197 1183 1370 1241 Aposto-

314 1240 398 1285 lica
413 1239 562 1297 scripta
579 1240 812 1284 mandamus
825 1270 840 1294 ,
856 1244 1056 1299 quatenus
1071 1244 1141 1301 ipfi
1156 1272 1170 1294 ‚
1185 1244 1252 1287 vel
1265 1242 1347 1285 duo
1359 1271 1373 1294 ‚

317 1309 388 1342 aut
405 1298 519 1353 ¹lunus
532 1312 674 1342 eorum
688 1313 765 1356 per
781 1300 848 1352 se,
875 1302 942 1344 vel
969 1302 1122 1355 alium,
1147 1299 1214 1344 seu
1241 1301 1341 1345 alios
1357 1329 1372 1353 ,

316 1357 536 1415 praesentes
552 1359 714 1403 Literas
726 1387 741 1408 ³
756 1373 804 1402 ac
825 1359 864 1404 in
881 1361 939 1403 eis
958 1370 1155 1406 contenta
1169 1373 1368 1416 quaecum-

319 1431 401 1474 que
417 1444 432 1469 ,
448 1416 506 1458 uti
521 1444 537 1468 ,
549 1417 592 1458 δι
604 1417 766 1474 quando
781 1431 879 1474 opus
896 1417 1022 1464 fuerit
1035 1448 1048 1471 ,
1062 1435 1108 1463 ac
1121 1419 1285 1476 quoties
1294 1432 1369 1475 pro

317 1486 439 1531 parte
455 1475 714 1519 vicariorum
728 1505 743 1529 ‚
769 1478 810 1519 &
825 1479 1013 1522 Fratrum
1028 1477 1287 1533 Capucinoru
1295 1493 1363 1519 m„

316 1532 599 1592 praedic'torum
609 1563 624 1587 ‚
635 1536 716 1578 live
729 1535 900 1594 alicujus
915 1551 1072 1588 eorum,
1084 1536 1233 1579 fuerint
1249 1532 1366 1578 desu-

319 1594 397 1650 Per
428 1593 636 1648 requisiti,
660 1592 897 1637 solemniter
924 1595 1204 1650 publicantes,
1231 1592 1366 1648 eisque

319 1652 362 1693 in
389 1649 583 1707 praemiffis
609 1649 781 1694 efficacis
808 1652 1050 1695 defensionis
1080 1651 1260 1708 praefidio
1281 1650 1367 1693 affi-

317 1705 639 1759 stentes2faciant
656 1710 904 1752 auetoritate
919 1709 1051 1754 nostra
1069 1709 1283 1766 praesentes
1302 1709 1369 1752 Li-

318 1777 430 1810 teras
447 1794 462 1819 ‚
489 1780 536 1808 ac
564 1767 602 1810 in
633 1766 690 1809 eis
716 1777 914 1812 contenta
944 1767 1171 1824 hujusmodi
1196 1766 1368 1810 firmiter

319 1826 529 1869 observari
548 1854 563 1876 ,
585 1839 631 1867 ac
654 1826 827 1882 singulos
850 1856 864 1879 ‚
892 1841 994 1885 quos
1020 1826 1232 1884 praesentes
1263 1840 1364 1868 con—

319 1894 520 1935 cernunt,
547 1883 630 1927 illis
657 1883 826 1940 pacifice
850 1887 1058 1942 gaudere.
1082 1889 1176 1929 Non
1195 1885 1364 1941 permit-

317 1953 458 1985 tentes
473 1956 542 1984 eos
555 1941 727 2000 desuper
739 1956 812 1998 per
826 1944 1096 2001 quoscumque
1110 1955 1252 1987 contra
1267 1958 1365 2001 pra:-

317 2000 493 2046 sentium
515 2012 704 2045 tenorem
718 2002 1027 2057 quomodolibet
1050 2002 1250 2046 molestari
1265 2030 1279 2053 2
1301 2004 1363 2046 in·-

319 2060 524 2115 quietari,
544 2059 610 2102 seu
627 2061 854 2113 perturbari
870 2090 880 2102 .
897 2061 1230 2105 Contradiatores
1244 2076 1363 2118 quos-

316 2118 452 2170 libet,
477 2132 523 2161 ac
552 2118 751 2162 Rebellcs
778 2133 850 2175 per
878 2122 1086 2163 censuram
1113 2120 1362 2164 Ecclefiasti-

316 2191 406 2222 cam
423 2205 436 2229 ‚
461 2191 506 2219 ac
525 2177 603 2221 alia
617 2181 964 2236 opportunaJuris
979 2179 1158 2223 remedia
1177 2179 1360 2237 appella-

318 2238 432 2280 tione
449 2237 659 2292 postposita
676 2264 689 2288 ,
705 2237 1082 2290 compescendo,ac
1100 2237 1284 2282 censuras
1297 2268 1308 2291 ,
1323 2240 1363 2282 &

319 2309 462 2352 poenas
476 2294 577 2351 ipsas
594 2296 754 2337 iteratis
770 2296 921 2338 vicibus
938 2297 1194 2354 aggravando
1206 2326 1220 2348 ‚
1246 2299 1364 2341 inv0-.

319 2363 416 2395 cato
429 2353 554 2396 etiam
569 2353 620 2396 ad
635 2355 712 2396 hoc
737 2353 759 2412 [
769 2356 796 2396 fi
809 2369 907 2412 opus
923 2353 1075 2414 fuerit]
1097 2355 1247 2398 auxilio
1267 2359 1364 2400 Bra-

321 2412 402 2454 chii
420 2413 626 2456 Saecularis
642 2442 654 2457 .

379 2470 417 2519 ᾗ.
437 2473 560 2514 XIII.
624 2474 718 2513 Non
735 2469 980 2514 obstantibus
998 2472 1193 2527 praemiffis
1206 2500 1220 2523 ‚
1239 2487 1286 2514 ac
1304 2487 1369 2516 re-

319 2527 504 2575 colendae
518 2530 729 2575 Memoriae
750 2528 948 2575 Bonifacii
973 2533 1089 2589 Papae
1105 2532 1247 2595 mv}
1262 2533 1369 2578 Prae-

1050 2649 1320 2717 ΝΟ

1052 187 1214 277 Sub
1281 181 1525 279 ‘Paula
1578 184 1720 276 III.

1431 302 1648 349 decessoris
1663 300 1800 348 Nostri
1814 300 1866 346 de
1880 312 1954 345 una
1972 300 1985 353 ‘‚
2010 298 2050 342 &
2065 298 2238 346 Concilii
2252 300 2469 346 Generalis

1430 365 1485 408 de
1499 364 1651 408 duabus
1667 363 1787 407 dietis
1801 389 1816 412 ,
1841 376 1887 405 ac
1902 361 1987 404 aliis
2004 358 2243 415 Apostolieis
2260 361 2466 406 Constitu-

1433 425 1608 467 tionibus
1624 437 1640 478 3
1660 435 1816 466 necnon
1831 420 2028 477 quibusvis
2046 417 2280 470 tenoribus,
2297 420 2466 474 privile·—

1433 485 1506 540 giis
1520 511 1536 535 ,
1560 485 1601 526 ἃ
1619 482 1793 526 Indultis
1810 479 2049 534 Apostolicis
2071 477 2140 520 sub
2166 477 2365 534 quibusvis
2382 477 2466 519 for-

1434 545 1505 586 mis
1525 571 1540 594 ‚
1565 557 1611 585 ac
1625 556 1718 584 cum
1731 537 1931 596 quibusvis
1958 535 2143 581 clausulis
2157 565 2171 589 ,
2197 552 2243 580 ac
2258 535 2434 580 decretis
2450 564 2464 587 ,

1430 615 1518 658 quae
1529 602 1719 646 adversus
1734 595 1919 655 praemiffa
1935 596 2160 641 nullatenus
2174 594 2375 650 suffragari
2391 608 2466 637 vo·

1431 659 1561 703 lumus
1576 687 1591 712 ,
1617 657 1863 714 coeterisque
1889 656 2102 700 contrariis
2123 655 2463 713 quibuscumque:

1432 722 1517 762 Aut
1539 719 1566 759 fi
1591 718 1792 774 aliquibus
1817 714 2115 768 communiter,
2140 714 2208 758 vel
2234 713 2387 756 divifim
2415 711 2465 770 ab

1431 777 1570 822 eadem
1587 778 1633 819 fit
1652 776 1758 819 Sede
1773 776 1975 818 indultum
1991 804 2005 828 ,
2031 773 2140 832 quod
2158 771 2378 821 interdici,
2404 769 2467 811 su-

1430 834 1566 892 spendi
1582 862 1597 885 2
1610 834 1676 877 vel
1688 835 2025 878 excommunicari
2039 847 2119 877 non
2133 831 2292 888 poffint,
2308 843 2380 887 per
2398 831 2467 871 Li-

1429 903 1537 936 teras
1552 893 1800 950 Apostolicas
1815 908 1894 936 non
1914 891 2106 937 facientes
2122 891 2282 947 plenam
2297 917 2311 939 ‚
2336 890 2375 929 &
2397 901 2468 929 ex·

1429 950 1595 1007 pressam
1613 979 1627 1001 2
1657 965 1702 992 ac
1731 950 1784 992 de
1807 951 1936 994 verbo
1957 951 2010 994 ad
2036 950 2202 995 verbum
2226 948 2281 991 de
2295 947 2466 990 Indulto

1430 1008 1658 1065 hujusmodi
1673 1009 1923 1052 mentionem
1938 1036 1950 1048 .

1488 1069 1531 1119 §.
1547 1068 1663 1110 XIV.
1709 1065 1905 1109 Volumus
1920 1062 2054 1109 autem
2066 1093 2080 1117 ,
2093 1066 2199 1122 quod
2217 1062 2466 1121 praesentium

1431 1125 1704 1179 Transumptis
1731 1138 1848 1166 manu
1865 1123 2013 1180 publici
2030 1123 2191 1166 Notarii
2213 1122 2437 1177 subscriptis
2452 1149 2467 1171 ,

1430 1187 1471 1229 δι
1492 1184 1606 1240 figilli
1625 1181 1793 1238 alicujus
1806 1183 1981 1238 personae
1994 1182 2033 1223 in
2051 1181 2253 1236 dignitate
2264 1178 2467 1224 Ecclefia-

1434 1244 1525 1288 stica
1551 1242 1800 1293 constituta,
1827 1238 1891 1283 seu
1919 1238 2298 1294 Canonicialicujus
2311 1239 2467 1281 Cathe-

1432 1302 1556 1346 dralis
1578 1299 1765 1344 Ecclefiae
1781 1299 1970 1349 munim,
1994 1295 2139 1340 eadem
2164 1294 2263 1338 fides
2290 1297 2329 1338 in
2353 1293 2469 1352 Judi„

1429 1362 1494 1404 cio
1509 1390 1523 1414 ,
1547 1362 1585 1403 ὃς
1603 1368 1718 1402 extra
1730 1357 1972 1401 adhibeatur
1988 1384 2002 1406 ,
2023 1370 2109 1410 quae
2121 1353 2378 1412 praesentibus
2394 1352 2469 1396 ad-

1429 1421 1640 1463 hiberetur
1661 1446 1675 1470 ‚
1714 1418 1740 1458 fi
1766 1413 1894 1459 essent
1918 1413 2107 1458 exhibitae
2133 1442 2147 1466 ,
2183 1413 2252 1457 vel
2281 1410 2468 1456 ostensae.

1428 1479 1545 1524 Nulli
1565 1478 1663 1532 ergo
1678 1476 1844 1519 omnino
1860 1474 2065 1517 hominum
2088 1472 2212 1516 liceat
2239 1473 2337 1514 hanc
2359 1469 2469 1528 pagi-

1428 1552 1518 1583 nam
1534 1536 1669 1580 nostrae
1683 1533 1983 1591 approbationis
1997 1560 2011 1582 ‚
2034 1529 2354 1573 confirmationis
2367 1557 2382 1582 ‚
2396 1529 2469 1571 sta·

1429 1596 1507 1639 tuti
1530 1624 1544 1646 ,
1576 1594 1841 1637 ordinationis
1867 1619 1881 1642 ,
1917 1589 2165 1634 inhibitionis
2183 1616 2198 1638 a
2221 1588 2467 1631 declaratio·-

1431 1655 1489 1698 nis
1505 1681 1519 1704 ‚
1541 1652 1725 1696 Manda'ti
1742 1679 1755 1702 ,
1774 1649 2005 1692 Voluntatis
2019 1675 2034 1698 ‚
2059 1649 2100 1689 &
2115 1651 2386 1689 Decretorum
2404 1647 2465 1688 in-

1430 1715 1608 1768 fringere
1622 1737 1637 1762 ,
1664 1708 1730 1751 vel
1753 1710 1793 1750 ei
1819 1705 1910 1750 ausu
1927 1704 2148 1748 temerario
2166 1705 2373 1745 contraire
2389 1732 2399 1743 .
2425 1703 2466 1747 Si

1427 1771 1513 1827 quis
1536 1778 1672 1812 autem
1700 1768 1774 1809 hoc
1793 1775 1999 1808 attentare
2016 1761 2331 1817 praesumpserit,
2361 1762 2469 1805 indi-

1424 1830 1656 1885 gnationem
1670 1823 1971 1880 Omnipotentis
1992 1821 2069 1864 Dei
2083 1849 2097 1873 ‚
2121 1834 2166 1862 ac
2179 1820 2258 1862 BB.
2275 1818 2388 1863 Petri
2401 1821 2467 1871 ‚Gt

1426 1887 1541 1934 Pauli
1558 1884 1840 1940 Apostolorum
1855 1882 1942 1936 ejus
1956 1881 1996 1924 se
2013 1878 2171 1922 noverit
2188 1875 2434 1920 incursurum
2455 1907 2467 1918 .

1482 1948 1632 1989 Datum
1651 1945 1787 1986 Romae
1798 1942 1903 1998 apud
1920 1945 1963 1985 S.
1978 1942 2179 1987 Marcum,
2191 1938 2313 1978 Anno
2329 1938 2463 1980 Incar-

1423 2005 1596 2049 nationis
1617 2001 1835 2045 Dominicae
1850 2010 2116 2059 mouxxvn,
2130 1998 2274 2037 ocimo
2288 1993 2463 2038 Kalend.

1423 2062 1697 2122 SeptembriS,
1713 2057 1946 2105 Pontificat.
1962 2054 2098 2102 Nostri
2110 2055 2233 2096 Anno
2247 2051 2436 2098 Secundo
2450 2081 2465 2096 .

1883 2174 1964 2218 Sub
1978 2172 2088 2217 Plica
2101 2201 2112 2214 .
2171 2169 2319 2228 quft'us
2332 2199 2345 2213 .

1539 2302 1670 2356 Super
1700 2294 1853 2341 Plicam
1867 2321 1879 2334 ·
1939 2293 1986 2335 Β.
2001 2292 2137 2334 Motta
2148 2318 2161 2331 .

1381 2456 1382 2459 ,
1429 2417 1641 2471 Exemplar
1667 2413 1882 2457 authentic-
1908 2411 1952 2451 in
1978 2411 2214 2463 Pergamena
2235 2408 2277 2448 in
2294 2404 2461 2449 Archiv·

1487 2475 1676 2518 Generalt
1705 2471 1865 2515 Ordinis
1894 2472 2058 2514 Armar.
2074 2468 2276 2510 Anthent.
2302 2469 2345 2508 in
2353 2462 2460 2523 fhst.

1487 2534 1614 2590 collig.
1637 2544 1742 2574 num.
1762 2541 1832 2571 20.

1453 2650 1743 2713 TA.

395 2771 549 2808 ormula
562 2794 576 2817 ,
602 2771 666 2810 sub
680 2782 750 2821 qua
764 2774 1049 2812 Reverendifliml
1065 2775 1134 2811 ΡΡ.
1152 2773 1311 2818 Magistri
1323 2769 1512 2810 Generales
1529 2771 1668 2807 Patrum
1684 2764 1978 2803 Conventuallum
1991 2762 2122 2799 nostros
2137 2761 2203 2818 1³13.
2215 2759 2375 2798 Vicarios
2388 2763 2462 2799 Ge·

420 2821 561 2865 uenies,
575 2822 595 2856 ὲ
611 2833 770 2870 tempore
787 2823 892 2872 hujus
907 2823 1185 2861 constitutionis
1200 2823 1304 2871 usque
1317 2821 1359 2858 ad
1376 2820 1472 2858 Pauli
1492 2818 1540 2854 V.
1557 2815 1803 2853 Pontificatum
1814 2838 1827 2857 ‚
1837 2825 1908 2860 quo
1923 2812 2026 2849 ordo
2038 2812 2188 2860 abdomm
2209 2811 2277 2847 ΡΡ.
2293 2811 2461 2852 Conven-

320 2858 472 2907 suanum
486 2869 711 2917 dependentia
723 2871 790 2910 fuit
802 2881 991 2921 exemptus
999 2898 1012 2919 ‚
1042 2872 1248 2910 confirmare
1259 2870 1435 2915 solebant,
1456 2866 1524 2905 fuit
1534 2863 1704 2903 ordinarie
1717 2863 1844 2901 tenoris
1858 2860 2026 2909 sequentis
2038 2885 2048 2896 .

423 2967 466 3004 ln
482 2966 613 3016 Christo
629 2970 725 3006 nobis
739 2969 921 3019 chariffimo
937 2968 1141 3008 Venerabili
1156 2969 1262 3008 Patri
1280 2966 1402 3005 Fratri
1425 2963 1479 3004 N
1506 2960 1562 3003 N.
1579 2961 1729 2999 Ordinis
1753 2957 1918 2996 Fratrum
1931 2956 2142 3015 Jylinorum
2171 2956 2459 3005 Caput-inarum.»

321 3018 604 3062 ¹«itanc-apatoruna
618 3041 630 3060 ‚
649 3017 707 3055 Fr.
722 3018 776 3057 Ν.
791 3018 846 3059 Ν.
862 3020 969 3057 totius
984 3020 1135 3058 Ordtnis
1149 3017 1359 3060 Mnorum
1375 3010 1667 3055 conventualium
1680 3007 1861 3050 Generalis
1874 3005 2040 3057 Magister
2053 3031 2067 3052 ‚
2093 3018 2134 3042 ac
2158 3008 2294 3046 Servus
2311 3004 2459 3054 salutent

325 3066 417 3105 dicit
429 3067 467 3101 in
481 3076 517 3101 eo
530 3090 545 3110 ‚
569 3067 631 3114 qui
643 3067 686 3116 est
699 3069 845 3106 omnium
859 3068 965 3107 salus
978 3095 989 3107 .

425 3113 513 3151 Cum
536 3114 806 3154 intellexerimus
821 3126 885 3166 per
899 3119 1038 3155 Literas
1051 3115 1335 3155 Reverendorum
1347 3115 1494 3155 Parrum
1508 3112 1558 3151 Di
1591 3110 1742 3147 nitorum
1757 3103 1912 3155 Capituli
1932 3114 1999 3141 tute
2015 3102 2300 3151 Congregationis
2312 3122 2325 3145 ,
2351 3113 2374 3136 n

321 3165 365 3201 in
381 3163 540 3201 civitate
553 3161 607 3203 N,
625 3164 788 3207 celebrati
800 3191 814 3212 ,
835 3166 1020 3203 direfiiivas
1037 3165 1241 3204 Venerando
1254 3166 1360 3204 Patri
1377 3162 1497 3201 Fratri

2375 3112 2398 3137 u
2422 3113 2459 3138 er

1555 3186 1565 3197 .
1579 3156 1634 3197 N.
1646 3156 1872 3197 Procuratori
1888 3156 1927 3190 in
1944 3153 2054 3191 Curia
2077 3151 2234 3189 Romana
2246 3174 2259 3192 ‚
2277 3149 2366 3198 quad
2380 3109 2462 3186 fia·

324 3222 397 3253 tres
410 3213 465 3249 tui
483 3213 534 3248 lbi
551 3216 752 3261 congregati
763 3240 778 3260 ,
805 3215 850 3251 ad
869 3226 950 3262 quos
960 3214 1018 3264 jus
1031 3214 1076 3252 eli
1101 3215 1182 3252 endi
1188 3214 1362 3262 spefiiabat
1374 3238 1389 3257 ,
1403 3211 1557 3260 servatis
1570 3206 1723 3244 omnibus
1735 3228 1748 3247 ‚
1773 3201 1964 3253 &singulis
1976 3225 1988 3245 ,
2014 3213 2087 3250 quae
2101 3204 2140 3237 in
2156 3197 2381 3237 EleFiionibus
2395 3200 2423 3235 S
2426 3210 2461 3234 u-

319 3263 498 3312 periorum
513 3259 533 3297 ὰ
547 3253 790 3310 vobisfirvari
796 3263 902 3313 filisa
909 3263 998 3312 sunt
1010 3289 1023 3308 ‚

1079 3275 1096 3300 e
1110 3264 1148 3298 in
1160 3274 1274 3300 eorum
1289 3261 1328 3300 V
1323 3263 1469 3299 icarium
1481 3255 1681 3298 Generalem
1692 3251 1882 3301 delegerint
1895 3276 1908 3297 ‚
1914 3251 2041 3300 summo
2050 3249 2176 3299 perfusi
2178 3249 2296 3298 sumus
2305 3247 2435 3295 gaudio
2446 3272 2461 3291 ,

324 3309 557 3358 &spirituali
569 3311 792 3363 consolatione
804 3337 817 3356 s
844 3322 948 3360 atque
960 3314 1032 3350 Deo
1048 3312 1186 3359 Optimo
1205 3311 1359 3350 Maximo
1370 3336 1384 3356 ,
1407 3310 1450 3352 &⁴
1465 3309 1569 3346 Beato
1585 3305 1690 3344 Patri
1705 3300 1830 3352 Nostro
1841 3299 2018 3349 Francisco
2026 3300 2163 3347 gratias
2177 3299 2304 3344 egimus
2315 3320 2328 3340 ,
2352 3308 2390 3331 ea
2400 3295 2461 3344 spo

323 3358 418 3394 duffii
433 3384 445 3403 2
471 3369 513 3396 ut
525 3371 566 3397 ex
577 3369 639 3397 tua
654 3361 949 3413 administratione
961 3387 976 3407 ,
1000 3362 1044 3404 ἐς·
1050 3359 1148 3409 fideli
1163 3362 1329 3408 regimine
1345 3384 1361 3406 ,
1382 3370 1450 3396 non
1457 3355 1564 3407 solum
1575 3349 1880 3409 tuumfiadalitium
1891 3375 1907 3396 ,
1926 3347 1989 3397 sed
2003 3346 2167 3396 universa
2187 3347 2291 3403 etiarn
2317 3356 2358 3379 no
2417 3394 2424 3401 ·

1389 3406 1618 3508 {gamobrem
1641 3413 1708 3438 non
1721 3400 1783 3452 mfi
1796 3399 1942 3437 libenter
1955 3423 1969 3443 ‚
1993 3397 2036 3439 &⁶
2045 3405 2196 3452 prompta
2208 3405 2319 3430 ammo
2333 3405 2349 3429 e
2364 3392 2458 3429 efflo-

1426 3466 1464 3494 at

326 3404 558 3455 franciscana
578 3407 716 3458 Religio
736 3410 925 3459 plurimum
937 3411 1039 3447 decus
1054 3410 1098 3460 fit
1122 3409 1342 3457 consecutura
1356 3435 1366 3446 .

328 3465 406 3488 ”em
420 3456 457 3489 3²¹
470 3457 645 3505 Personam
657 3469 753 3496 tuam
756 3460 883 3509 fafiiam
896 3460 1081 3509 approbare
1093 3482 1106 3502 ‚
1133 3458 1175 3499 ἐς·
1190 3469 1250 3493 con
1276 3469 1387 3494 rmare
2021 3496 2029 3503 ·

1243 3457 1331 3543 fieri.
1344 3506 1453 3544 Patre
1466 3503 1590 3542 Fratre
1605 3498 1660 3540 N.
1673 3499 1902 3539 Procuratore
1914 3519 1926 3541 ,
1941 3506 2073 3530 nomine
2089 3491 2370 3529 Reverendorum
2391 3490 2457 3528 Pa-

327 3501 376 3541 &
385 3501 486 3549 juxta
494 3506 636 3560 ‘Literas
650 3507 856 3560 Apostolicas
870 3533 883 3553 ‚
895 3519 998 3557 atque
1012 3502 1228 3594 asgradffi‘o

331 3557 427 3587 trum
452 3551 684 3599 Diffinitorum
695 3583 710 3603 ,
734 3559 779 3601 ὼ·
801 3560 907 3595 totius
929 3557 1032 3608 vestri

2386 3357 2460 3380 ra.)

1463 3457 1578 3493 ulmus
1592 3466 1602 3490 ι
1629 3451 1672 3492 &¹
1683 3451 1734 3486 ita
1742 3458 1804 3498 per
1818 3449 1939 3486 harum
1951 3445 2137 3496 nostrarum
2150 3455 2222 3479 vim
2233 3467 2246 3487 ,
2273 3443 2315 3484 ὠ·
2330 3443 2435 3478 robur
2446 3465 2459 3485 ,

1087 3553 1212 3602 apiculi
1225 3553 1279 3594 N.
1292 3553 1479 3602 supplicati
1493 3577 1507 3597 ‚
1523 3551 1572 3589 Te
1582 3548 1760 3601 praefatum
1772 3571 1785 3592 ,
1803 3546 1900 3595 cujus
1910 3545 2115 3593 probitatem
2129 3566 2142 3586 ‚
2163 3542 2206 3582 «θ’
2220 3542 2300 3577 vitae
2311 3539 2456 3586 integri-

328 3607 437 3637 tatem
451 3601 510 3648 ipsi
519 3605 673 3642 novimus
689 3632 702 3651 ,
727 3607 948 3657 approbamus
960 3631 974 3651 ,
996 3607 1040 3648 ὠ
1051 3604 1283 3654 confirmamus
1295 3605 1335 3639 in
1349 3602 1388 3642 V
1383 3605 1530 3640 icarium
1543 3597 1742 3639 Generalem
1754 3597 1860 3654 fotius
1875 3593 2024 3630 Ordinis
2048 3592 2300 3648 Cap‘ucs'nprum
2315 3613 2330 3634 ,
2347 3599 2456 3624 cunm

331 3650 423 3702 omni
437 3660 476 3684 ea
481 3649 652 3696 facultate
667 3678 678 3694 ,
701 3656 912 3741 &wiffare
921 3681 933 3701 ‚
949 3668 1016 3705 qua
1032 3648 1285 3702 Praedeceffisres
1299 3655 1353 3690 tui
1368 3653 1408 3689 de
1418 3652 1498 3701 jure
1512 3648 1668 3686 haetenus
1675 3645 1786 3695 gavisi
1787 3643 1874 3705 [un-t
1885 3668 1897 3687 ,
1913 3640 2127 3698 concedentes
2144 3640 2207 3676 tibi
2223 3650 2316 3674 vices
2330 3633 2455 3718 κομιζαὲ

323 3698 430 3747 Juper
442 3708 552 3734 ‘’mnes
564 3723 576 3742 9
595 3701 785 3750 &fingulos
826 3715 938 3743 ratres
950 3704 1096 3756 ejusdem
1109 3703 1164 3741 tui
1179 3701 1328 3740 Ordinis
1342 3727 1355 3746 ,
1379 3703 1499 3738 tamin
1512 3697 1693 3746 Capitibus
1706 3719 1718 3740 ,
1737 3705 1836 3740 quam
1848 3705 1887 3728 in
1902 3691 2057 3727 membris
2071 3714 2084 3733 ‚
2106 3699 2147 3725 at
2156 3687 2246 3737 poffis
2257 3698 2308 3722 eos
2322 3685 2388 3734 pub
2403 3695 2433 3718 sc

331 3745 556 3793 &privatim
569 3750 704 3798 vifimre
719 3775 732 3793 s
756 3755 929 3792 corripere
942 3777 957 3798 ‚
979 3755 1173 3791 examinare
1187 3777 1201 3797 ‚
1217 3752 1345 3800 punire
1360 3775 1372 3795 ‚
1396 3745 1655 3786 contradittores
1682 3752 1741 3789 per
1764 3742 1946 3797 censuras,

332 3795 580 3837 wmmunicare
594 3820 608 3842 τ
631 3798 799 3848 abst’Ivere
816 3825 829 3848 ³
844 3791 1065 3845 ‘incarcerare
1077 3827 1092 3851 ,
1113 3802 1156 3848 ξς·
1176 3804 1197 3839 a
1212 3800 1407 3843 carceribus
1419 3797 1567 3853 liberare
1580 3817 1594 3843 ‚
1617 3792 1791 3849 instituere
1803 3816 1817 3839 ,
1841 3788 2018 3845 destituere
2033 3810 2048 3835 ,

1971 3739 2014 3780 &¹
2033 3747 2148 3787 poenas
2163 3761 2174 3780 ‚
2198 3745 2346 3771 coercere
2363 3755 2376 3775 ‚
2402 3742 2456 3786 εξε-

2072 3784 2401 3881 δοηενεὲαιίοέξιῖἶ
2411 3788 2453 3821 <2³
