2658 4244
31 1817 155 1862 Libellus
161 1819 229 1861 Sup-

29 1863 97 1900 plex
110 1878 119 1890 ο

324 255 471 321 168

313 361 465 400 Datum
492 355 630 400 Romae
651 354 756 414 apud
780 360 820 402 S.
837 358 1002 401 Petrum
1028 357 1095 399 sub
1120 361 1284 404 Annulo

254 415 470 459 Piscatoris
498 416 566 458 die
583 418 1148 472 vtrr.AugustiMDccxxrv.
1175 422 1283 463 Pon-

256 473 432 520 tificatus
447 474 583 520 Nostri
595 478 717 521 Anno
730 477 870 523 Primo
881 506 894 519 .

747 599 798 642 F.
816 597 934 641 Card.
954 596 1144 642 oliverius
1159 624 1172 639 .

969 726 1240 792 ΝΟ

877 239 1040 330 Sub
1101 241 1642 349 BenedmotX
1639 243 1768 331 III.

1400 350 1648 418 Autogrbpb.
1673 370 1715 405 in
1742 358 1912 403 Archivo'
1936 362 2081 401 secreti
2111 357 2226 403 Brev.
2254 367 2384 421 Apoll.

1457 425 1552 477 Reg.
1571 425 1674 477 Aug.
1698 433 1814 470 1727.
1819 419 2000 477 fol.649.
2016 418 2060 458 de
2072 431 2146 472 quo
2163 423 2383 480 Bra-vesor-

1461 490 1561 522 mat.
1592 484 1635 522 in
1663 479 1832 525 Archivo
1839 478 2020 537 generali
2035 478 2193 521 Ordinis
2213 480 2397 543 TomQ

1461 551 1567 582 num.
1587 554 1606 596 3
1617 550 1654 590 7.

1372 726 1669 791 TA.

255 871 394 961 AD
418 867 663 909 sollicitandas·
673 870 770 909 hasce
796 870 928 908 Literas
955 867 1177 916 Apostolicas
1203 866 1370 913 compulit
1394 869 1434 904 P.
1449 869 1715 905 Procuratorem
1741 869 1954 907 Generalem
1982 871 2106 907 nimius
2130 870 2386 908 Conventuum

373 919 628 965 particularium
644 920 688 956 ad
713 920 858 957 Curiam
886 920 1080 956 Romanam
1107 915 1287 959 recursus,
1313 927 1383 963 quo
1408 915 1613 962 Apostolica
1637 918 1756 953 Libros
1782 918 1922 955 inutiles
1946 921 1981 956 &
2013 920 2202 966 superfluos
2239 929 2390 956 commu-

250 967 346 1004 tandi
371 966 512 1004 facultas
539 969 761 1015 poicebatur.
794 967 875 1005 lnde
892 990 905 1010 ,
927 978 1006 1002 cum
1028 962 1211 999 neceffitati
1232 963 1305 1010 jam
1330 963 1538 1008 generaliter
1568 964 1741 1007 provisum
1762 965 1800 999 fit
1816 989 1831 1008 ‚
1858 969 1992 1006 nullum
2019 968 2127 1004 Breve
2157 991 2170 1010 ‚
2205 968 2300 1015 quod
2328 978 2394 1015 pro

253 1016 451 1063 particulari
478 1016 692 1052 Bibliotheca
718 1017 899 1052 obtentum
919 1014 990 1057 est,
1018 1014 1163 1054 Tom0,
1189 1011 1458 1048 Provinciarum
1486 1010 1602 1045 Bullas
1626 1011 1660 1045 8(
1686 1010 1809 1045 Brevia
1838 1015 2082 1059 complectenti
2119 1014 2306 1060 inseretur,
2330 1014 2392 1053 nist

249 1063 400 1112 specialis
431 1064 466 1099 id
491 1064 743 1109 exigat1ratio;
762 1063 970 1110 praesertim,
998 1072 1075 1098 cum
1098 1060 1180 1095 talia
1199 1059 1324 1096 Brevia
1346 1059 1590 1106 particularia,
1614 1057 1783 1094 Brevibus
1808 1060 2011 1102 generaliter
2036 1062 2163 1097 Ordini
2189 1063 2273 1100 datis
2290 1088 2303 1106 ,
2333 1063 2395 1099 ali-

253 1112 390 1158 quoties
419 1110 665 1157 praejudicent,
689 1113 857 1166 a‘alias
881 1111 1132 1157 supervacanea
1152 1107 1218 1146 lint
1233 1133 1244 1144 .
1270 1108 1528 1155 Praeterquam,
1554 1107 1650 1156 quod
1684 1117 1807 1143 eorum
1847 1107 2025 1155 expeditio
2065 1108 2242 1147 Ministros
2273 1112 2393 1148 Curiae

249 1172 350 1208 aequo
374 1158 497 1195 afficiat
520 1157 619 1194 taedio
631 1159 700 1195 &c-

277 1288 512 1304 ——1

251 1384 396 1452 Qod
428 1390 606 1436 Fratres
637 1385 860 1447 Infirmi,
902 1388 1214 1458 Indulgentias
1248 1389 1294 1439 in

287 1458 470 1506 Sacello
518 1457 854 1508 Valetudinarii
891 1461 1061 1508 lucrari
1090 1457 1293 1525 poffint,

285 1525 527 1576 concedit.

529 1664 788 1732 fBeatiffi'me
832 1667 977 1717 ‘Pater
997 1701 1008 1716 .

356 1793 592 1835 Rocurator
618 1792 838 1836 Generalis
857 1795 1162 1851 Capucinorum
1193 1799 1292 1840 San-

367 1851 496 1893 &itati
515 1852 664 1893 Vestrae
692 1852 902 1894 humiliter
926 1856 1127 1911 exponit,
1154 1855 1262 1911 quod
1278 1883 1293 1906 2

249 1925 342 1952 cum
360 1913 526 1953 fratres
543 1908 698 1952 Infirmi
715 1912 755 1952 &
768 1911 1112 1957 convalescentes
1126 1912 1149 1954 ὂ
1165 1909 1293 1956 Vale-

248 1968 458 2012 tudinario
483 1969 699 2023 aliquoties
727 1983 804 2012 non
819 1970 963 2025 poffint
981 1971 1229 2014 descendere
1244 1971 1295 2014 ad

249 2025 474 2070 Ecclefiam
490 2025 732 2070 Conventus
747 2056 761 2079 ‚
779 2029 923 2083 privati
939 2040 1132 2073 maneant
1154 2030 1296 2075 Indul-

251 2087 418 2142 gentiis,
433 2087 500 2141 qui
514 2086 574 2126 ibi
585 2086 868 2142 acquiruntur,
882 2089 992 2130 &ita
1006 2087 1300 2142 inferioris‚seu

249 2146 291 2187 in
303 2142 503 2187 felicioris
521 2143 766 2186 conditionis
778 2147 978 2198 existant,
1002 2147 1119 2204 quam
1131 2152 1296 2193 Fratres

251 2202 333 2247 sani
350 2233 365 2257 ,
389 2205 457 2261 qui
476 2201 638 2262 aequein
652 2204 851 2262 propriis,
874 2220 920 2250 ac
948 2206 1118 2253 aliorum
1148 2209 1297 2252 Eccle-

966 2335 1038 2399 N
1170 2341 1238 2404 Ο

1354 1384 1416 1427 fiis
1445 1384 1496 1428 ad
1525 1385 1629 1427 hunc
1659 1382 1845 1425 effestum
1876 1383 1916 1426 se
1952 1381 2176 1427 transferre
2209 1383 2396 1439 possunt.

1352 1446 1618 1499 Qapropter
1656 1443 1859 1484 charitate
1901 1455 1997 1497 erga
2037 1440 2227 1485 Infirmos
2259 1452 2393 1484 motus

1355 1502 1566 1543 §anelitati
1596 1500 1743 1541 Vestrae
1773 1499 1994 1555 supplicat,
2022 1510 2218 1556 quatenus
2249 1514 2398 1543 conce-

1354 1557 1453 1602 dere
1467 1558 1658 1613 dignetur
1673 1585 1686 1607 ,
1712 1566 1754 1597 ut
1772 1560 1936 1600 Fratres
1953 1556 2177 1613 hujusmodi
2194 1557 2393 1600 visitando

1353 1616 1560 1658 Sacellum
1576 1613 1787 1656 lufirmarii
1804 1643 1819 1664 ,
1843 1616 1998 1672 aliaque
2013 1615 2241 1671 praescripta
2269 1626 2395 1672 opera

1352 1670 1588 1726 peragendo
1611 1699 1625 1720 ‚
1660 1671 1809 1711 lucrari
1833 1673 1977 1726 poffint
2002 1687 2144 1715 omnes
2169 1674 2395 1730 Indulgen-

1351 1731 1455 1779 tias,
1482 1742 1566 1784 quae
1594 1726 1811 1769 succeffi'vo
1841 1739 2029 1785 tempore
2055 1730 2097 1773 in
2120 1730 2285 1773 Ordinis
2313 1733 2398 1775 Ec-

1351 1787 1479 1830 clessis
1494 1785 1671 1828 obtineri
1687 1783 1842 1839 possunt
1855 1816 1867 1828 .

1414 1849 1550 1906 Qam
1579 1843 1750 1899 gratiam
1781 1845 1860 1887 &c.

1475 1965 1736 2014 Annuimus
1754 1962 1828 2012 die
1845 1979 1924 2025 24.
1946 1964 2099 2030 April.
2122 1982 2209 2023 171
2222 1983 2268 2028 5.

1533 2082 1795 2133 ‘BenediHus
1831 2082 1961 2149 ‘Papa
1996 2080 2160 2135 XIII.

1418 2217 1529 2271 Orig.
1546 2214 1589 2256 in
1604 2212 1827 2269 Aah-gen.
1851 2215 1955 2257 Tom.
1970 2214 2148 2269 Qnum.
2161 2223 2230 2268 39.

1371 2342 1678 2408 TA.

255 2473 335 2562 C
350 2477 422 2514 Um
444 2477 557 2536 aufem
580 2480 706 2516 infirmi
727 2482 858 2518 Fratres
878 2479 1064 2527 aliquando
1087 2482 1214 2526 degant
1236 2484 1272 2520 in
1297 2485 1386 2523 locis
1401 2509 1414 2530 ‚
1434 2487 1493 2524 ubi
1510 2488 1738 2525 infirmarium
1765 2501 1841 2527 cum
1866 2487 2013 2526 Ecclesia
2036 2489 2174 2536 propria
2190 2498 2259 2524 non
2274 2495 2395 2532 extat,

362 2534 423 2562 aut
448 2529 534 2565 alias
559 2527 605 2564 ita
630 2530 778 2573 graviter
801 2527 1031 2574 decumbant,
1059 2541 1098 2566 ut
1122 2531 1141 2567 ὃ
1168 2534 1254 2568 cella
1277 2536 1367 2572 exire
1393 2547 1563 2578 nequeant
1581 2563 1591 2577 ‚
1613 2537 1678 2573 fuit
1715 2538 1757 2573 ad
1794 2549 1907 2573 novas
1939 2535 2115 2573 instantias
2137 2538 2157 2572 ὲ
2180 2534 2394 2574 Sanffiffimo

256 2575 353 2622 Papa
374 2576 483 2619 gratia
509 2577 697 2624 ampliata,
719 2579 754 2614 8<
770 2576 959 2615 concessum
976 2602 988 2622 ‚
1008 2588 1046 2614 ut
1067 2588 1138 2615 tam
1166 2581 1297 2621 Fratres
1318 2585 1419 2632 quam
1447 2584 1623 2623 Moniales
1650 2586 1685 2622 in
1707 2585 1832 2623 talibus
1862 2585 1991 2623 cafibus
2022 2585 2061 2622 in
2085 2584 2182 2622 cellis
2211 2583 2399 2629 lndulgcn-

255 2622 321 2660 tias
342 2623 467 2660 lucrari
485 2626 651 2672 possent,
675 2637 779 2674 prout
794 2624 917 2664 videre
941 2627 990 2665 est
1013 2629 1081 2675 seq·
1111 2628 1173 2665 fol.
1206 2643 1282 2678 ¹70·

287 2752 1102 2776 —m-—W

257 2851 370 2901 Non
389 2847 593 2901 obstante
630 2855 756 2904 Anni
775 2854 964 2924 Jubilaei
990 2863 1192 2929 generali
1222 2866 1295 2911 In-

291 2919 637 2988 dulgentiarum
654 2923 937 2994 suspensione
946 2964 963 2987 ,
978 2929 1294 3000 Indulgentias
1344 2931 1376 2978 P

294 3006 384 3058 pro
399 2987 593 3041 secunda
605 2995 677 3043 die
691 2995 993 3067 Augusti,pro
1009 2998 1127 3051 festis
1143 3004 1296 3055 Sanffi

295 3059 651 3121 P.Francisci,ac
666 3069 995 3136 Conceptionis
1011 3076 1296 3125 B.V.Mariae

297 3133 614 3183 Immaculatae
649 3135 695 3182 in
709 3137 916 3188 Ecclefiis
947 3144 1298 3196 provinciarum

298 3203 766 3257 Ultramontanarum
799 3211 970 3275 acquiri
1006 3213 1125 3280 poffe
1148 3215 1300 3268 indul-

296 3286 376 3341 get
390 3308 403 3323 .

380 3411 695 3468 Sanffiffimus
730 3419 960 3474 Dominus
995 3420 1188 3475 Noster.'

268 3540 858 3607 'BENEDICTUS
904 3554 1077 3603 PAPA
1112 3556 1266 3605 XIII.

270 3672 391 3784 A
405 3672 445 3711 D
460 3671 705 3720 humillimas
718 3652 1025 3737 subplicationes
1038 3685 1085 3726 P.
1101 3686 1304 3729 Procura-

325 3787 332 3794 .
422 3731 521 3772 toris
536 3763 553 3784 ,
582 3736 622 3775 &
635 3740 897 3785 commissarii
909 3742 1122 3785 Generalis
1137 3744 1302 3787 Ordinis

273 3789 478 3833 Minor-um
495 3791 794 3855 Capucinorurn
815 3801 948 3843 saneti
971 3802 1197 3855 Francisc1‚
1227 3805 1300 3847 In-

1353 2861 1475 2905 dulfit
1490 2891 1506 2914 ‚
1538 2863 1641 2903 utin
1654 2860 1824 2904 omnibus
1841 2859 2013 2916 Ecclcfit's
2027 2863 2116 2904 FF.
2140 2861 2300 2905 Ordinis
2315 2863 2399 2902 Ca-

1378 2925 1580 2964 ucinorum
1607 2922 1901 2962 Provincias-um
1930 2922 2153 2962 Germania.-
2173 2948 2188 2971 ‚
2237 2919 2402 2960 Gallia-

1352 2993 1442 3024 rum
1457 3011 1471 3031 ,
1507 2979 1561 3030 ὠν
1591 2978 1872 3036 Hstaniarum
1896 2990 1908 3018 ε
1942 2981 2106 3034 exceptis
2145 2987 2276 3020 tamen
2309 2977 2405 3025 illir-

1356 3037 1528 3096 Ecclesiis
1541 3067 1555 3090 ,
1587 3036 1775 3096 quaesc’mt
1802 3040 1844 3079 in
1873 3036 2105 3091 Dioecestbus
2134 3037 2364 3077 Galliarum
2377 3062 2394 3082 ‚

1357 3112 1526 3155 quarum
1543 3095 1819 3154 Epiftopifhnt
1836 3091 2086 3150 Refraflarn·
2100 3120 2115 3142 -,
2149 3094 2306 3146 acquiri
2324 3104 2396 3132 va-

1357 3160 1436 3200 leat
1451 3157 1697 3212 Indulgentia
1715 3154 1895 3196 Plenam
1900 3160 1978 3205 pro
1994 3149 2233 3207 drestccmda
2250 3148 2405 3204 Mensis,

1361 3215 1529 3272 Augusti
1542 3242 1556 3264 ‚
1574 3222 1650 3269 pro
1665 3211 1774 3268 Festo
1790 3209 1925 3253 Sanffl
1945 3208 2152 3268 Francisci
2172 3209 2215 3250 de
2238 3204 2363 3265 Affislo
2379 3236 2395 3258 ‚

1358 3287 1404 3318 ac
1425 3283 1499 3329 pro
1524 3271 1633 3330 Festo
1651 3271 1913 3326 Conceptiom's
1930 3273 1980 3310 B.
1994 3272 2143 3313 Μανία,-
2175 3269 2279 3322 Wrg.
2319 3268 2399 3308 Im-

1358 3333 1657 3383 maculataefflon
1669 3329 1842 3388 obstante
1853 3328 2067 3385 universali
2066 3325 2316 3383 sbspenstone
2330 3327 2396 3367 In-

1359 3392 1653 3448 dulgentiarum
1666 3419 1678 3434 .
1705 3393 1786 3434 Die
1804 3403 1865 3433 tx.
1880 3389 2001 3441 ‘junii
2010 3398 2238 3428 Moccxxv.

1483 3507 1635 3567 Cosmus
1647 3509 1693 3550 dc
1710 3506 1952 3561 Hieronymis
1968 3477 2235 3546 Secretarius'.

1362 3631 1494 3672 Locus
1508 3627 1565 3683 »Β
1583 3625 1713 3682 sigilli
1730 3653 1741 3665 .

1421 3748 1534 3801 orig.
1548 3744 1591 3787 in
1605 3741 1820 3796 Arch.gen.
1837 3741 1933 3785 ord.
1954 3743 1991 3786 T
1985 3753 2056 3783 om.
2070 3720 2246 3799 Quum.
2264 3750 2334 3792 41-

2235 3856 2335 3898 NO-
