<?xml version="1.0" encoding="UTF-8"?>
<!DOCTYPE html PUBLIC "-//W3C//DTD XHTML 1.0 Transitional//EN"
    "http://www.w3.org/TR/xhtml1/DTD/xhtml1-transitional.dtd">
<html xmlns="http://www.w3.org/1999/xhtml" xml:lang="en" lang="en">
 <head>
  <title>
</title>
<meta http-equiv="Content-Type" content="text/html;charset=utf-8" />
  <meta name='ocr-system' content='tesseract 3.04.00' />
  <meta name='ocr-capabilities' content='ocr_page ocr_carea ocr_par ocr_line ocrx_word'/>
</head>
<body>
  <div class='ocr_page' id='page_1' title='image "./bullariumordinis01cath_0153.png"; bbox 0 0 2658 4244; ppageno 0'>
   <div class='ocr_carea' id='block_1_1' title="bbox 901 219 1745 338">
    <p class='ocr_par' dir='ltr' id='par_1_1' title="bbox 901 219 1745 338">
     <span class='ocr_line' id='line_1_1' title="bbox 901 219 1745 338; baseline -0.011 -22"><span class='ocrx_word' id='word_1_1' title='bbox 901 219 1088 316; x_wconf 67' lang='lat' dir='ltr'>sSub</span> <span class='ocrx_word' id='word_1_2' title='bbox 1148 227 1465 338; x_wconf 62' lang='lat' dir='ltr'>Urbano</span> <span class='ocrx_word' id='word_1_3' title='bbox 1532 227 1745 313; x_wconf 91' lang='lat' dir='ltr'><em>VIII.</em></span> 
     </span>
    </p>
   </div>
   <div class='ocr_carea' id='block_1_2' title="bbox 265 342 1306 701">
    <p class='ocr_par' dir='ltr' id='par_1_2' title="bbox 267 342 1305 404">
     <span class='ocr_line' id='line_1_2' title="bbox 267 342 1305 404; baseline -0.01 -1"><span class='ocrx_word' id='word_1_4' title='bbox 267 359 270 369; x_wconf 81' lang='grc'>”</span> <span class='ocrx_word' id='word_1_5' title='bbox 314 352 473 404; x_wconf 78' lang='lat' dir='ltr'>nostris</span> <span class='ocrx_word' id='word_1_6' title='bbox 490 345 775 401; x_wconf 82' lang='lat' dir='ltr'>Bibliothecis</span> <span class='ocrx_word' id='word_1_7' title='bbox 801 347 1035 403; x_wconf 83' lang='lat' dir='ltr'>extrahat,</span> <span class='ocrx_word' id='word_1_8' title='bbox 1071 342 1118 393; x_wconf 68' lang='grc' dir='ltr'>ὃς</span> <span class='ocrx_word' id='word_1_9' title='bbox 1145 350 1195 396; x_wconf 90' lang='grc' dir='ltr'>Ρ.</span> <span class='ocrx_word' id='word_1_10' title='bbox 1216 347 1305 394; x_wconf 88' lang='lat' dir='ltr'>Mi-</span> 
     </span>
    </p>

    <p class='ocr_par' dir='ltr' id='par_1_3' title="bbox 265 413 1306 481">
     <span class='ocr_line' id='line_1_3' title="bbox 265 413 1306 481; baseline -0.01 -9"><span class='ocrx_word' id='word_1_11' title='bbox 265 422 271 481; x_wconf 62' lang='lat' dir='ltr'><em>f</em></span> <span class='ocrx_word' id='word_1_12' title='bbox 313 423 452 472; x_wconf 87' lang='lat' dir='ltr'>nistro</span> <span class='ocrx_word' id='word_1_13' title='bbox 474 422 744 472; x_wconf 84' lang='lat' dir='ltr'>Provinciali</span> <span class='ocrx_word' id='word_1_14' title='bbox 764 455 778 476; x_wconf 88' lang='lat'>‚</span> <span class='ocrx_word' id='word_1_15' title='bbox 796 416 842 468; x_wconf 71' lang='grc' dir='ltr'>ὅ(</span> <span class='ocrx_word' id='word_1_16' title='bbox 858 413 1193 466; x_wconf 82' lang='lat' dir='ltr'>Diffinitoribus</span> <span class='ocrx_word' id='word_1_17' title='bbox 1212 416 1306 463; x_wconf 90' lang='lat' dir='ltr'>uni-</span> 
     </span>
    </p>

    <p class='ocr_par' dir='ltr' id='par_1_4' title="bbox 267 484 1305 701">
     <span class='ocr_line' id='line_1_4' title="bbox 267 484 1305 544; baseline -0.01 -1"><span class='ocrx_word' id='word_1_18' title='bbox 267 535 270 538; x_wconf 40' lang='lat'><strong>&lt;</strong></span> <span class='ocrx_word' id='word_1_19' title='bbox 313 497 396 543; x_wconf 90' lang='lat' dir='ltr'>tim</span> <span class='ocrx_word' id='word_1_20' title='bbox 425 493 688 543; x_wconf 71' lang='lat' dir='ltr'>facultatem</span> <span class='ocrx_word' id='word_1_21' title='bbox 707 487 866 539; x_wconf 87' lang='lat' dir='ltr'>tribuit</span> <span class='ocrx_word' id='word_1_22' title='bbox 881 522 898 544; x_wconf 90' lang='lat'><strong>,</strong></span> <span class='ocrx_word' id='word_1_23' title='bbox 930 484 1089 534; x_wconf 89' lang='lat' dir='ltr'>Libros</span> <span class='ocrx_word' id='word_1_24' title='bbox 1122 485 1305 533; x_wconf 86' lang='lat' dir='ltr'>inutiles</span> 
     </span>
     <span class='ocr_line' id='line_1_5' title="bbox 311 554 1304 622; baseline -0.01 -8"><span class='ocrx_word' id='word_1_25' title='bbox 311 583 420 613; x_wconf 88' lang='lat' dir='ltr'>cum</span> <span class='ocrx_word' id='word_1_26' title='bbox 438 563 613 613; x_wconf 85' lang='lat' dir='ltr'>licentia</span> <span class='ocrx_word' id='word_1_27' title='bbox 629 560 834 607; x_wconf 85' lang='lat' dir='ltr'>dantium</span> <span class='ocrx_word' id='word_1_28' title='bbox 851 592 866 614; x_wconf 94' lang='lat'><strong>,</strong></span> <span class='ocrx_word' id='word_1_29' title='bbox 893 557 968 605; x_wconf 88' lang='lat' dir='ltr'>vel</span> <span class='ocrx_word' id='word_1_30' title='bbox 984 554 1212 604; x_wconf 85' lang='lat' dir='ltr'>haeredum</span> <span class='ocrx_word' id='word_1_31' title='bbox 1225 572 1304 622; x_wconf 87' lang='lat' dir='ltr'>per</span> 
     </span>
     <span class='ocr_line' id='line_1_6' title="bbox 312 624 1085 701; baseline -0.018 -15"><span class='ocrx_word' id='word_1_32' title='bbox 312 634 540 701; x_wconf 86' lang='lat' dir='ltr'>Syndicos</span> <span class='ocrx_word' id='word_1_33' title='bbox 555 635 600 680; x_wconf 86' lang='lat' dir='ltr'>in</span> <span class='ocrx_word' id='word_1_34' title='bbox 619 630 750 678; x_wconf 86' lang='lat' dir='ltr'>utiles</span> <span class='ocrx_word' id='word_1_35' title='bbox 767 624 1085 695; x_wconf 79' lang='lat' dir='ltr'>permutandi.</span> 
     </span>
    </p>
   </div>
   <div class='ocr_carea' id='block_1_3' title="bbox 358 757 1234 816">
    <p class='ocr_par' dir='ltr' id='par_1_5' title="bbox 358 757 1234 816">
     <span class='ocr_line' id='line_1_7' title="bbox 358 757 1234 816; baseline -0.006 -7"><span class='ocrx_word' id='word_1_36' title='bbox 358 757 756 816; x_wconf 85' lang='lat' dir='ltr'>URBANUS</span> <span class='ocrx_word' id='word_1_37' title='bbox 803 757 1007 806; x_wconf 90' lang='lat' dir='ltr'>PAPA</span> <span class='ocrx_word' id='word_1_38' title='bbox 1053 757 1234 805; x_wconf 85' lang='lat' dir='ltr'>VIII.</span> 
     </span>
    </p>
   </div>
   <div class='ocr_carea' id='block_1_4' title="bbox 398 883 1120 941">
    <p class='ocr_par' dir='ltr' id='par_1_6' title="bbox 398 883 1120 941">
     <span class='ocr_line' id='line_1_8' title="bbox 398 883 1120 941; baseline -0.007 -12"><span class='ocrx_word' id='word_1_39' title='bbox 398 883 401 887; x_wconf 61' lang='grc'><strong>’</strong></span> <span class='ocrx_word' id='word_1_40' title='bbox 457 885 526 929; x_wconf 85' lang='lat' dir='ltr'>Ad</span> <span class='ocrx_word' id='word_1_41' title='bbox 533 893 765 941; x_wconf 79' lang='lat' dir='ltr'>perpetuam</span> <span class='ocrx_word' id='word_1_42' title='bbox 790 885 851 925; x_wconf 75' lang='lat' dir='ltr'>rei</span> <span class='ocrx_word' id='word_1_43' title='bbox 875 885 1120 925; x_wconf 80' lang='lat' dir='ltr'>memoriam.</span> 
     </span>
    </p>
   </div>
   <div class='ocr_carea' id='block_1_5' title="bbox 259 983 1304 1739">
    <p class='ocr_par' dir='ltr' id='par_1_7' title="bbox 386 983 1304 1039">
     <span class='ocr_line' id='line_1_9' title="bbox 386 983 1304 1039; baseline -0.01 -4"><span class='ocrx_word' id='word_1_44' title='bbox 386 991 672 1035; x_wconf 84' lang='lat' dir='ltr'>Onservationi</span> <span class='ocrx_word' id='word_1_45' title='bbox 685 1018 699 1039; x_wconf 62' lang='lat'>2</span> <span class='ocrx_word' id='word_1_46' title='bbox 715 991 754 1030; x_wconf 72' lang='grc' dir='ltr'>δι</span> <span class='ocrx_word' id='word_1_47' title='bbox 771 987 1062 1030; x_wconf 85' lang='lat' dir='ltr'>manutentioni</span> <span class='ocrx_word' id='word_1_48' title='bbox 1078 983 1304 1027; x_wconf 79' lang='lat' dir='ltr'>Bibliothe-</span> 
     </span>
    </p>

    <p class='ocr_par' dir='ltr' id='par_1_8' title="bbox 259 1044 1300 1739">
     <span class='ocr_line' id='line_1_10' title="bbox 403 1044 1299 1105; baseline -0.011 -12"><span class='ocrx_word' id='word_1_49' title='bbox 403 1065 538 1093; x_wconf 83' lang='lat' dir='ltr'>carum</span> <span class='ocrx_word' id='word_1_50' title='bbox 555 1049 792 1105; x_wconf 70' lang='lat' dir='ltr'>singularum</span> <span class='ocrx_word' id='word_1_51' title='bbox 810 1049 1031 1088; x_wconf 85' lang='lat' dir='ltr'>Domorum</span> <span class='ocrx_word' id='word_1_52' title='bbox 1049 1046 1196 1099; x_wconf 89' lang='lat' dir='ltr'>ubique</span> <span class='ocrx_word' id='word_1_53' title='bbox 1213 1044 1299 1084; x_wconf 87' lang='lat' dir='ltr'>exi-</span> 
     </span>
     <span class='ocr_line' id='line_1_11' title="bbox 266 1101 1297 1155; baseline -0.012 0"><span class='ocrx_word' id='word_1_54' title='bbox 266 1113 451 1155; x_wconf 79' lang='lat' dir='ltr'>stentium</span> <span class='ocrx_word' id='word_1_55' title='bbox 499 1113 683 1152; x_wconf 77' lang='lat' dir='ltr'>Fratrum</span> <span class='ocrx_word' id='word_1_56' title='bbox 726 1106 890 1148; x_wconf 85' lang='lat' dir='ltr'>Ordinis</span> <span class='ocrx_word' id='word_1_57' title='bbox 935 1105 1134 1146; x_wconf 88' lang='lat' dir='ltr'>Minorum</span> <span class='ocrx_word' id='word_1_58' title='bbox 1167 1101 1297 1145; x_wconf 51' lang='lat' dir='ltr'>Sancti</span> 
     </span>
     <span class='ocr_line' id='line_1_12' title="bbox 267 1168 1299 1224; baseline -0.012 -11"><span class='ocrx_word' id='word_1_59' title='bbox 267 1168 463 1213; x_wconf 80' lang='lat' dir='ltr'>Francisci</span> <span class='ocrx_word' id='word_1_60' title='bbox 480 1168 782 1224; x_wconf 70' lang='lat' dir='ltr'>Capucino—rum</span> <span class='ocrx_word' id='word_1_61' title='bbox 798 1174 1117 1218; x_wconf 83' lang='lat' dir='ltr'>nuncupatorum</span> <span class='ocrx_word' id='word_1_62' title='bbox 1132 1190 1146 1212; x_wconf 68' lang='lat' dir='ltr'>a</span> <span class='ocrx_word' id='word_1_63' title='bbox 1177 1175 1299 1217; x_wconf 85' lang='lat' dir='ltr'>quan·</span> 
     </span>
     <span class='ocr_line' id='line_1_13' title="bbox 268 1219 1300 1280; baseline -0.009 -11"><span class='ocrx_word' id='word_1_64' title='bbox 268 1228 357 1270; x_wconf 75' lang='lat' dir='ltr'>tum</span> <span class='ocrx_word' id='word_1_65' title='bbox 371 1241 460 1268; x_wconf 82' lang='lat' dir='ltr'>cum</span> <span class='ocrx_word' id='word_1_66' title='bbox 480 1227 654 1269; x_wconf 86' lang='lat' dir='ltr'>Domino</span> <span class='ocrx_word' id='word_1_67' title='bbox 671 1223 866 1280; x_wconf 75' lang='lat' dir='ltr'>possumus</span> <span class='ocrx_word' id='word_1_68' title='bbox 881 1251 894 1274; x_wconf 81' lang='lat'>‚</span> <span class='ocrx_word' id='word_1_69' title='bbox 921 1223 1091 1278; x_wconf 78' lang='lat' dir='ltr'>benigne</span> <span class='ocrx_word' id='word_1_70' title='bbox 1115 1219 1300 1262; x_wconf 83' lang='lat' dir='ltr'>consule-</span> 
     </span>
     <span class='ocr_line' id='line_1_14' title="bbox 267 1279 1300 1339; baseline -0.01 -11"><span class='ocrx_word' id='word_1_71' title='bbox 267 1301 342 1337; x_wconf 66' lang='grc' dir='ltr'>η’,</span> <span class='ocrx_word' id='word_1_72' title='bbox 370 1285 685 1339; x_wconf 86' lang='lat' dir='ltr'>earumdemque</span> <span class='ocrx_word' id='word_1_73' title='bbox 704 1287 924 1325; x_wconf 85' lang='lat' dir='ltr'>Domorum</span> <span class='ocrx_word' id='word_1_74' title='bbox 943 1280 1198 1323; x_wconf 85' lang='lat' dir='ltr'>Guardianos</span> <span class='ocrx_word' id='word_1_75' title='bbox 1216 1308 1236 1328; x_wconf 77' lang='lat'>,</span> <span class='ocrx_word' id='word_1_76' title='bbox 1261 1279 1300 1318; x_wconf 73' lang='grc' dir='ltr'>δε</span> 
     </span>
     <span class='ocr_line' id='line_1_15' title="bbox 269 1337 1300 1398; baseline -0.01 -12"><span class='ocrx_word' id='word_1_77' title='bbox 269 1347 432 1386; x_wconf 79' lang='lat' dir='ltr'>Fratres</span> <span class='ocrx_word' id='word_1_78' title='bbox 450 1343 684 1398; x_wconf 80' lang='lat' dir='ltr'>specialibus</span> <span class='ocrx_word' id='word_1_79' title='bbox 697 1339 896 1383; x_wconf 84' lang='lat' dir='ltr'>favoribus</span> <span class='ocrx_word' id='word_1_80' title='bbox 911 1366 926 1389; x_wconf 83' lang='lat'>‚</span> <span class='ocrx_word' id='word_1_81' title='bbox 950 1342 986 1380; x_wconf 91' lang='lat'>&amp;</span> <span class='ocrx_word' id='word_1_82' title='bbox 1001 1338 1140 1393; x_wconf 88' lang='lat' dir='ltr'>gratiis</span> <span class='ocrx_word' id='word_1_83' title='bbox 1167 1337 1300 1390; x_wconf 87' lang='lat' dir='ltr'>prose-</span> 
     </span>
     <span class='ocr_line' id='line_1_16' title="bbox 263 1393 1295 1455; baseline -0.01 -12"><span class='ocrx_word' id='word_1_84' title='bbox 263 1405 333 1455; x_wconf 87' lang='lat' dir='ltr'>qui</span> <span class='ocrx_word' id='word_1_85' title='bbox 367 1401 577 1450; x_wconf 86' lang='lat' dir='ltr'>volentes,</span> <span class='ocrx_word' id='word_1_86' title='bbox 602 1402 642 1440; x_wconf 91' lang='lat'>&amp;</span> <span class='ocrx_word' id='word_1_87' title='bbox 665 1413 800 1440; x_wconf 90' lang='lat' dir='ltr'>eorum</span> <span class='ocrx_word' id='word_1_88' title='bbox 827 1397 1044 1450; x_wconf 78' lang='lat' dir='ltr'>singulares</span> <span class='ocrx_word' id='word_1_89' title='bbox 1072 1395 1257 1450; x_wconf 80' lang='lat' dir='ltr'>personas</span> <span class='ocrx_word' id='word_1_90' title='bbox 1274 1393 1295 1433; x_wconf 71' lang='lat' dir='ltr'>a</span> 
     </span>
     <span class='ocr_line' id='line_1_17' title="bbox 264 1451 1294 1515; baseline -0.011 -14"><span class='ocrx_word' id='word_1_91' title='bbox 264 1456 467 1515; x_wconf 84' lang='lat' dir='ltr'>quibusvis</span> <span class='ocrx_word' id='word_1_92' title='bbox 482 1455 902 1499; x_wconf 80' lang='lat' dir='ltr'>excommunicationis</span> <span class='ocrx_word' id='word_1_93' title='bbox 920 1482 933 1503; x_wconf 85' lang='lat'>‚</span> <span class='ocrx_word' id='word_1_94' title='bbox 959 1452 1216 1509; x_wconf 74' lang='lat' dir='ltr'>suspensionis</span> <span class='ocrx_word' id='word_1_95' title='bbox 1228 1479 1241 1500; x_wconf 81' lang='lat'>,</span> <span class='ocrx_word' id='word_1_96' title='bbox 1257 1451 1294 1490; x_wconf 88' lang='lat'>&amp;</span> 
     </span>
     <span class='ocr_line' id='line_1_18' title="bbox 263 1509 1295 1569; baseline -0.011 -11"><span class='ocrx_word' id='word_1_97' title='bbox 263 1516 466 1558; x_wconf 63' lang='lat' dir='ltr'>interdisti</span> <span class='ocrx_word' id='word_1_98' title='bbox 489 1543 503 1565; x_wconf 84' lang='lat'><strong>,</strong></span> <span class='ocrx_word' id='word_1_99' title='bbox 534 1514 696 1569; x_wconf 88' lang='lat' dir='ltr'>aliisque</span> <span class='ocrx_word' id='word_1_100' title='bbox 731 1512 1015 1556; x_wconf 79' lang='lat' dir='ltr'>Ecclefiasticis</span> <span class='ocrx_word' id='word_1_101' title='bbox 1058 1509 1265 1551; x_wconf 82' lang='lat' dir='ltr'>sententiis</span> <span class='ocrx_word' id='word_1_102' title='bbox 1282 1535 1295 1558; x_wconf 84' lang='lat'>,</span> 
     </span>
     <span class='ocr_line' id='line_1_19' title="bbox 261 1570 1293 1629; baseline -0.007 -13"><span class='ocrx_word' id='word_1_103' title='bbox 261 1573 437 1616; x_wconf 83' lang='lat' dir='ltr'>censuris</span> <span class='ocrx_word' id='word_1_104' title='bbox 452 1602 466 1622; x_wconf 80' lang='lat'><strong>,</strong></span> <span class='ocrx_word' id='word_1_105' title='bbox 480 1575 520 1613; x_wconf 72' lang='grc' dir='ltr'>δε</span> <span class='ocrx_word' id='word_1_106' title='bbox 534 1573 664 1629; x_wconf 87' lang='lat' dir='ltr'>poenis</span> <span class='ocrx_word' id='word_1_107' title='bbox 682 1572 701 1612; x_wconf 73' lang='lat' dir='ltr'>:i</span> <span class='ocrx_word' id='word_1_108' title='bbox 717 1571 804 1627; x_wconf 87' lang='lat' dir='ltr'>jure</span> <span class='ocrx_word' id='word_1_109' title='bbox 820 1599 833 1622; x_wconf 81' lang='lat'>·,</span> <span class='ocrx_word' id='word_1_110' title='bbox 849 1571 911 1613; x_wconf 89' lang='lat' dir='ltr'>vel</span> <span class='ocrx_word' id='word_1_111' title='bbox 927 1572 976 1612; x_wconf 86' lang='lat' dir='ltr'>ab</span> <span class='ocrx_word' id='word_1_112' title='bbox 998 1570 1186 1618; x_wconf 78' lang='lat' dir='ltr'>homine,</span> <span class='ocrx_word' id='word_1_113' title='bbox 1199 1581 1293 1622; x_wconf 88' lang='lat' dir='ltr'>qua-</span> 
     </span>
     <span class='ocr_line' id='line_1_20' title="bbox 259 1628 1295 1687; baseline -0.009 -12"><span class='ocrx_word' id='word_1_114' title='bbox 259 1634 321 1675; x_wconf 81' lang='lat' dir='ltr'>vis</span> <span class='ocrx_word' id='word_1_115' title='bbox 349 1633 579 1687; x_wconf 26' lang='lat' dir='ltr'>occ-atione,</span> <span class='ocrx_word' id='word_1_116' title='bbox 613 1630 677 1671; x_wconf 89' lang='lat' dir='ltr'>vel</span> <span class='ocrx_word' id='word_1_117' title='bbox 704 1630 815 1671; x_wconf 81' lang='lat' dir='ltr'>causa</span> <span class='ocrx_word' id='word_1_118' title='bbox 845 1629 963 1680; x_wconf 76' lang='lat' dir='ltr'>latis,</span> <span class='ocrx_word' id='word_1_119' title='bbox 990 1629 1014 1669; x_wconf 82' lang='lat' dir='ltr'>fi</span> <span class='ocrx_word' id='word_1_120' title='bbox 1039 1628 1179 1684; x_wconf 88' lang='lat' dir='ltr'>quibus</span> <span class='ocrx_word' id='word_1_121' title='bbox 1196 1640 1295 1681; x_wconf 90' lang='lat' dir='ltr'>quo-</span> 
     </span>
     <span class='ocr_line' id='line_1_21' title="bbox 259 1687 1293 1739; baseline -0.008 -7"><span class='ocrx_word' id='word_1_122' title='bbox 259 1690 494 1732; x_wconf 73' lang='lat' dir='ltr'>modolibet</span> <span class='ocrx_word' id='word_1_123' title='bbox 513 1688 715 1731; x_wconf 87' lang='lat' dir='ltr'>innodatae</span> <span class='ocrx_word' id='word_1_124' title='bbox 733 1689 918 1737; x_wconf 76' lang='lat' dir='ltr'>existunt,</span> <span class='ocrx_word' id='word_1_125' title='bbox 933 1687 1180 1729; x_wconf 65' lang='lat' dir='ltr'>ad‘effestum</span> <span class='ocrx_word' id='word_1_126' title='bbox 1196 1697 1293 1739; x_wconf 83' lang='lat' dir='ltr'>prae-</span> 
     </span>
    </p>
   </div>
   <div class='ocr_carea' id='block_1_6' title="bbox 2242 266 2338 333">
    <p class='ocr_par' dir='ltr' id='par_1_9' title="bbox 2242 266 2338 333">
     <span class='ocr_line' id='line_1_22' title="bbox 2242 266 2338 333; baseline 0.052 -5"><span class='ocrx_word' id='word_1_127' title='bbox 2242 266 2338 333; x_wconf 89' lang='lat'>97</span> 
     </span>
    </p>
   </div>
   <div class='ocr_carea' id='block_1_7' title="bbox 1354 341 2407 1741">
    <p class='ocr_par' dir='ltr' id='par_1_10' title="bbox 1354 341 2407 1741">
     <span class='ocr_line' id='line_1_23' title="bbox 1363 341 2401 400; baseline -0.002 -13"><span class='ocrx_word' id='word_1_128' title='bbox 1363 360 1407 387; x_wconf 89' lang='lat' dir='ltr'>ac</span> <span class='ocrx_word' id='word_1_129' title='bbox 1423 343 1614 385; x_wconf 89' lang='lat' dir='ltr'>foliorum</span> <span class='ocrx_word' id='word_1_130' title='bbox 1631 341 1880 397; x_wconf 79' lang='lat' dir='ltr'>hujusmodi,</span> <span class='ocrx_word' id='word_1_131' title='bbox 1893 355 1974 396; x_wconf 85' lang='lat' dir='ltr'>quae</span> <span class='ocrx_word' id='word_1_132' title='bbox 1998 346 2260 400; x_wconf 74' lang='lat' dir='ltr'>sumpserint,</span> <span class='ocrx_word' id='word_1_133' title='bbox 2276 353 2401 390; x_wconf 65' lang='lat' dir='ltr'>annm·</span> 
     </span>
     <span class='ocr_line' id='line_1_24' title="bbox 1363 399 2399 456; baseline 0.004 -12"><span class='ocrx_word' id='word_1_134' title='bbox 1363 412 1502 444; x_wconf 89' lang='lat' dir='ltr'>tentur</span> <span class='ocrx_word' id='word_1_135' title='bbox 1530 415 1543 442; x_wconf 86' lang='lat'>:</span> <span class='ocrx_word' id='word_1_136' title='bbox 1569 415 1612 442; x_wconf 87' lang='lat' dir='ltr'>ac</span> <span class='ocrx_word' id='word_1_137' title='bbox 1637 402 1842 456; x_wconf 90' lang='lat' dir='ltr'>postquam</span> <span class='ocrx_word' id='word_1_138' title='bbox 1871 399 1965 440; x_wconf 60' lang='lat' dir='ltr'>dieti</span> <span class='ocrx_word' id='word_1_139' title='bbox 1997 404 2279 447; x_wconf 84' lang='lat' dir='ltr'>Praedicatores</span> <span class='ocrx_word' id='word_1_140' title='bbox 2307 435 2321 456; x_wconf 75' lang='lat'>,</span> <span class='ocrx_word' id='word_1_141' title='bbox 2361 407 2399 446; x_wconf 90' lang='lat'>&amp;</span> 
     </span>
     <span class='ocr_line' id='line_1_25' title="bbox 1366 456 2401 507; baseline 0.003 -5"><span class='ocrx_word' id='word_1_142' title='bbox 1366 464 1527 503; x_wconf 84' lang='lat' dir='ltr'>Fratres</span> <span class='ocrx_word' id='word_1_143' title='bbox 1554 459 1633 500; x_wconf 91' lang='lat' dir='ltr'>illis</span> <span class='ocrx_word' id='word_1_144' title='bbox 1651 458 1706 500; x_wconf 72' lang='lat' dir='ltr'>usi</span> <span class='ocrx_word' id='word_1_145' title='bbox 1724 456 1872 500; x_wconf 88' lang='lat' dir='ltr'>fuerint</span> <span class='ocrx_word' id='word_1_146' title='bbox 1889 484 1904 507; x_wconf 63' lang='lat'><em>2</em></span> <span class='ocrx_word' id='word_1_147' title='bbox 1934 459 2001 499; x_wconf 84' lang='lat' dir='ltr'>illa</span> <span class='ocrx_word' id='word_1_148' title='bbox 2023 472 2115 502; x_wconf 88' lang='lat' dir='ltr'>tunc</span> <span class='ocrx_word' id='word_1_149' title='bbox 2133 465 2180 505; x_wconf 93' lang='lat' dir='ltr'>ad</span> <span class='ocrx_word' id='word_1_150' title='bbox 2197 463 2318 505; x_wconf 61' lang='lat' dir='ltr'>dictas</span> <span class='ocrx_word' id='word_1_151' title='bbox 2336 464 2401 505; x_wconf 89' lang='lat' dir='ltr'>Bi-</span> 
     </span>
     <span class='ocr_line' id='line_1_26' title="bbox 1365 516 2400 572; baseline 0.004 -12"><span class='ocrx_word' id='word_1_152' title='bbox 1365 519 1595 560; x_wconf 87' lang='lat' dir='ltr'>bliothecas</span> <span class='ocrx_word' id='word_1_153' title='bbox 1611 518 1680 558; x_wconf 84' lang='lat' dir='ltr'>sub</span> <span class='ocrx_word' id='word_1_154' title='bbox 1694 516 1831 559; x_wconf 86' lang='lat' dir='ltr'>iisdem</span> <span class='ocrx_word' id='word_1_155' title='bbox 1847 517 1979 571; x_wconf 89' lang='lat' dir='ltr'>poenis</span> <span class='ocrx_word' id='word_1_156' title='bbox 1996 529 2256 572; x_wconf 87' lang='lat' dir='ltr'>reportentur</span> <span class='ocrx_word' id='word_1_157' title='bbox 2273 551 2286 572; x_wconf 80' lang='lat'>,</span> <span class='ocrx_word' id='word_1_158' title='bbox 2301 534 2400 564; x_wconf 86' lang='lat' dir='ltr'>con-</span> 
     </span>
     <span class='ocr_line' id='line_1_27' title="bbox 1364 574 2400 634; baseline -0.004 -15"><span class='ocrx_word' id='word_1_159' title='bbox 1364 577 1513 619; x_wconf 81' lang='lat' dir='ltr'>cedere</span> <span class='ocrx_word' id='word_1_160' title='bbox 1550 574 1692 631; x_wconf 82' lang='lat' dir='ltr'>poffint</span> <span class='ocrx_word' id='word_1_161' title='bbox 1712 604 1723 615; x_wconf 93' lang='lat'>.</span> <span class='ocrx_word' id='word_1_162' title='bbox 1776 579 1870 619; x_wconf 89' lang='lat' dir='ltr'>Non</span> <span class='ocrx_word' id='word_1_163' title='bbox 1911 575 2154 617; x_wconf 84' lang='lat' dir='ltr'>obstantibus</span> <span class='ocrx_word' id='word_1_164' title='bbox 2197 581 2400 634; x_wconf 79' lang='lat' dir='ltr'>quibusvis</span> 
     </span>
     <span class='ocr_line' id='line_1_28' title="bbox 1364 632 2400 692; baseline 0.003 -15"><span class='ocrx_word' id='word_1_165' title='bbox 1364 635 1729 679; x_wconf 79' lang='lat' dir='ltr'>constitutionibus</span> <span class='ocrx_word' id='word_1_166' title='bbox 1746 663 1760 683; x_wconf 85' lang='grc'>,</span> <span class='ocrx_word' id='word_1_167' title='bbox 1783 635 1820 674; x_wconf 76' lang='lat'>8&lt;</span> <span class='ocrx_word' id='word_1_168' title='bbox 1835 632 2173 677; x_wconf 80' lang='lat' dir='ltr'>ordinationibus</span> <span class='ocrx_word' id='word_1_169' title='bbox 2193 639 2400 692; x_wconf 87' lang='lat' dir='ltr'>Apostoli-</span> 
     </span>
     <span class='ocr_line' id='line_1_29' title="bbox 1362 690 2398 748; baseline -0.002 -11"><span class='ocrx_word' id='word_1_170' title='bbox 1362 696 1418 737; x_wconf 83' lang='lat' dir='ltr'>cis</span> <span class='ocrx_word' id='word_1_171' title='bbox 1432 708 1500 746; x_wconf 81' lang='lat' dir='ltr'>‚ac</span> <span class='ocrx_word' id='word_1_172' title='bbox 1521 697 1742 735; x_wconf 82' lang='lat' dir='ltr'>Domorum</span> <span class='ocrx_word' id='word_1_173' title='bbox 1759 721 1772 742; x_wconf 82' lang='lat'>,</span> <span class='ocrx_word' id='word_1_174' title='bbox 1786 694 1823 734; x_wconf 83' lang='lat'>&amp;</span> <span class='ocrx_word' id='word_1_175' title='bbox 1838 690 2002 734; x_wconf 88' lang='lat' dir='ltr'>Ordinis</span> <span class='ocrx_word' id='word_1_176' title='bbox 2017 692 2256 748; x_wconf 61' lang='lat' dir='ltr'>huiusmodi,</span> <span class='ocrx_word' id='word_1_177' title='bbox 2275 698 2398 739; x_wconf 79' lang='lat' dir='ltr'>etiam</span> 
     </span>
     <span class='ocr_line' id='line_1_30' title="bbox 1362 749 2398 811; baseline 0 -15"><span class='ocrx_word' id='word_1_178' title='bbox 1362 753 1595 811; x_wconf 76' lang='lat' dir='ltr'>juramento</span> <span class='ocrx_word' id='word_1_179' title='bbox 1606 779 1619 801; x_wconf 81' lang='lat'>‚</span> <span class='ocrx_word' id='word_1_180' title='bbox 1633 749 1939 793; x_wconf 83' lang='lat' dir='ltr'>confirmatione</span> <span class='ocrx_word' id='word_1_181' title='bbox 1954 751 2202 806; x_wconf 82' lang='lat' dir='ltr'>Apostolica,</span> <span class='ocrx_word' id='word_1_182' title='bbox 2221 755 2282 795; x_wconf 93' lang='lat' dir='ltr'>vel</span> <span class='ocrx_word' id='word_1_183' title='bbox 2300 769 2398 809; x_wconf 87' lang='lat' dir='ltr'>qua-</span> 
     </span>
     <span class='ocr_line' id='line_1_31' title="bbox 1364 809 2398 862; baseline -0.002 -7"><span class='ocrx_word' id='word_1_184' title='bbox 1364 814 1425 855; x_wconf 94' lang='lat' dir='ltr'>vis</span> <span class='ocrx_word' id='word_1_185' title='bbox 1440 810 1632 853; x_wconf 86' lang='lat' dir='ltr'>firmitate</span> <span class='ocrx_word' id='word_1_186' title='bbox 1647 810 1721 852; x_wconf 85' lang='lat' dir='ltr'>alia</span> <span class='ocrx_word' id='word_1_187' title='bbox 1739 809 1934 851; x_wconf 85' lang='lat' dir='ltr'>roboratis</span> <span class='ocrx_word' id='word_1_188' title='bbox 1962 810 2112 851; x_wconf 82' lang='lat' dir='ltr'>statutis</span> <span class='ocrx_word' id='word_1_189' title='bbox 2130 840 2143 862; x_wconf 79' lang='lat'><strong>,</strong></span> <span class='ocrx_word' id='word_1_190' title='bbox 2171 813 2211 851; x_wconf 71' lang='grc' dir='ltr'>ὃ(</span> <span class='ocrx_word' id='word_1_191' title='bbox 2232 812 2398 854; x_wconf 87' lang='lat' dir='ltr'>consue-</span> 
     </span>
     <span class='ocr_line' id='line_1_32' title="bbox 1365 868 2400 924; baseline -0.003 -10"><span class='ocrx_word' id='word_1_192' title='bbox 1365 871 1574 914; x_wconf 87' lang='lat' dir='ltr'>tudinibus</span> <span class='ocrx_word' id='word_1_193' title='bbox 1597 900 1614 920; x_wconf 85' lang='grc'>,</span> <span class='ocrx_word' id='word_1_194' title='bbox 1653 868 1884 924; x_wconf 77' lang='lat' dir='ltr'>caeterisque</span> <span class='ocrx_word' id='word_1_195' title='bbox 1908 868 2121 910; x_wconf 87' lang='lat' dir='ltr'>contrariis</span> <span class='ocrx_word' id='word_1_196' title='bbox 2161 868 2400 924; x_wconf 90' lang='lat' dir='ltr'>quibuscun-</span> 
     </span>
     <span class='ocr_line' id='line_1_33' title="bbox 1364 925 2399 989; baseline -0.004 -17"><span class='ocrx_word' id='word_1_197' title='bbox 1364 945 1463 989; x_wconf 91' lang='lat' dir='ltr'>que.</span> <span class='ocrx_word' id='word_1_198' title='bbox 1498 929 1696 972; x_wconf 80' lang='lat' dir='ltr'>Volumus</span> <span class='ocrx_word' id='word_1_199' title='bbox 1711 938 1846 970; x_wconf 86' lang='lat' dir='ltr'>autem</span> <span class='ocrx_word' id='word_1_200' title='bbox 1862 958 1878 979; x_wconf 82' lang='grc'>,</span> <span class='ocrx_word' id='word_1_201' title='bbox 1900 926 2007 982; x_wconf 90' lang='lat' dir='ltr'>quod</span> <span class='ocrx_word' id='word_1_202' title='bbox 2034 925 2233 982; x_wconf 78' lang='lat' dir='ltr'>praesentis</span> <span class='ocrx_word' id='word_1_203' title='bbox 2257 928 2399 982; x_wconf 86' lang='lat' dir='ltr'>prohi-</span> 
     </span>
     <span class='ocr_line' id='line_1_34' title="bbox 1361 984 2400 1043; baseline -0.005 -11"><span class='ocrx_word' id='word_1_204' title='bbox 1361 990 1527 1032; x_wconf 85' lang='lat' dir='ltr'>bitionis</span> <span class='ocrx_word' id='word_1_205' title='bbox 1553 988 1680 1043; x_wconf 83' lang='lat' dir='ltr'>copiae</span> <span class='ocrx_word' id='word_1_206' title='bbox 1695 990 1732 1028; x_wconf 92' lang='lat' dir='ltr'>in</span> <span class='ocrx_word' id='word_1_207' title='bbox 1753 986 1881 1028; x_wconf 80' lang='lat' dir='ltr'>valvis</span> <span class='ocrx_word' id='word_1_208' title='bbox 1900 984 2139 1041; x_wconf 80' lang='lat' dir='ltr'>singularum</span> <span class='ocrx_word' id='word_1_209' title='bbox 2164 985 2400 1027; x_wconf 64' lang='lat' dir='ltr'>dictarum.»</span> 
     </span>
     <span class='ocr_line' id='line_1_35' title="bbox 1360 1042 2399 1101; baseline -0.008 -10"><span class='ocrx_word' id='word_1_210' title='bbox 1360 1049 1706 1092; x_wconf 83' lang='lat' dir='ltr'>Bibliothecarum</span> <span class='ocrx_word' id='word_1_211' title='bbox 1723 1056 1818 1098; x_wconf 78' lang='lat' dir='ltr'>‚aut</span> <span class='ocrx_word' id='word_1_212' title='bbox 1836 1046 1921 1088; x_wconf 77' lang='lat' dir='ltr'>aliis</span> <span class='ocrx_word' id='word_1_213' title='bbox 1936 1045 2142 1101; x_wconf 71' lang='lat' dir='ltr'>praecipuis</span> <span class='ocrx_word' id='word_1_214' title='bbox 2159 1045 2276 1095; x_wconf 87' lang='lat' dir='ltr'>locis,</span> <span class='ocrx_word' id='word_1_215' title='bbox 2290 1042 2399 1085; x_wconf 86' lang='lat' dir='ltr'>unde</span> 
     </span>
     <span class='ocr_line' id='line_1_36' title="bbox 1358 1099 2402 1159; baseline -0.01 -8"><span class='ocrx_word' id='word_1_216' title='bbox 1358 1110 1407 1154; x_wconf 86' lang='lat' dir='ltr'>ab</span> <span class='ocrx_word' id='word_1_217' title='bbox 1420 1106 1606 1149; x_wconf 86' lang='lat' dir='ltr'>omuibus</span> <span class='ocrx_word' id='word_1_218' title='bbox 1624 1103 1836 1146; x_wconf 74' lang='lat' dir='ltr'>commode</span> <span class='ocrx_word' id='word_1_219' title='bbox 1846 1106 1956 1146; x_wconf 89' lang='lat' dir='ltr'>cerni</span> <span class='ocrx_word' id='word_1_220' title='bbox 1973 1103 2321 1159; x_wconf 77' lang='lat' dir='ltr'>poffint‚continuo</span> <span class='ocrx_word' id='word_1_221' title='bbox 2337 1099 2402 1143; x_wconf 72' lang='lat' dir='ltr'>:ts-‘-</span> 
     </span>
     <span class='ocr_line' id='line_1_37' title="bbox 1359 1160 2401 1218; baseline -0.009 -8"><span class='ocrx_word' id='word_1_222' title='bbox 1359 1169 1441 1210; x_wconf 86' lang='lat' dir='ltr'>fi-xae</span> <span class='ocrx_word' id='word_1_223' title='bbox 1456 1173 1719 1215; x_wconf 81' lang='lat' dir='ltr'>remanea11t3</span> <span class='ocrx_word' id='word_1_224' title='bbox 1742 1165 1778 1203; x_wconf 91' lang='lat'>&amp;</span> <span class='ocrx_word' id='word_1_225' title='bbox 1794 1163 1900 1218; x_wconf 90' lang='lat' dir='ltr'>quod</span> <span class='ocrx_word' id='word_1_226' title='bbox 1917 1162 2168 1216; x_wconf 79' lang='lat' dir='ltr'>praesentium</span> <span class='ocrx_word' id='word_1_227' title='bbox 2199 1160 2401 1203; x_wconf 85' lang='lat' dir='ltr'>transum-</span> 
     </span>
     <span class='ocr_line' id='line_1_38' title="bbox 1360 1219 2407 1284; baseline -0.01 -15"><span class='ocrx_word' id='word_1_228' title='bbox 1360 1228 1437 1284; x_wconf 88' lang='lat' dir='ltr'>ptis</span> <span class='ocrx_word' id='word_1_229' title='bbox 1453 1256 1467 1275; x_wconf 85' lang='grc'>,</span> <span class='ocrx_word' id='word_1_230' title='bbox 1488 1225 1609 1266; x_wconf 90' lang='lat' dir='ltr'>etiam</span> <span class='ocrx_word' id='word_1_231' title='bbox 1635 1220 1825 1276; x_wconf 84' lang='lat' dir='ltr'>impreffis</span> <span class='ocrx_word' id='word_1_232' title='bbox 1841 1249 1854 1272; x_wconf 81' lang='lat'>‚</span> <span class='ocrx_word' id='word_1_233' title='bbox 1879 1235 1995 1263; x_wconf 84' lang='lat' dir='ltr'>manu</span> <span class='ocrx_word' id='word_1_234' title='bbox 2028 1220 2198 1277; x_wconf 85' lang='lat' dir='ltr'>alicujus</span> <span class='ocrx_word' id='word_1_235' title='bbox 2232 1219 2407 1262; x_wconf 78' lang='lat' dir='ltr'>Notarii·</span> 
     </span>
     <span class='ocr_line' id='line_1_39' title="bbox 1359 1277 2397 1341; baseline -0.008 -15"><span class='ocrx_word' id='word_1_236' title='bbox 1359 1283 1511 1341; x_wconf 90' lang='lat' dir='ltr'>publici</span> <span class='ocrx_word' id='word_1_237' title='bbox 1537 1280 1794 1335; x_wconf 72' lang='lat' dir='ltr'>subscriptis,</span> <span class='ocrx_word' id='word_1_238' title='bbox 1816 1282 1854 1320; x_wconf 72' lang='grc' dir='ltr'>δε</span> <span class='ocrx_word' id='word_1_239' title='bbox 1878 1278 2006 1334; x_wconf 81' lang='lat' dir='ltr'>sigillo</span> <span class='ocrx_word' id='word_1_240' title='bbox 2031 1279 2199 1335; x_wconf 84' lang='lat' dir='ltr'>alicujus</span> <span class='ocrx_word' id='word_1_241' title='bbox 2218 1277 2397 1334; x_wconf 87' lang='lat' dir='ltr'>personae</span> 
     </span>
     <span class='ocr_line' id='line_1_40' title="bbox 1359 1338 2398 1395; baseline -0.008 -11"><span class='ocrx_word' id='word_1_242' title='bbox 1359 1345 1397 1386; x_wconf 90' lang='lat' dir='ltr'>in</span> <span class='ocrx_word' id='word_1_243' title='bbox 1413 1340 1610 1395; x_wconf 84' lang='lat' dir='ltr'>dignitate</span> <span class='ocrx_word' id='word_1_244' title='bbox 1628 1338 1899 1380; x_wconf 83' lang='lat' dir='ltr'>Ecclefiastica</span> <span class='ocrx_word' id='word_1_245' title='bbox 1916 1338 2135 1379; x_wconf 84' lang='lat' dir='ltr'>constitutae</span> <span class='ocrx_word' id='word_1_246' title='bbox 2150 1338 2314 1378; x_wconf 86' lang='lat' dir='ltr'>munitis</span> <span class='ocrx_word' id='word_1_247' title='bbox 2334 1350 2398 1377; x_wconf 80' lang='lat' dir='ltr'>ea.</span> 
     </span>
     <span class='ocr_line' id='line_1_41' title="bbox 1357 1395 2400 1453; baseline -0.007 -13"><span class='ocrx_word' id='word_1_248' title='bbox 1357 1403 1447 1444; x_wconf 85' lang='lat' dir='ltr'>dem</span> <span class='ocrx_word' id='word_1_249' title='bbox 1462 1398 1622 1453; x_wconf 79' lang='lat' dir='ltr'>prorsus</span> <span class='ocrx_word' id='word_1_250' title='bbox 1640 1395 1737 1437; x_wconf 83' lang='lat' dir='ltr'>fides</span> <span class='ocrx_word' id='word_1_251' title='bbox 1751 1397 1789 1436; x_wconf 89' lang='lat' dir='ltr'>in</span> <span class='ocrx_word' id='word_1_252' title='bbox 1810 1395 1960 1449; x_wconf 81' lang='lat' dir='ltr'>judicio</span> <span class='ocrx_word' id='word_1_253' title='bbox 1976 1425 1990 1444; x_wconf 86' lang='grc'>,</span> <span class='ocrx_word' id='word_1_254' title='bbox 2016 1397 2055 1435; x_wconf 87' lang='lat'>&amp;</span> <span class='ocrx_word' id='word_1_255' title='bbox 2073 1405 2185 1436; x_wconf 86' lang='lat' dir='ltr'>extra</span> <span class='ocrx_word' id='word_1_256' title='bbox 2202 1396 2400 1437; x_wconf 66' lang='lat' dir='ltr'>adhibea-</span> 
     </span>
     <span class='ocr_line' id='line_1_42' title="bbox 1357 1449 2399 1510; baseline -0.006 -10"><span class='ocrx_word' id='word_1_257' title='bbox 1357 1470 1446 1507; x_wconf 74' lang='lat' dir='ltr'>tur,</span> <span class='ocrx_word' id='word_1_258' title='bbox 1475 1455 1665 1509; x_wconf 68' lang='lat' dir='ltr'>quaeipsis</span> <span class='ocrx_word' id='word_1_259' title='bbox 1684 1449 1934 1510; x_wconf 78' lang='lat' dir='ltr'>praesentibus</span> <span class='ocrx_word' id='word_1_260' title='bbox 1958 1452 2226 1495; x_wconf 82' lang='lat' dir='ltr'>adhiberetur</span> <span class='ocrx_word' id='word_1_261' title='bbox 2245 1482 2258 1502; x_wconf 83' lang='lat'><strong>,</strong></span> <span class='ocrx_word' id='word_1_262' title='bbox 2283 1453 2305 1492; x_wconf 83' lang='lat' dir='ltr'>fi</span> <span class='ocrx_word' id='word_1_263' title='bbox 2336 1451 2399 1494; x_wconf 74' lang='lat' dir='ltr'>ffi-</span> 
     </span>
     <span class='ocr_line' id='line_1_43' title="bbox 1356 1510 2401 1563; baseline -0.009 -5"><span class='ocrx_word' id='word_1_264' title='bbox 1356 1526 1448 1558; x_wconf 88' lang='lat' dir='ltr'>rent</span> <span class='ocrx_word' id='word_1_265' title='bbox 1475 1513 1663 1555; x_wconf 81' lang='lat' dir='ltr'>exhibitae</span> <span class='ocrx_word' id='word_1_266' title='bbox 1689 1540 1702 1563; x_wconf 86' lang='lat'>‚</span> <span class='ocrx_word' id='word_1_267' title='bbox 1735 1510 1797 1553; x_wconf 87' lang='lat' dir='ltr'>vel</span> <span class='ocrx_word' id='word_1_268' title='bbox 1827 1510 2005 1553; x_wconf 84' lang='lat' dir='ltr'>ostensae.</span> <span class='ocrx_word' id='word_1_269' title='bbox 2064 1514 2215 1553; x_wconf 90' lang='lat' dir='ltr'>Datum</span> <span class='ocrx_word' id='word_1_270' title='bbox 2258 1512 2401 1551; x_wconf 79' lang='lat' dir='ltr'>Romae</span> 
     </span>
     <span class='ocr_line' id='line_1_44' title="bbox 1355 1568 2396 1629; baseline -0.009 -12"><span class='ocrx_word' id='word_1_271' title='bbox 1355 1573 1458 1629; x_wconf 91' lang='lat' dir='ltr'>apud</span> <span class='ocrx_word' id='word_1_272' title='bbox 1487 1574 1671 1614; x_wconf 61' lang='lat' dir='ltr'>Sanctam</span> <span class='ocrx_word' id='word_1_273' title='bbox 1701 1568 1867 1612; x_wconf 88' lang='lat' dir='ltr'>Mariam</span> <span class='ocrx_word' id='word_1_274' title='bbox 1897 1569 2094 1624; x_wconf 79' lang='lat' dir='ltr'>Maiorem</span> <span class='ocrx_word' id='word_1_275' title='bbox 2122 1570 2189 1610; x_wconf 83' lang='lat' dir='ltr'>sub</span> <span class='ocrx_word' id='word_1_276' title='bbox 2226 1569 2396 1610; x_wconf 88' lang='lat' dir='ltr'>Annulo</span> 
     </span>
     <span class='ocr_line' id='line_1_45' title="bbox 1354 1628 2394 1684; baseline -0.007 -11"><span class='ocrx_word' id='word_1_277' title='bbox 1354 1631 1564 1677; x_wconf 84' lang='lat' dir='ltr'>Piscatoris</span> <span class='ocrx_word' id='word_1_278' title='bbox 1583 1630 1662 1669; x_wconf 93' lang='lat' dir='ltr'>Die</span> <span class='ocrx_word' id='word_1_279' title='bbox 1680 1642 1788 1669; x_wconf 79' lang='lat' dir='ltr'>xxix.</span> <span class='ocrx_word' id='word_1_280' title='bbox 1809 1628 1905 1684; x_wconf 89' lang='lat' dir='ltr'>Julii</span> <span class='ocrx_word' id='word_1_281' title='bbox 1920 1642 2146 1669; x_wconf 77' lang='lat' dir='ltr'>iuncxxxvi</span> <span class='ocrx_word' id='word_1_282' title='bbox 2164 1640 2224 1669; x_wconf 87' lang='lat'>11.</span> <span class='ocrx_word' id='word_1_283' title='bbox 2252 1628 2394 1670; x_wconf 84' lang='lat' dir='ltr'>Ponti-</span> 
     </span>
     <span class='ocr_line' id='line_1_46' title="bbox 1354 1681 2375 1741; baseline -0.009 -8"><span class='ocrx_word' id='word_1_284' title='bbox 1354 1691 1496 1733; x_wconf 81' lang='lat' dir='ltr'>ficatus</span> <span class='ocrx_word' id='word_1_285' title='bbox 1518 1686 1799 1731; x_wconf 53' lang='lat' dir='ltr'>Nostri‘Anno</span> <span class='ocrx_word' id='word_1_286' title='bbox 1823 1682 2163 1741; x_wconf 84' lang='lat' dir='ltr'>Decimoquinto.</span> <span class='ocrx_word' id='word_1_287' title='bbox 2372 1681 2375 1683; x_wconf 75' lang='grc'><strong>’</strong></span> 
     </span>
    </p>
   </div>
   <div class='ocr_carea' id='block_1_8' title="bbox 260 1742 1348 1801">
    <p class='ocr_par' dir='ltr' id='par_1_11' title="bbox 260 1742 1348 1801">
     <span class='ocr_line' id='line_1_47' title="bbox 260 1742 1348 1801; baseline -0.004 -11"><span class='ocrx_word' id='word_1_288' title='bbox 260 1749 435 1791; x_wconf 85' lang='lat' dir='ltr'>sentium</span> <span class='ocrx_word' id='word_1_289' title='bbox 450 1747 644 1788; x_wconf 86' lang='lat' dir='ltr'>duntaxat</span> <span class='ocrx_word' id='word_1_290' title='bbox 662 1745 984 1801; x_wconf 79' lang='lat' dir='ltr'>consequendum</span> <span class='ocrx_word' id='word_1_291' title='bbox 1003 1775 1017 1795; x_wconf 84' lang='lat'>,</span> <span class='ocrx_word' id='word_1_292' title='bbox 1041 1746 1181 1785; x_wconf 89' lang='lat' dir='ltr'>harum</span> <span class='ocrx_word' id='word_1_293' title='bbox 1196 1742 1299 1784; x_wconf 83' lang='lat' dir='ltr'>serie</span> <span class='ocrx_word' id='word_1_294' title='bbox 1345 1784 1348 1786; x_wconf 74' lang='grc'>,</span> 
     </span>
    </p>
   </div>
   <div class='ocr_carea' id='block_1_9' title="bbox 247 1800 1301 3315">
    <p class='ocr_par' dir='ltr' id='par_1_12' title="bbox 247 1800 1301 3315">
     <span class='ocr_line' id='line_1_48' title="bbox 262 1800 1298 1856; baseline -0.01 -6"><span class='ocrx_word' id='word_1_295' title='bbox 262 1807 520 1850; x_wconf 78' lang='lat' dir='ltr'>absolventes</span> <span class='ocrx_word' id='word_1_296' title='bbox 536 1834 549 1856; x_wconf 84' lang='lat'>‚</span> <span class='ocrx_word' id='word_1_297' title='bbox 577 1807 617 1845; x_wconf 90' lang='lat'>&amp;</span> <span class='ocrx_word' id='word_1_298' title='bbox 633 1804 832 1846; x_wconf 80' lang='lat' dir='ltr'>absolutas</span> <span class='ocrx_word' id='word_1_299' title='bbox 849 1800 936 1847; x_wconf 79' lang='lat' dir='ltr'>fore</span> <span class='ocrx_word' id='word_1_300' title='bbox 950 1803 1158 1845; x_wconf 87' lang='lat' dir='ltr'>censentes</span> <span class='ocrx_word' id='word_1_301' title='bbox 1172 1831 1186 1852; x_wconf 83' lang='grc'>,</span> <span class='ocrx_word' id='word_1_302' title='bbox 1215 1800 1298 1854; x_wconf 82' lang='lat' dir='ltr'>sup.</span> 
     </span>
     <span class='ocr_line' id='line_1_49' title="bbox 259 1859 1297 1920; baseline -0.007 -14"><span class='ocrx_word' id='word_1_303' title='bbox 259 1863 696 1920; x_wconf 73' lang='lat' dir='ltr'>plicationibusdilec&#39;ti</span> <span class='ocrx_word' id='word_1_304' title='bbox 717 1863 804 1905; x_wconf 86' lang='lat' dir='ltr'>Filii</span> <span class='ocrx_word' id='word_1_305' title='bbox 821 1862 1002 1903; x_wconf 88' lang='lat' dir='ltr'>moderni</span> <span class='ocrx_word' id='word_1_306' title='bbox 1020 1862 1114 1902; x_wconf 67' lang='lat' dir='ltr'>disti</span> <span class='ocrx_word' id='word_1_307' title='bbox 1132 1859 1297 1902; x_wconf 85' lang='lat' dir='ltr'>Ordinis</span> 
     </span>
     <span class='ocr_line' id='line_1_50' title="bbox 261 1919 1299 1975; baseline -0.007 -10"><span class='ocrx_word' id='word_1_308' title='bbox 261 1921 544 1965; x_wconf 86' lang='lat' dir='ltr'>Procuratoris</span> <span class='ocrx_word' id='word_1_309' title='bbox 558 1921 775 1963; x_wconf 86' lang='lat' dir='ltr'>Generalis</span> <span class='ocrx_word' id='word_1_310' title='bbox 792 1921 922 1963; x_wconf 83' lang='lat' dir='ltr'>Nobis</span> <span class='ocrx_word' id='word_1_311' title='bbox 935 1920 1049 1975; x_wconf 88' lang='lat' dir='ltr'>super</span> <span class='ocrx_word' id='word_1_312' title='bbox 1065 1921 1140 1962; x_wconf 90' lang='lat' dir='ltr'>hoc</span> <span class='ocrx_word' id='word_1_313' title='bbox 1168 1919 1299 1960; x_wconf 82' lang='lat' dir='ltr'>humi-</span> 
     </span>
     <span class='ocr_line' id='line_1_51' title="bbox 258 1975 1299 2036; baseline -0.009 -11"><span class='ocrx_word' id='word_1_314' title='bbox 258 1983 359 2025; x_wconf 86' lang='lat' dir='ltr'>liter</span> <span class='ocrx_word' id='word_1_315' title='bbox 389 1981 582 2036; x_wconf 67' lang='lat' dir='ltr'>porrectis</span> <span class='ocrx_word' id='word_1_316' title='bbox 611 1978 791 2020; x_wconf 77' lang='lat' dir='ltr'>inclinati</span> <span class='ocrx_word' id='word_1_317' title='bbox 807 2007 820 2029; x_wconf 79' lang='lat'><strong>,</strong></span> <span class='ocrx_word' id='word_1_318' title='bbox 859 1993 909 2021; x_wconf 93' lang='lat' dir='ltr'>ne</span> <span class='ocrx_word' id='word_1_319' title='bbox 934 1979 986 2020; x_wconf 94' lang='lat' dir='ltr'>de</span> <span class='ocrx_word' id='word_1_320' title='bbox 1016 1990 1165 2020; x_wconf 80' lang='lat' dir='ltr'>caetero</span> <span class='ocrx_word' id='word_1_321' title='bbox 1191 1975 1299 2033; x_wconf 76' lang='lat' dir='ltr'>quis—</span> 
     </span>
     <span class='ocr_line' id='line_1_52' title="bbox 259 2034 1300 2096; baseline -0.008 -14"><span class='ocrx_word' id='word_1_322' title='bbox 259 2053 376 2096; x_wconf 82' lang='lat' dir='ltr'>quam</span> <span class='ocrx_word' id='word_1_323' title='bbox 389 2068 404 2088; x_wconf 86' lang='lat'>,</span> <span class='ocrx_word' id='word_1_324' title='bbox 419 2038 556 2092; x_wconf 83' lang='lat' dir='ltr'>quavis</span> <span class='ocrx_word' id='word_1_325' title='bbox 572 2037 814 2080; x_wconf 66' lang='lat' dir='ltr'>auctoritate</span> <span class='ocrx_word' id='word_1_326' title='bbox 832 2034 1018 2092; x_wconf 80' lang='lat' dir='ltr'>sungenS‚</span> <span class='ocrx_word' id='word_1_327' title='bbox 1034 2038 1172 2089; x_wconf 69' lang='lat' dir='ltr'>libros,</span> <span class='ocrx_word' id='word_1_328' title='bbox 1184 2037 1300 2092; x_wconf 85' lang='lat' dir='ltr'>quin.-</span> 
     </span>
     <span class='ocr_line' id='line_1_53' title="bbox 259 2094 1299 2152; baseline -0.002 -13"><span class='ocrx_word' id='word_1_329' title='bbox 259 2109 376 2139; x_wconf 88' lang='lat' dir='ltr'>terna</span> <span class='ocrx_word' id='word_1_330' title='bbox 389 2096 527 2147; x_wconf 64' lang='lat' dir='ltr'>,folia³</span> <span class='ocrx_word' id='word_1_331' title='bbox 539 2096 617 2138; x_wconf 85' lang='lat' dir='ltr'>sive</span> <span class='ocrx_word' id='word_1_332' title='bbox 633 2094 809 2152; x_wconf 81' lang='lat' dir='ltr'>impressa</span> <span class='ocrx_word' id='word_1_333' title='bbox 822 2099 924 2146; x_wconf 78' lang='lat' dir='ltr'>,slve</span> <span class='ocrx_word' id='word_1_334' title='bbox 941 2097 1220 2149; x_wconf 80' lang='lat' dir='ltr'>manuscripta,</span> <span class='ocrx_word' id='word_1_335' title='bbox 1237 2095 1299 2137; x_wconf 84' lang='lat' dir='ltr'>di-</span> 
     </span>
     <span class='ocr_line' id='line_1_54' title="bbox 261 2154 1298 2211; baseline -0.003 -13"><span class='ocrx_word' id='word_1_336' title='bbox 261 2157 332 2198; x_wconf 71' lang='lat' dir='ltr'>c&#39;tis</span> <span class='ocrx_word' id='word_1_337' title='bbox 349 2156 614 2202; x_wconf 80' lang='lat' dir='ltr'>Bibliothecis</span> <span class='ocrx_word' id='word_1_338' title='bbox 635 2170 705 2209; x_wconf 90' lang='lat' dir='ltr'>per</span> <span class='ocrx_word' id='word_1_339' title='bbox 719 2155 974 2211; x_wconf 81' lang='lat' dir='ltr'>quoscunque</span> <span class='ocrx_word' id='word_1_340' title='bbox 1003 2154 1298 2198; x_wconf 88' lang='lat' dir='ltr'>Christifideles</span> 
     </span>
     <span class='ocr_line' id='line_1_55' title="bbox 259 2212 1301 2269; baseline -0.002 -13"><span class='ocrx_word' id='word_1_341' title='bbox 259 2217 452 2256; x_wconf 66' lang='lat' dir='ltr'>haetenus</span> <span class='ocrx_word' id='word_1_342' title='bbox 482 2213 790 2269; x_wconf 87' lang='lat' dir='ltr'>quomodolibet</span> <span class='ocrx_word' id='word_1_343' title='bbox 815 2212 990 2264; x_wconf 84' lang='lat' dir='ltr'>donata,</span> <span class='ocrx_word' id='word_1_344' title='bbox 1018 2217 1058 2256; x_wconf 66' lang='grc' dir='ltr'>ὃς</span> <span class='ocrx_word' id='word_1_345' title='bbox 1086 2214 1301 2268; x_wconf 72' lang='lat' dir='ltr'>assignata,</span> 
     </span>
     <span class='ocr_line' id='line_1_56' title="bbox 255 2270 1299 2330; baseline -0.002 -14"><span class='ocrx_word' id='word_1_346' title='bbox 255 2273 329 2316; x_wconf 88' lang='lat' dir='ltr'>seu</span> <span class='ocrx_word' id='word_1_347' title='bbox 342 2273 378 2314; x_wconf 90' lang='lat' dir='ltr'>in</span> <span class='ocrx_word' id='word_1_348' title='bbox 396 2272 594 2330; x_wconf 81' lang='lat' dir='ltr'>posterum</span> <span class='ocrx_word' id='word_1_349' title='bbox 610 2270 736 2315; x_wconf 82' lang='lat' dir='ltr'>forsan</span> <span class='ocrx_word' id='word_1_350' title='bbox 753 2271 993 2327; x_wconf 58' lang='lat' dir='ltr'>donanda2&amp;</span> <span class='ocrx_word' id='word_1_351' title='bbox 1010 2272 1299 2329; x_wconf 66' lang='lat' dir='ltr'>affignanda2ex</span> 
     </span>
     <span class='ocr_line' id='line_1_57' title="bbox 261 2331 1299 2388; baseline -0.001 -14"><span class='ocrx_word' id='word_1_352' title='bbox 261 2333 319 2374; x_wconf 88' lang='lat' dir='ltr'>eis</span> <span class='ocrx_word' id='word_1_353' title='bbox 336 2332 551 2375; x_wconf 85' lang='lat' dir='ltr'>extrahere</span> <span class='ocrx_word' id='word_1_354' title='bbox 565 2359 579 2382; x_wconf 81' lang='lat'>,</span> <span class='ocrx_word' id='word_1_355' title='bbox 593 2332 688 2382; x_wconf 78' lang='lat' dir='ltr'>five,</span> <span class='ocrx_word' id='word_1_356' title='bbox 705 2341 747 2372; x_wconf 88' lang='lat' dir='ltr'>ut</span> <span class='ocrx_word' id='word_1_357' title='bbox 764 2334 1043 2381; x_wconf 72' lang='lat' dir='ltr'>extrahantur,</span> <span class='ocrx_word' id='word_1_358' title='bbox 1060 2331 1299 2388; x_wconf 84' lang='lat' dir='ltr'>permittere</span> 
     </span>
     <span class='ocr_line' id='line_1_58' title="bbox 258 2389 1296 2445; baseline -0.001 -13"><span class='ocrx_word' id='word_1_359' title='bbox 258 2390 328 2432; x_wconf 89' lang='lat' dir='ltr'>sub</span> <span class='ocrx_word' id='word_1_360' title='bbox 353 2391 492 2445; x_wconf 89' lang='lat' dir='ltr'>quovis</span> <span class='ocrx_word' id='word_1_361' title='bbox 520 2389 680 2444; x_wconf 84' lang='lat' dir='ltr'>quaefito</span> <span class='ocrx_word' id='word_1_362' title='bbox 708 2390 874 2442; x_wconf 83' lang='lat' dir='ltr'>colore,</span> <span class='ocrx_word' id='word_1_363' title='bbox 900 2394 1012 2434; x_wconf 70' lang='lat' dir='ltr'>causa·</span> <span class='ocrx_word' id='word_1_364' title='bbox 1029 2419 1043 2440; x_wconf 63' lang='lat'><em>2</em></span> <span class='ocrx_word' id='word_1_365' title='bbox 1072 2399 1266 2445; x_wconf 83' lang='lat' dir='ltr'>praetextu</span> <span class='ocrx_word' id='word_1_366' title='bbox 1282 2418 1296 2441; x_wconf 86' lang='lat'>‚</span> 
     </span>
     <span class='ocr_line' id='line_1_59' title="bbox 261 2447 1297 2504; baseline 0 -14"><span class='ocrx_word' id='word_1_367' title='bbox 261 2449 328 2490; x_wconf 90' lang='lat' dir='ltr'>vel</span> <span class='ocrx_word' id='word_1_368' title='bbox 344 2449 550 2490; x_wconf 80' lang='lat' dir='ltr'>occaslone</span> <span class='ocrx_word' id='word_1_369' title='bbox 578 2447 724 2490; x_wconf 88' lang='lat' dir='ltr'>audeat</span> <span class='ocrx_word' id='word_1_370' title='bbox 753 2476 765 2497; x_wconf 81' lang='lat'>,</span> <span class='ocrx_word' id='word_1_371' title='bbox 798 2448 865 2491; x_wconf 90' lang='lat' dir='ltr'>seu</span> <span class='ocrx_word' id='word_1_372' title='bbox 893 2451 1101 2504; x_wconf 87' lang='lat' dir='ltr'>permittat</span> <span class='ocrx_word' id='word_1_373' title='bbox 1129 2451 1197 2490; x_wconf 78' lang='lat' dir='ltr'>sub</span> <span class='ocrx_word' id='word_1_374' title='bbox 1226 2463 1297 2490; x_wconf 89' lang='lat' dir='ltr'>ex-</span> 
     </span>
     <span class='ocr_line' id='line_1_60' title="bbox 259 2506 1299 2560; baseline -0.001 -13"><span class='ocrx_word' id='word_1_375' title='bbox 259 2506 635 2547; x_wconf 86' lang='lat' dir='ltr'>communicationis</span> <span class='ocrx_word' id='word_1_376' title='bbox 652 2535 667 2554; x_wconf 85' lang='lat'>,</span> <span class='ocrx_word' id='word_1_377' title='bbox 690 2519 735 2546; x_wconf 90' lang='lat' dir='ltr'>ac</span> <span class='ocrx_word' id='word_1_378' title='bbox 751 2508 986 2560; x_wconf 86' lang='lat' dir='ltr'>privationis</span> <span class='ocrx_word' id='word_1_379' title='bbox 1001 2508 1111 2549; x_wconf 89' lang='lat' dir='ltr'>vocis</span> <span class='ocrx_word' id='word_1_380' title='bbox 1137 2508 1269 2547; x_wconf 68' lang='lat' dir='ltr'>activae</span> <span class='ocrx_word' id='word_1_381' title='bbox 1284 2532 1299 2554; x_wconf 84' lang='lat'>,</span> 
     </span>
     <span class='ocr_line' id='line_1_61' title="bbox 257 2562 1300 2618; baseline -0.001 -14"><span class='ocrx_word' id='word_1_382' title='bbox 257 2565 296 2604; x_wconf 86' lang='lat'>&amp;</span> <span class='ocrx_word' id='word_1_383' title='bbox 313 2562 462 2618; x_wconf 85' lang='lat' dir='ltr'>paffivae</span> <span class='ocrx_word' id='word_1_384' title='bbox 476 2562 607 2616; x_wconf 88' lang='lat' dir='ltr'>poenis</span> <span class='ocrx_word' id='word_1_385' title='bbox 618 2588 631 2609; x_wconf 82' lang='grc'>,</span> <span class='ocrx_word' id='word_1_386' title='bbox 645 2576 716 2615; x_wconf 87' lang='lat' dir='ltr'>per</span> <span class='ocrx_word' id='word_1_387' title='bbox 729 2562 1069 2607; x_wconf 82' lang='lat' dir='ltr'>contrafacientes</span> <span class='ocrx_word' id='word_1_388' title='bbox 1089 2565 1300 2605; x_wconf 89' lang='lat' dir='ltr'>incurren-</span> 
     </span>
     <span class='ocr_line' id='line_1_62' title="bbox 258 2619 1294 2677; baseline 0.001 -15"><span class='ocrx_word' id='word_1_389' title='bbox 258 2619 338 2671; x_wconf 85' lang='lat' dir='ltr'>dis,</span> <span class='ocrx_word' id='word_1_390' title='bbox 354 2619 579 2674; x_wconf 86' lang='lat' dir='ltr'>Apostolica</span> <span class='ocrx_word' id='word_1_391' title='bbox 596 2620 848 2662; x_wconf 71' lang='lat' dir='ltr'>Auc&#39;toritate</span> <span class='ocrx_word' id='word_1_392' title='bbox 865 2630 1033 2671; x_wconf 78' lang='lat' dir='ltr'>‚tenore</span> <span class='ocrx_word' id='word_1_393' title='bbox 1048 2621 1294 2677; x_wconf 67' lang='lat' dir='ltr'>praesentium</span> 
     </span>
     <span class='ocr_line' id='line_1_63' title="bbox 258 2678 1297 2736; baseline 0.002 -17"><span class='ocrx_word' id='word_1_394' title='bbox 258 2678 542 2721; x_wconf 84' lang='lat' dir='ltr'>interdicimus</span> <span class='ocrx_word' id='word_1_395' title='bbox 559 2705 578 2727; x_wconf 80' lang='lat'><strong>,</strong></span> <span class='ocrx_word' id='word_1_396' title='bbox 603 2679 643 2717; x_wconf 62' lang='grc' dir='ltr'>ὃς</span> <span class='ocrx_word' id='word_1_397' title='bbox 657 2678 910 2732; x_wconf 86' lang='lat' dir='ltr'>prohibemus</span> <span class='ocrx_word' id='word_1_398' title='bbox 926 2681 1220 2736; x_wconf 88' lang='lat' dir='ltr'>:permittimus</span> <span class='ocrx_word' id='word_1_399' title='bbox 1236 2690 1297 2721; x_wconf 85' lang='lat' dir='ltr'>ta-</span> 
     </span>
     <span class='ocr_line' id='line_1_64' title="bbox 253 2734 1298 2787; baseline 0.003 -9"><span class='ocrx_word' id='word_1_400' title='bbox 253 2751 344 2780; x_wconf 85' lang='lat' dir='ltr'>men</span> <span class='ocrx_word' id='word_1_401' title='bbox 365 2734 683 2777; x_wconf 83' lang='lat' dir='ltr'>Pro-vincialibus</span> <span class='ocrx_word' id='word_1_402' title='bbox 698 2765 712 2787; x_wconf 85' lang='lat'>‚</span> <span class='ocrx_word' id='word_1_403' title='bbox 740 2739 778 2777; x_wconf 90' lang='lat'>&amp;</span> <span class='ocrx_word' id='word_1_404' title='bbox 796 2737 1088 2781; x_wconf 82' lang='lat' dir='ltr'>Diffinitoribus</span> <span class='ocrx_word' id='word_1_405' title='bbox 1101 2739 1194 2780; x_wconf 66' lang='lat' dir='ltr'>dieti</span> <span class='ocrx_word' id='word_1_406' title='bbox 1219 2741 1298 2781; x_wconf 92' lang='lat' dir='ltr'>Or-</span> 
     </span>
     <span class='ocr_line' id='line_1_65' title="bbox 255 2792 1294 2852; baseline 0.003 -15"><span class='ocrx_word' id='word_1_407' title='bbox 255 2795 363 2837; x_wconf 88' lang='lat' dir='ltr'>dinis</span> <span class='ocrx_word' id='word_1_408' title='bbox 377 2792 618 2848; x_wconf 64' lang='lat' dir='ltr'>coniunctim</span> <span class='ocrx_word' id='word_1_409' title='bbox 632 2795 951 2848; x_wconf 84' lang='lat' dir='ltr'>procedentibus</span> <span class='ocrx_word' id='word_1_410' title='bbox 968 2826 982 2849; x_wconf 84' lang='lat'><strong>,</strong></span> <span class='ocrx_word' id='word_1_411' title='bbox 1009 2806 1053 2840; x_wconf 91' lang='lat' dir='ltr'>ut</span> <span class='ocrx_word' id='word_1_412' title='bbox 1067 2812 1140 2852; x_wconf 89' lang='lat' dir='ltr'>per</span> <span class='ocrx_word' id='word_1_413' title='bbox 1153 2812 1294 2840; x_wconf 89' lang='lat' dir='ltr'>eorum</span> 
     </span>
     <span class='ocr_line' id='line_1_66' title="bbox 255 2851 1294 2908; baseline 0 -12"><span class='ocrx_word' id='word_1_414' title='bbox 255 2851 703 2908; x_wconf 82' lang='lat' dir='ltr'>Syndicos,earumdem</span> <span class='ocrx_word' id='word_1_415' title='bbox 717 2854 1062 2899; x_wconf 86' lang='lat' dir='ltr'>Bibliothecarum</span> <span class='ocrx_word' id='word_1_416' title='bbox 1078 2857 1294 2907; x_wconf 71' lang='lat' dir='ltr'>Libros,di.</span> 
     </span>
     <span class='ocr_line' id='line_1_67' title="bbox 254 2910 1293 2965; baseline 0.006 -12"><span class='ocrx_word' id='word_1_417' title='bbox 254 2915 319 2953; x_wconf 66' lang='lat' dir='ltr'>&amp;o</span> <span class='ocrx_word' id='word_1_418' title='bbox 337 2911 483 2952; x_wconf 89' lang='lat' dir='ltr'>Ordini</span> <span class='ocrx_word' id='word_1_419' title='bbox 502 2910 682 2960; x_wconf 73' lang='lat' dir='ltr'>inutiles,</span> <span class='ocrx_word' id='word_1_420' title='bbox 695 2925 783 2953; x_wconf 88' lang='lat' dir='ltr'>cum</span> <span class='ocrx_word' id='word_1_421' title='bbox 797 2913 889 2954; x_wconf 89' lang='lat' dir='ltr'>aliis</span> <span class='ocrx_word' id='word_1_422' title='bbox 902 2915 1090 2965; x_wconf 77' lang='lat' dir='ltr'>utilibus,</span> <span class='ocrx_word' id='word_1_423' title='bbox 1101 2915 1152 2957; x_wconf 92' lang='lat' dir='ltr'>de</span> <span class='ocrx_word' id='word_1_424' title='bbox 1168 2915 1293 2958; x_wconf 88' lang='lat' dir='ltr'>licen-</span> 
     </span>
     <span class='ocr_line' id='line_1_68' title="bbox 254 2968 1290 3028; baseline 0.007 -18"><span class='ocrx_word' id='word_1_425' title='bbox 254 2971 308 3013; x_wconf 83' lang='lat' dir='ltr'>tia</span> <span class='ocrx_word' id='word_1_426' title='bbox 325 2982 456 3011; x_wconf 89' lang='lat' dir='ltr'>tamen</span> <span class='ocrx_word' id='word_1_427' title='bbox 474 2968 635 3010; x_wconf 88' lang='lat' dir='ltr'>illorum</span> <span class='ocrx_word' id='word_1_428' title='bbox 652 2997 666 3019; x_wconf 84' lang='lat'>‚</span> <span class='ocrx_word' id='word_1_429' title='bbox 692 2971 758 3024; x_wconf 90' lang='lat' dir='ltr'>qui</span> <span class='ocrx_word' id='word_1_430' title='bbox 775 2970 936 3014; x_wconf 87' lang='lat' dir='ltr'>eosdem</span> <span class='ocrx_word' id='word_1_431' title='bbox 954 2972 1077 3014; x_wconf 88' lang='lat' dir='ltr'>libros</span> <span class='ocrx_word' id='word_1_432' title='bbox 1091 3002 1104 3024; x_wconf 87' lang='lat'>,</span> <span class='ocrx_word' id='word_1_433' title='bbox 1133 2975 1176 3014; x_wconf 79' lang='lat' dir='ltr'>ut</span> <span class='ocrx_word' id='word_1_434' title='bbox 1193 2987 1290 3028; x_wconf 77' lang='lat' dir='ltr'>prae-</span> 
     </span>
     <span class='ocr_line' id='line_1_69' title="bbox 250 3025 1287 3083; baseline 0.005 -13"><span class='ocrx_word' id='word_1_435' title='bbox 250 3027 410 3078; x_wconf 79' lang='lat' dir='ltr'>fertur,</span> <span class='ocrx_word' id='word_1_436' title='bbox 435 3025 708 3081; x_wconf 79' lang='lat' dir='ltr'>donaverint,</span> <span class='ocrx_word' id='word_1_437' title='bbox 740 3039 808 3072; x_wconf 87' lang='lat' dir='ltr'>aut</span> <span class='ocrx_word' id='word_1_438' title='bbox 835 3044 974 3073; x_wconf 84' lang='lat' dir='ltr'>eorum</span> <span class='ocrx_word' id='word_1_439' title='bbox 999 3031 1199 3074; x_wconf 87' lang='lat' dir='ltr'>haeredum</span> <span class='ocrx_word' id='word_1_440' title='bbox 1216 3061 1230 3083; x_wconf 83' lang='lat'>,</span> <span class='ocrx_word' id='word_1_441' title='bbox 1262 3033 1287 3075; x_wconf 85' lang='lat' dir='ltr'>fi</span> 
     </span>
     <span class='ocr_line' id='line_1_70' title="bbox 249 3084 1286 3143; baseline 0.005 -14"><span class='ocrx_word' id='word_1_442' title='bbox 249 3084 475 3139; x_wconf 82' lang='lat' dir='ltr'>exstiterint</span> <span class='ocrx_word' id='word_1_443' title='bbox 502 3114 515 3136; x_wconf 82' lang='grc'>,</span> <span class='ocrx_word' id='word_1_444' title='bbox 547 3096 776 3139; x_wconf 83' lang='lat' dir='ltr'>permutare</span> <span class='ocrx_word' id='word_1_445' title='bbox 792 3101 806 3128; x_wconf 72' lang='grc' dir='ltr'><em>τ</em></span> <span class='ocrx_word' id='word_1_446' title='bbox 820 3089 1102 3143; x_wconf 84' lang='lat' dir='ltr'>Superioribus</span> <span class='ocrx_word' id='word_1_447' title='bbox 1118 3099 1286 3134; x_wconf 79' lang='lat' dir='ltr'>autem...</span> 
     </span>
     <span class='ocr_line' id='line_1_71' title="bbox 247 3142 1286 3200; baseline 0.003 -13"><span class='ocrx_word' id='word_1_448' title='bbox 247 3144 491 3200; x_wconf 70' lang='lat' dir='ltr'>singularum</span> <span class='ocrx_word' id='word_1_449' title='bbox 522 3142 746 3200; x_wconf 77' lang='lat' dir='ltr'>hujufinodi</span> <span class='ocrx_word' id='word_1_450' title='bbox 781 3146 994 3190; x_wconf 86' lang='lat' dir='ltr'>domorum</span> <span class='ocrx_word' id='word_1_451' title='bbox 1008 3177 1022 3199; x_wconf 87' lang='lat'>,</span> <span class='ocrx_word' id='word_1_452' title='bbox 1048 3159 1089 3189; x_wconf 87' lang='lat' dir='ltr'>ut</span> <span class='ocrx_word' id='word_1_453' title='bbox 1118 3148 1242 3191; x_wconf 88' lang='lat' dir='ltr'>libros</span> <span class='ocrx_word' id='word_1_454' title='bbox 1269 3179 1286 3200; x_wconf 87' lang='lat'>,</span> 
     </span>
     <span class='ocr_line' id='line_1_72' title="bbox 248 3202 1285 3260; baseline 0.005 -16"><span class='ocrx_word' id='word_1_455' title='bbox 248 3205 458 3259; x_wconf 86' lang='lat' dir='ltr'>quinterna</span> <span class='ocrx_word' id='word_1_456' title='bbox 483 3231 498 3252; x_wconf 80' lang='lat'>‚</span> <span class='ocrx_word' id='word_1_457' title='bbox 537 3205 574 3244; x_wconf 71' lang='grc' dir='ltr'>δι</span> <span class='ocrx_word' id='word_1_458' title='bbox 599 3202 695 3247; x_wconf 88' lang='lat' dir='ltr'>solia</span> <span class='ocrx_word' id='word_1_459' title='bbox 719 3203 944 3260; x_wconf 82' lang='lat' dir='ltr'>hujusmodi</span> <span class='ocrx_word' id='word_1_460' title='bbox 971 3207 1098 3249; x_wconf 89' lang='lat' dir='ltr'>etiarn</span> <span class='ocrx_word' id='word_1_461' title='bbox 1125 3207 1147 3249; x_wconf 80' lang='grc' dir='ltr'>ὲ</span> <span class='ocrx_word' id='word_1_462' title='bbox 1171 3207 1285 3249; x_wconf 67' lang='lat' dir='ltr'>dietis</span> 
     </span>
     <span class='ocr_line' id='line_1_73' title="bbox 247 3261 1284 3315; baseline 0.005 -12"><span class='ocrx_word' id='word_1_463' title='bbox 247 3261 511 3310; x_wconf 75' lang='lat' dir='ltr'>Bibliothecis</span> <span class='ocrx_word' id='word_1_464' title='bbox 538 3275 610 3315; x_wconf 88' lang='lat' dir='ltr'>pro</span> <span class='ocrx_word' id='word_1_465' title='bbox 624 3262 695 3304; x_wconf 87' lang='lat' dir='ltr'>usu</span> <span class='ocrx_word' id='word_1_466' title='bbox 712 3263 838 3305; x_wconf 86' lang='lat' dir='ltr'>Verbi</span> <span class='ocrx_word' id='word_1_467' title='bbox 861 3266 937 3307; x_wconf 92' lang='lat' dir='ltr'>Dei</span> <span class='ocrx_word' id='word_1_468' title='bbox 967 3266 1284 3308; x_wconf 86' lang='lat' dir='ltr'>Praedicatorum</span> 
     </span>
    </p>
   </div>
   <div class='ocr_carea' id='block_1_10' title="bbox 246 3320 1392 3378">
    <p class='ocr_par' dir='ltr' id='par_1_13' title="bbox 246 3320 1392 3378">
     <span class='ocr_line' id='line_1_74' title="bbox 246 3320 1392 3378; baseline 0.004 -16"><span class='ocrx_word' id='word_1_469' title='bbox 246 3321 341 3364; x_wconf 66' lang='lat' dir='ltr'>dieti</span> <span class='ocrx_word' id='word_1_470' title='bbox 372 3320 535 3362; x_wconf 87' lang='lat' dir='ltr'>Ordinis</span> <span class='ocrx_word' id='word_1_471' title='bbox 560 3349 581 3370; x_wconf 20' lang='lat' dir='ltr'>‚f</span> <span class='ocrx_word' id='word_1_472' title='bbox 601 3323 669 3377; x_wconf 90' lang='lat' dir='ltr'>qui</span> <span class='ocrx_word' id='word_1_473' title='bbox 699 3321 737 3362; x_wconf 91' lang='lat' dir='ltr'>in</span> <span class='ocrx_word' id='word_1_474' title='bbox 764 3322 1010 3367; x_wconf 82' lang='lat' dir='ltr'>Civitatibus</span> <span class='ocrx_word' id='word_1_475' title='bbox 1036 3353 1054 3374; x_wconf 16' lang='lat' dir='ltr'>‚A</span> <span class='ocrx_word' id='word_1_476' title='bbox 1085 3325 1239 3378; x_wconf 86' lang='lat' dir='ltr'>oppidis</span> <span class='ocrx_word' id='word_1_477' title='bbox 1266 3356 1279 3375; x_wconf 83' lang='lat'>‚</span> <span class='ocrx_word' id='word_1_478' title='bbox 1349 3371 1357 3375; x_wconf 57' lang='grc'>,</span> <span class='ocrx_word' id='word_1_479' title='bbox 1388 3341 1392 3345; x_wconf 64' lang='grc'>’</span> 
     </span>
    </p>
   </div>
   <div class='ocr_carea' id='block_1_11' title="bbox 236 3379 1281 3849">
    <p class='ocr_par' dir='ltr' id='par_1_14' title="bbox 236 3379 1281 3849">
     <span class='ocr_line' id='line_1_75' title="bbox 247 3379 1281 3439; baseline 0.004 -18"><span class='ocrx_word' id='word_1_480' title='bbox 247 3379 384 3421; x_wconf 87' lang='lat' dir='ltr'>Terris</span> <span class='ocrx_word' id='word_1_481' title='bbox 412 3406 426 3429; x_wconf 82' lang='lat'>‚</span> <span class='ocrx_word' id='word_1_482' title='bbox 460 3380 610 3439; x_wconf 82' lang='lat' dir='ltr'>Castris</span> <span class='ocrx_word' id='word_1_483' title='bbox 639 3407 653 3429; x_wconf 83' lang='grc'>,</span> <span class='ocrx_word' id='word_1_484' title='bbox 689 3381 726 3421; x_wconf 76' lang='grc' dir='ltr'>δε</span> <span class='ocrx_word' id='word_1_485' title='bbox 755 3382 904 3433; x_wconf 84' lang='lat' dir='ltr'>Locis,</span> <span class='ocrx_word' id='word_1_486' title='bbox 932 3384 968 3424; x_wconf 90' lang='lat' dir='ltr'>in</span> <span class='ocrx_word' id='word_1_487' title='bbox 998 3383 1140 3438; x_wconf 87' lang='lat' dir='ltr'>quibus</span> <span class='ocrx_word' id='word_1_488' title='bbox 1169 3384 1281 3425; x_wconf 63' lang='lat' dir='ltr'>dictat</span> 
     </span>
     <span class='ocr_line' id='line_1_76' title="bbox 241 3437 1278 3491; baseline 0.002 -11"><span class='ocrx_word' id='word_1_489' title='bbox 241 3440 400 3480; x_wconf 89' lang='lat' dir='ltr'>Domus</span> <span class='ocrx_word' id='word_1_490' title='bbox 421 3437 586 3480; x_wconf 86' lang='lat' dir='ltr'>existant</span> <span class='ocrx_word' id='word_1_491' title='bbox 602 3468 617 3490; x_wconf 80' lang='lat'>‚</span> <span class='ocrx_word' id='word_1_492' title='bbox 644 3439 707 3481; x_wconf 89' lang='lat' dir='ltr'>vel</span> <span class='ocrx_word' id='word_1_493' title='bbox 729 3439 927 3491; x_wconf 84' lang='lat' dir='ltr'>existunt,</span> <span class='ocrx_word' id='word_1_494' title='bbox 958 3452 1024 3483; x_wconf 86' lang='lat' dir='ltr'>aut</span> <span class='ocrx_word' id='word_1_495' title='bbox 1046 3440 1132 3482; x_wconf 89' lang='lat' dir='ltr'>aliis</span> <span class='ocrx_word' id='word_1_496' title='bbox 1162 3443 1278 3484; x_wconf 89' lang='lat' dir='ltr'>Locis</span> 
     </span>
     <span class='ocr_line' id='line_1_77' title="bbox 241 3494 1278 3553; baseline 0.003 -15"><span class='ocrx_word' id='word_1_497' title='bbox 241 3494 423 3553; x_wconf 82' lang='lat' dir='ltr'>ejusdem</span> <span class='ocrx_word' id='word_1_498' title='bbox 443 3496 636 3539; x_wconf 81' lang='lat' dir='ltr'>Dioecesis</span> <span class='ocrx_word' id='word_1_499' title='bbox 650 3525 663 3548; x_wconf 81' lang='lat'>,</span> <span class='ocrx_word' id='word_1_500' title='bbox 679 3496 743 3538; x_wconf 91' lang='lat' dir='ltr'>vel</span> <span class='ocrx_word' id='word_1_501' title='bbox 762 3513 840 3541; x_wconf 89' lang='lat' dir='ltr'>non</span> <span class='ocrx_word' id='word_1_502' title='bbox 857 3498 1027 3541; x_wconf 77' lang='lat' dir='ltr'>multum</span> <span class='ocrx_word' id='word_1_503' title='bbox 1042 3498 1278 3541; x_wconf 84' lang='lat' dir='ltr'>distantibus</span> 
     </span>
     <span class='ocr_line' id='line_1_78' title="bbox 239 3553 1278 3610; baseline 0.004 -14"><span class='ocrx_word' id='word_1_504' title='bbox 239 3553 545 3610; x_wconf 86' lang='lat' dir='ltr'>praedicabunt‚</span> <span class='ocrx_word' id='word_1_505' title='bbox 569 3557 807 3607; x_wconf 78' lang='lat' dir='ltr'>extrahere,</span> <span class='ocrx_word' id='word_1_506' title='bbox 832 3571 877 3599; x_wconf 89' lang='lat' dir='ltr'>ac</span> <span class='ocrx_word' id='word_1_507' title='bbox 898 3558 1106 3602; x_wconf 84' lang='lat' dir='ltr'>Fratribus</span> <span class='ocrx_word' id='word_1_508' title='bbox 1125 3560 1278 3600; x_wconf 85' lang='lat' dir='ltr'>Domo-</span> 
     </span>
     <span class='ocr_line' id='line_1_79' title="bbox 238 3613 1274 3669; baseline 0.002 -13"><span class='ocrx_word' id='word_1_509' title='bbox 238 3628 327 3656; x_wconf 86' lang='lat' dir='ltr'>rum</span> <span class='ocrx_word' id='word_1_510' title='bbox 352 3613 613 3667; x_wconf 83' lang='lat' dir='ltr'>Regularium</span> <span class='ocrx_word' id='word_1_511' title='bbox 641 3613 862 3669; x_wconf 83' lang='lat' dir='ltr'>hujusmodi</span> <span class='ocrx_word' id='word_1_512' title='bbox 887 3646 900 3668; x_wconf 79' lang='lat'><strong>‚</strong></span> <span class='ocrx_word' id='word_1_513' title='bbox 928 3627 970 3659; x_wconf 92' lang='lat' dir='ltr'>ut</span> <span class='ocrx_word' id='word_1_514' title='bbox 993 3616 1060 3659; x_wconf 87' lang='lat' dir='ltr'>illa</span> <span class='ocrx_word' id='word_1_515' title='bbox 1090 3614 1274 3658; x_wconf 87' lang='lat' dir='ltr'>studendi</span> 
     </span>
     <span class='ocr_line' id='line_1_80' title="bbox 237 3669 1274 3725; baseline 0.003 -11"><span class='ocrx_word' id='word_1_516' title='bbox 237 3671 352 3714; x_wconf 88' lang='lat' dir='ltr'>causa</span> <span class='ocrx_word' id='word_1_517' title='bbox 367 3670 416 3714; x_wconf 86' lang='lat' dir='ltr'>ad</span> <span class='ocrx_word' id='word_1_518' title='bbox 433 3669 651 3714; x_wconf 81' lang='lat' dir='ltr'>suascellas</span> <span class='ocrx_word' id='word_1_519' title='bbox 666 3671 827 3716; x_wconf 87' lang='lat' dir='ltr'>deferre</span> <span class='ocrx_word' id='word_1_520' title='bbox 841 3676 1027 3725; x_wconf 80' lang='lat' dir='ltr'>valeant,</span> <span class='ocrx_word' id='word_1_521' title='bbox 1055 3674 1274 3717; x_wconf 88' lang='lat' dir='ltr'>dummodo</span> 
     </span>
     <span class='ocr_line' id='line_1_81' title="bbox 236 3728 1272 3790; baseline 0.003 -17"><span class='ocrx_word' id='word_1_522' title='bbox 236 3732 277 3773; x_wconf 88' lang='lat' dir='ltr'>in</span> <span class='ocrx_word' id='word_1_523' title='bbox 295 3728 397 3772; x_wconf 89' lang='lat' dir='ltr'>libro</span> <span class='ocrx_word' id='word_1_524' title='bbox 409 3759 421 3781; x_wconf 84' lang='lat'>‚</span> <span class='ocrx_word' id='word_1_525' title='bbox 438 3730 488 3771; x_wconf 85' lang='lat' dir='ltr'>ad</span> <span class='ocrx_word' id='word_1_526' title='bbox 503 3728 545 3770; x_wconf 75' lang='lat' dir='ltr'>id</span> <span class='ocrx_word' id='word_1_527' title='bbox 555 3731 594 3771; x_wconf 91' lang='lat' dir='ltr'>in</span> <span class='ocrx_word' id='word_1_528' title='bbox 610 3729 871 3775; x_wconf 87' lang='lat' dir='ltr'>Bibliothecis</span> <span class='ocrx_word' id='word_1_529' title='bbox 896 3733 1118 3790; x_wconf 84' lang='lat' dir='ltr'>hujusmodi</span> <span class='ocrx_word' id='word_1_530' title='bbox 1134 3742 1272 3788; x_wconf 84' lang='lat' dir='ltr'>parato</span> 
     </span>
     <span class='ocr_line' id='line_1_82' title="bbox 236 3787 1269 3849; baseline 0.001 -17"><span class='ocrx_word' id='word_1_531' title='bbox 236 3789 398 3847; x_wconf 77' lang='lat' dir='ltr'>nomina</span> <span class='ocrx_word' id='word_1_532' title='bbox 427 3787 490 3834; x_wconf 80' lang='lat' dir='ltr'>sua</span> <span class='ocrx_word' id='word_1_533' title='bbox 508 3818 521 3841; x_wconf 69' lang='lat'>2</span> <span class='ocrx_word' id='word_1_534' title='bbox 549 3789 800 3832; x_wconf 85' lang='lat' dir='ltr'>&amp;librorum</span> <span class='ocrx_word' id='word_1_535' title='bbox 816 3819 831 3843; x_wconf 78' lang='lat'>‚</span> <span class='ocrx_word' id='word_1_536' title='bbox 858 3794 924 3835; x_wconf 87' lang='lat' dir='ltr'>seu</span> <span class='ocrx_word' id='word_1_537' title='bbox 939 3793 1269 3849; x_wconf 79' lang='lat' dir='ltr'>quinternorum,</span> 
     </span>
    </p>
   </div>
   <div class='ocr_carea' id='block_1_12' title="bbox 1866 1801 2280 1846">
    <p class='ocr_par' dir='ltr' id='par_1_15' title="bbox 1866 1801 2280 1846">
     <span class='ocr_line' id='line_1_83' title="bbox 1866 1801 2280 1846; baseline -0.005 0"><span class='ocrx_word' id='word_1_538' title='bbox 1866 1805 1927 1846; x_wconf 84' lang='lat' dir='ltr'>M.</span> <span class='ocrx_word' id='word_1_539' title='bbox 1961 1805 2011 1844; x_wconf 91' lang='lat' dir='ltr'>A.</span> <span class='ocrx_word' id='word_1_540' title='bbox 2042 1801 2253 1846; x_wconf 77' lang='lat' dir='ltr'>Maraldus</span> <span class='ocrx_word' id='word_1_541' title='bbox 2268 1833 2280 1844; x_wconf 91' lang='lat'><strong>.</strong></span> 
     </span>
    </p>
   </div>
   <div class='ocr_carea' id='block_1_13' title="bbox 1416 1918 2400 2091">
    <p class='ocr_par' dir='ltr' id='par_1_16' title="bbox 1416 1918 2400 2091">
     <span class='ocr_line' id='line_1_84' title="bbox 1416 1918 2395 1978; baseline -0.006 -12"><span class='ocrx_word' id='word_1_542' title='bbox 1416 1923 1662 1978; x_wconf 72' lang='lat' dir='ltr'>Aulograph.</span> <span class='ocrx_word' id='word_1_543' title='bbox 1687 1922 1730 1963; x_wconf 65' lang='lat' dir='ltr'>in</span> <span class='ocrx_word' id='word_1_544' title='bbox 1757 1918 1876 1963; x_wconf 83' lang='lat' dir='ltr'>Arcb.</span> <span class='ocrx_word' id='word_1_545' title='bbox 1904 1923 2047 1961; x_wconf 80' lang='lat' dir='ltr'>Secret.</span> <span class='ocrx_word' id='word_1_546' title='bbox 2079 1925 2194 1960; x_wconf 76' lang='lat' dir='ltr'>Brcv.</span> <span class='ocrx_word' id='word_1_547' title='bbox 2225 1920 2395 1977; x_wconf 65' lang='lat' dir='ltr'>Apostinl.</span> 
     </span>
     <span class='ocr_line' id='line_1_85' title="bbox 1477 1977 2400 2037; baseline -0.004 -13"><span class='ocrx_word' id='word_1_548' title='bbox 1477 1985 1569 2036; x_wconf 82' lang='lat' dir='ltr'>Reg.</span> <span class='ocrx_word' id='word_1_549' title='bbox 1591 1981 1714 2037; x_wconf 76' lang='lat' dir='ltr'>Menſs</span> <span class='ocrx_word' id='word_1_550' title='bbox 1726 1980 1840 2033; x_wconf 70' lang='lat' dir='ltr'>‘julii</span> <span class='ocrx_word' id='word_1_551' title='bbox 1861 1978 1906 2018; x_wconf 80' lang='lat'>.6</span> <span class='ocrx_word' id='word_1_552' title='bbox 1911 1992 1929 2031; x_wconf 86' lang='lat'><em>3</em></span> <span class='ocrx_word' id='word_1_553' title='bbox 1941 1980 1977 2017; x_wconf 90' lang='lat'>8.</span> <span class='ocrx_word' id='word_1_554' title='bbox 1995 1978 2039 2018; x_wconf 78' lang='lat' dir='ltr'>de</span> <span class='ocrx_word' id='word_1_555' title='bbox 2060 1991 2133 2032; x_wconf 84' lang='lat' dir='ltr'>quo</span> <span class='ocrx_word' id='word_1_556' title='bbox 2159 1983 2283 2019; x_wconf 82' lang='lat' dir='ltr'>Breve</span> <span class='ocrx_word' id='word_1_557' title='bbox 2300 1977 2400 2035; x_wconf 86' lang='lat' dir='ltr'>for-</span> 
     </span>
     <span class='ocr_line' id='line_1_86' title="bbox 1473 2036 2397 2091; baseline -0.005 -9"><span class='ocrx_word' id='word_1_558' title='bbox 1473 2051 1622 2082; x_wconf 83' lang='lat' dir='ltr'>matum</span> <span class='ocrx_word' id='word_1_559' title='bbox 1636 2043 1678 2080; x_wconf 80' lang='lat' dir='ltr'>in</span> <span class='ocrx_word' id='word_1_560' title='bbox 1694 2037 1816 2081; x_wconf 85' lang='lat' dir='ltr'>Arch.</span> <span class='ocrx_word' id='word_1_561' title='bbox 1825 2049 1916 2091; x_wconf 80' lang='lat' dir='ltr'>gen.</span> <span class='ocrx_word' id='word_1_562' title='bbox 1933 2036 2027 2077; x_wconf 86' lang='lat' dir='ltr'>ord.</span> <span class='ocrx_word' id='word_1_563' title='bbox 2053 2040 2153 2079; x_wconf 79' lang='lat' dir='ltr'><em>Tem.</em></span> <span class='ocrx_word' id='word_1_564' title='bbox 2172 2039 2225 2078; x_wconf 91' lang='lat' dir='ltr'>H.</span> <span class='ocrx_word' id='word_1_565' title='bbox 2243 2051 2285 2079; x_wconf 87' lang='lat' dir='ltr'>n.</span> <span class='ocrx_word' id='word_1_566' title='bbox 2307 2051 2397 2090; x_wconf 80' lang='lat'><em>119.</em></span> 
     </span>
    </p>
   </div>
   <div class='ocr_carea' id='block_1_14' title="bbox 1602 2155 2164 2220">
    <p class='ocr_par' dir='ltr' id='par_1_17' title="bbox 1602 2155 2164 2220">
     <span class='ocr_line' id='line_1_87' title="bbox 1602 2155 2164 2220; baseline -0.014 0"><span class='ocrx_word' id='word_1_567' title='bbox 1602 2155 2164 2220; x_wconf 89' lang='lat' dir='ltr'>NOTA.</span> 
     </span>
    </p>
   </div>
   <div class='ocr_carea' id='block_1_15' title="bbox 1360 2275 2400 2391">
    <p class='ocr_par' dir='ltr' id='par_1_18' title="bbox 1360 2275 2400 2391">
     <span class='ocr_line' id='line_1_88' title="bbox 1360 2275 2400 2387; baseline -0.01 -47"><span class='ocrx_word' id='word_1_568' title='bbox 1360 2302 1584 2387; x_wconf 61' lang='lat' dir='ltr'>Vldefldf?</span> <span class='ocrx_word' id='word_1_569' title='bbox 1595 2310 1733 2346; x_wconf 80' lang='lat' dir='ltr'>quoque</span> <span class='ocrx_word' id='word_1_570' title='bbox 1743 2298 1818 2334; x_wconf 80' lang='lat' dir='ltr'>sunt</span> <span class='ocrx_word' id='word_1_571' title='bbox 1834 2297 1877 2333; x_wconf 85' lang='lat' dir='ltr'>de</span> <span class='ocrx_word' id='word_1_572' title='bbox 1887 2299 2003 2356; x_wconf 64' lang='lat' dir='ltr'>baete</span> <span class='ocrx_word' id='word_1_573' title='bbox 2010 2297 2291 2354; x_wconf 45' lang='lat' dir='ltr'>Constituti-ones</span> <span class='ocrx_word' id='word_1_574' title='bbox 2303 2275 2400 2335; x_wconf 81' lang='lat' dir='ltr'>Inno-</span> 
     </span>
     <span class='ocr_line' id='line_1_89' title="bbox 1475 2346 2399 2391; baseline -0.011 -3"><span class='ocrx_word' id='word_1_575' title='bbox 1475 2362 1577 2388; x_wconf 85' lang='lat' dir='ltr'>centn</span> <span class='ocrx_word' id='word_1_576' title='bbox 1592 2349 1639 2384; x_wconf 90' lang='lat' dir='ltr'>X.</span> <span class='ocrx_word' id='word_1_577' title='bbox 1652 2372 1663 2391; x_wconf 90' lang='lat'><strong><em>‚</em></strong></span> <span class='ocrx_word' id='word_1_578' title='bbox 1676 2350 1710 2384; x_wconf 74' lang='lat'>8&lt;</span> <span class='ocrx_word' id='word_1_579' title='bbox 1723 2346 1911 2383; x_wconf 79' lang='lat' dir='ltr'>Alexandri</span> <span class='ocrx_word' id='word_1_580' title='bbox 1926 2346 2008 2382; x_wconf 89' lang='lat' dir='ltr'>Vll.</span> <span class='ocrx_word' id='word_1_581' title='bbox 2035 2346 2209 2381; x_wconf 61' lang='lat' dir='ltr'>Benediffi‘ti</span> <span class='ocrx_word' id='word_1_582' title='bbox 2222 2347 2320 2383; x_wconf 91' lang='lat' dir='ltr'>Xlll.</span> <span class='ocrx_word' id='word_1_583' title='bbox 2334 2346 2399 2380; x_wconf 70' lang='lat' dir='ltr'>&amp;c-</span> 
     </span>
    </p>
   </div>
   <div class='ocr_carea' id='block_1_16' title="bbox 1361 2392 2350 2438">
    <p class='ocr_par' dir='ltr' id='par_1_19' title="bbox 1361 2392 2350 2438">
     <span class='ocr_line' id='line_1_90' title="bbox 1361 2392 2350 2438; baseline -0.011 0"><span class='ocrx_word' id='word_1_584' title='bbox 1361 2404 1448 2438; x_wconf 88' lang='lat' dir='ltr'>Item</span> <span class='ocrx_word' id='word_1_585' title='bbox 1462 2401 1498 2436; x_wconf 82' lang='lat'>&amp;</span> <span class='ocrx_word' id='word_1_586' title='bbox 1514 2399 1621 2435; x_wconf 80' lang='lat' dir='ltr'>index</span> <span class='ocrx_word' id='word_1_587' title='bbox 1633 2397 1812 2433; x_wconf 82' lang='lat' dir='ltr'>Generalis</span> <span class='ocrx_word' id='word_1_588' title='bbox 1832 2395 1964 2432; x_wconf 88' lang='lat' dir='ltr'>Verbo.</span> <span class='ocrx_word' id='word_1_589' title='bbox 1991 2392 2205 2430; x_wconf 73' lang='lat' dir='ltr'>Bibliotheca</span> <span class='ocrx_word' id='word_1_590' title='bbox 2240 2417 2252 2428; x_wconf 86' lang='lat'><strong>.</strong></span> <span class='ocrx_word' id='word_1_591' title='bbox 2348 2407 2350 2411; x_wconf 62' lang='lat'><strong><em>¹</em></strong></span> 
     </span>
    </p>
   </div>
   <div class='ocr_carea' id='block_1_17' title="bbox 1386 2523 2370 2541">
    <p class='ocr_par' dir='ltr' id='par_1_20' title="bbox 1386 2523 2370 2541">
     <span class='ocr_line' id='line_1_91' title="bbox 1386 2523 2370 2541; baseline -0.006 0"><span class='ocrx_word' id='word_1_592' title='bbox 1386 2523 2370 2541; x_wconf 42' lang='lat' dir='ltr'>——m———F-——nss</span> 
     </span>
    </p>
   </div>
   <div class='ocr_carea' id='block_1_18' title="bbox 1518 2734 2231 2803">
    <p class='ocr_par' dir='ltr' id='par_1_21' title="bbox 1518 2734 2231 2803">
     <span class='ocr_line' id='line_1_92' title="bbox 1518 2734 2231 2803; baseline -0.004 -16"><span class='ocrx_word' id='word_1_593' title='bbox 1518 2737 1650 2787; x_wconf 84' lang='lat' dir='ltr'>Sacrae</span> <span class='ocrx_word' id='word_1_594' title='bbox 1679 2736 2014 2803; x_wconf 64' lang='lat' dir='ltr'>Congregarionis</span> <span class='ocrx_word' id='word_1_595' title='bbox 2045 2734 2231 2784; x_wconf 81' lang='lat' dir='ltr'>Rituum</span> 
     </span>
    </p>
   </div>
   <div class='ocr_carea' id='block_1_19' title="bbox 1355 2865 2389 3059">
    <p class='ocr_par' dir='ltr' id='par_1_22' title="bbox 1355 2865 2389 3059">
     <span class='ocr_line' id='line_1_93' title="bbox 1355 2865 2389 2919; baseline -0.005 0"><span class='ocrx_word' id='word_1_596' title='bbox 1355 2866 1612 2919; x_wconf 79' lang='lat' dir='ltr'>Proceffum</span> <span class='ocrx_word' id='word_1_597' title='bbox 1641 2866 1696 2915; x_wconf 92' lang='lat' dir='ltr'>de</span> <span class='ocrx_word' id='word_1_598' title='bbox 1724 2881 1813 2912; x_wconf 90' lang='lat' dir='ltr'>non</span> <span class='ocrx_word' id='word_1_599' title='bbox 1839 2865 1967 2914; x_wconf 90' lang='lat' dir='ltr'>cultu</span> <span class='ocrx_word' id='word_1_600' title='bbox 1994 2866 2113 2914; x_wconf 89' lang='lat' dir='ltr'>Ven.</span> <span class='ocrx_word' id='word_1_601' title='bbox 2144 2865 2230 2912; x_wconf 89' lang='lat' dir='ltr'>Dei</span> <span class='ocrx_word' id='word_1_602' title='bbox 2256 2866 2389 2914; x_wconf 86' lang='lat' dir='ltr'>Servi</span> 
     </span>
     <span class='ocr_line' id='line_1_94' title="bbox 1387 2932 2388 3004; baseline -0.004 -16"><span class='ocrx_word' id='word_1_603' title='bbox 1387 2939 1462 2989; x_wconf 85' lang='lat' dir='ltr'>Fr.</span> <span class='ocrx_word' id='word_1_604' title='bbox 1485 2937 1706 3004; x_wconf 85' lang='lat' dir='ltr'>Raynerii</span> <span class='ocrx_word' id='word_1_605' title='bbox 1729 2935 1982 2985; x_wconf 89' lang='lat' dir='ltr'>Tudertini·</span> <span class='ocrx_word' id='word_1_606' title='bbox 2000 2933 2227 2985; x_wconf 82' lang='lat' dir='ltr'>formandi</span> <span class='ocrx_word' id='word_1_607' title='bbox 2251 2932 2388 2984; x_wconf 73' lang='lat' dir='ltr'>facul-</span> 
     </span>
     <span class='ocr_line' id='line_1_95' title="bbox 1384 3008 1658 3059; baseline -0.015 0"><span class='ocrx_word' id='word_1_608' title='bbox 1384 3024 1452 3059; x_wconf 87' lang='lat' dir='ltr'>tas</span> <span class='ocrx_word' id='word_1_609' title='bbox 1480 3008 1616 3058; x_wconf 85' lang='lat' dir='ltr'>datur</span> <span class='ocrx_word' id='word_1_610' title='bbox 1633 3043 1658 3056; x_wconf 54' lang='lat'>2.</span> 
     </span>
    </p>
   </div>
   <div class='ocr_carea' id='block_1_20' title="bbox 1433 3135 2300 3203">
    <p class='ocr_par' dir='ltr' id='par_1_23' title="bbox 1433 3135 2300 3203">
     <span class='ocr_line' id='line_1_96' title="bbox 1433 3135 2300 3203; baseline -0.008 -15"><span class='ocrx_word' id='word_1_611' title='bbox 1433 3136 1697 3203; x_wconf 44' lang='lat' dir='ltr'>Eminentfit</span> <span class='ocrx_word' id='word_1_612' title='bbox 1725 3154 1779 3184; x_wconf 86' lang='lat' dir='ltr'>ac·</span> <span class='ocrx_word' id='word_1_613' title='bbox 1796 3135 2093 3203; x_wconf 64' lang='lat' dir='ltr'>Reverendifin</span> <span class='ocrx_word' id='word_1_614' title='bbox 2124 3136 2300 3184; x_wconf 80' lang='lat' dir='ltr'>Domini</span> 
     </span>
    </p>
   </div>
   <div class='ocr_carea' id='block_1_21' title="bbox 1330 3262 2388 3892">
    <p class='ocr_par' dir='ltr' id='par_1_24' title="bbox 1330 3262 2388 3892">
     <span class='ocr_line' id='line_1_97' title="bbox 1441 3262 2385 3317; baseline -0.005 -10"><span class='ocrx_word' id='word_1_615' title='bbox 1441 3267 1677 3308; x_wconf 83' lang='lat' dir='ltr'>Rocurator</span> <span class='ocrx_word' id='word_1_616' title='bbox 1691 3263 1825 3307; x_wconf 84' lang='lat' dir='ltr'>Causae</span> <span class='ocrx_word' id='word_1_617' title='bbox 1840 3266 1943 3306; x_wconf 89' lang='lat' dir='ltr'>Ven.</span> <span class='ocrx_word' id='word_1_618' title='bbox 1961 3264 2037 3306; x_wconf 88' lang='lat' dir='ltr'>Dei</span> <span class='ocrx_word' id='word_1_619' title='bbox 2053 3262 2170 3304; x_wconf 89' lang='lat' dir='ltr'>Servi</span> <span class='ocrx_word' id='word_1_620' title='bbox 2187 3264 2250 3303; x_wconf 85' lang='lat' dir='ltr'>Fr.-</span> <span class='ocrx_word' id='word_1_621' title='bbox 2267 3262 2385 3317; x_wconf 80' lang='lat' dir='ltr'>Ray-</span> 
     </span>
     <span class='ocr_line' id='line_1_98' title="bbox 1460 3321 2382 3375; baseline -0.008 -7"><span class='ocrx_word' id='word_1_622' title='bbox 1460 3324 1561 3366; x_wconf 86' lang='lat' dir='ltr'>nerii</span> <span class='ocrx_word' id='word_1_623' title='bbox 1587 3323 1803 3367; x_wconf 87' lang='lat' dir='ltr'>Tudertini</span> <span class='ocrx_word' id='word_1_624' title='bbox 1822 3322 2064 3364; x_wconf 88' lang='lat' dir='ltr'>Eminentiis</span> <span class='ocrx_word' id='word_1_625' title='bbox 2091 3321 2227 3362; x_wconf 87' lang='lat' dir='ltr'>vestris</span> <span class='ocrx_word' id='word_1_626' title='bbox 2252 3334 2382 3375; x_wconf 83' lang='lat' dir='ltr'>expo-</span> 
     </span>
     <span class='ocr_line' id='line_1_99' title="bbox 1341 3376 2388 3438; baseline -0.002 -16"><span class='ocrx_word' id='word_1_627' title='bbox 1341 3383 1400 3422; x_wconf 88' lang='lat' dir='ltr'>nit</span> <span class='ocrx_word' id='word_1_628' title='bbox 1426 3412 1450 3432; x_wconf 83' lang='grc'>,.</span> <span class='ocrx_word' id='word_1_629' title='bbox 1480 3381 1586 3437; x_wconf 88' lang='lat' dir='ltr'>quod</span> <span class='ocrx_word' id='word_1_630' title='bbox 1617 3385 1759 3438; x_wconf 88' lang='lat' dir='ltr'>vigore</span> <span class='ocrx_word' id='word_1_631' title='bbox 1787 3381 1996 3421; x_wconf 83' lang='lat' dir='ltr'>literarum</span> <span class='ocrx_word' id='word_1_632' title='bbox 2027 3376 2388 3420; x_wconf 61' lang='lat' dir='ltr'>remissorialium</span> 
     </span>
     <span class='ocr_line' id='line_1_100' title="bbox 1341 3434 2387 3493; baseline -0.002 -13"><span class='ocrx_word' id='word_1_633' title='bbox 1341 3437 1464 3482; x_wconf 82' lang='lat' dir='ltr'>fuerit</span> <span class='ocrx_word' id='word_1_634' title='bbox 1486 3443 1727 3484; x_wconf 65' lang='lat' dir='ltr'>auctoritate</span> <span class='ocrx_word' id='word_1_635' title='bbox 1753 3438 1983 3493; x_wconf 82' lang='lat' dir='ltr'>Apostolica</span> <span class='ocrx_word' id='word_1_636' title='bbox 2011 3434 2212 3493; x_wconf 79' lang='lat' dir='ltr'>processus</span> <span class='ocrx_word' id='word_1_637' title='bbox 2234 3435 2387 3479; x_wconf 90' lang='lat' dir='ltr'>forma·-</span> 
     </span>
     <span class='ocr_line' id='line_1_101' title="bbox 1341 3496 2384 3554; baseline -0.002 -15"><span class='ocrx_word' id='word_1_638' title='bbox 1341 3507 1404 3539; x_wconf 86' lang='lat' dir='ltr'>tus</span> <span class='ocrx_word' id='word_1_639' title='bbox 1421 3529 1435 3549; x_wconf 85' lang='lat'>‚</span> <span class='ocrx_word' id='word_1_640' title='bbox 1460 3509 1624 3554; x_wconf 85' lang='lat' dir='ltr'>apertus</span> <span class='ocrx_word' id='word_1_641' title='bbox 1640 3528 1654 3550; x_wconf 81' lang='lat'>,</span> <span class='ocrx_word' id='word_1_642' title='bbox 1681 3499 1718 3538; x_wconf 87' lang='lat'>&amp;</span> <span class='ocrx_word' id='word_1_643' title='bbox 1750 3497 1841 3538; x_wconf 88' lang='lat' dir='ltr'>huic</span> <span class='ocrx_word' id='word_1_644' title='bbox 1870 3500 1910 3539; x_wconf 87' lang='lat' dir='ltr'>S.</span> <span class='ocrx_word' id='word_1_645' title='bbox 1935 3496 2257 3549; x_wconf 83' lang='lat' dir='ltr'>Congregationi</span> <span class='ocrx_word' id='word_1_646' title='bbox 2286 3509 2384 3550; x_wconf 81' lang='lat' dir='ltr'>prae-</span> 
     </span>
     <span class='ocr_line' id='line_1_102' title="bbox 1339 3553 2383 3611; baseline -0.005 -12"><span class='ocrx_word' id='word_1_647' title='bbox 1339 3555 1546 3609; x_wconf 76' lang='lat' dir='ltr'>sentatus3</span> <span class='ocrx_word' id='word_1_648' title='bbox 1573 3559 1755 3611; x_wconf 85' lang='lat' dir='ltr'>dumque</span> <span class='ocrx_word' id='word_1_649' title='bbox 1767 3554 1943 3596; x_wconf 82' lang='lat' dir='ltr'>debebat</span> <span class='ocrx_word' id='word_1_650' title='bbox 1959 3553 2064 3596; x_wconf 90' lang='lat' dir='ltr'>illius</span> <span class='ocrx_word' id='word_1_651' title='bbox 2083 3554 2267 3598; x_wconf 90' lang='lat' dir='ltr'>validitas</span> <span class='ocrx_word' id='word_1_652' title='bbox 2286 3568 2383 3596; x_wconf 75' lang='lat' dir='ltr'>exa-</span> 
     </span>
     <span class='ocr_line' id='line_1_103' title="bbox 1335 3611 2383 3668; baseline 0 -13"><span class='ocrx_word' id='word_1_653' title='bbox 1335 3616 1474 3659; x_wconf 77' lang='lat' dir='ltr'>minari</span> <span class='ocrx_word' id='word_1_654' title='bbox 1501 3644 1515 3666; x_wconf 62' lang='lat'>0,</span> <span class='ocrx_word' id='word_1_655' title='bbox 1549 3619 1768 3658; x_wconf 89' lang='lat' dir='ltr'>Promotor</span> <span class='ocrx_word' id='word_1_656' title='bbox 1802 3611 1897 3654; x_wconf 88' lang='lat' dir='ltr'>fidei</span> <span class='ocrx_word' id='word_1_657' title='bbox 1932 3612 2115 3668; x_wconf 80' lang='lat' dir='ltr'>opposuit</span> <span class='ocrx_word' id='word_1_658' title='bbox 2137 3642 2151 3665; x_wconf 78' lang='grc'>,</span> <span class='ocrx_word' id='word_1_659' title='bbox 2184 3616 2257 3656; x_wconf 91' lang='lat' dir='ltr'>hoc</span> <span class='ocrx_word' id='word_1_660' title='bbox 2292 3613 2383 3655; x_wconf 80' lang='lat' dir='ltr'>fieri</span> 
     </span>
     <span class='ocr_line' id='line_1_104' title="bbox 1334 3669 2380 3729; baseline 0 -14"><span class='ocrx_word' id='word_1_661' title='bbox 1334 3689 1413 3718; x_wconf 91' lang='lat' dir='ltr'>non</span> <span class='ocrx_word' id='word_1_662' title='bbox 1441 3672 1575 3729; x_wconf 65' lang='lat' dir='ltr'>posse,</span> <span class='ocrx_word' id='word_1_663' title='bbox 1598 3674 1631 3716; x_wconf 61' lang='lat' dir='ltr'>si»</span> <span class='ocrx_word' id='word_1_664' title='bbox 1650 3675 1759 3729; x_wconf 88' lang='lat' dir='ltr'>prius</span> <span class='ocrx_word' id='word_1_665' title='bbox 1791 3685 1869 3713; x_wconf 90' lang='lat' dir='ltr'>non</span> <span class='ocrx_word' id='word_1_666' title='bbox 1900 3669 2149 3716; x_wconf 87' lang='lat' dir='ltr'>formaretur</span> <span class='ocrx_word' id='word_1_667' title='bbox 2179 3671 2380 3727; x_wconf 80' lang='lat' dir='ltr'>processus</span> 
     </span>
     <span class='ocr_line' id='line_1_105' title="bbox 1333 3730 2385 3788; baseline 0.002 -15"><span class='ocrx_word' id='word_1_668' title='bbox 1333 3731 1542 3788; x_wconf 72' lang='lat' dir='ltr'>singularis</span> <span class='ocrx_word' id='word_1_669' title='bbox 1566 3734 1619 3774; x_wconf 90' lang='lat' dir='ltr'>de</span> <span class='ocrx_word' id='word_1_670' title='bbox 1643 3735 1882 3775; x_wconf 85' lang='lat' dir='ltr'>executione</span> <span class='ocrx_word' id='word_1_671' title='bbox 1903 3733 2070 3775; x_wconf 85' lang='lat' dir='ltr'>Decreti</span> <span class='ocrx_word' id='word_1_672' title='bbox 2087 3760 2100 3781; x_wconf 63' lang='lat'>2</span> <span class='ocrx_word' id='word_1_673' title='bbox 2128 3730 2151 3773; x_wconf 69' lang='grc' dir='ltr'><em>ἃ</em></span> <span class='ocrx_word' id='word_1_674' title='bbox 2179 3734 2216 3772; x_wconf 88' lang='lat' dir='ltr'>S.</span> <span class='ocrx_word' id='word_1_675' title='bbox 2235 3732 2385 3775; x_wconf 86' lang='lat' dir='ltr'>Officio</span> 
     </span>
     <span class='ocr_line' id='line_1_106' title="bbox 1330 3789 2381 3842; baseline 0.001 -9"><span class='ocrx_word' id='word_1_676' title='bbox 1330 3805 1436 3835; x_wconf 85' lang='lat' dir='ltr'>anno</span> <span class='ocrx_word' id='word_1_677' title='bbox 1457 3792 1573 3840; x_wconf 74' lang='lat'>1625.</span> <span class='ocrx_word' id='word_1_678' title='bbox 1589 3792 1695 3833; x_wconf 86' lang='lat' dir='ltr'>circa</span> <span class='ocrx_word' id='word_1_679' title='bbox 1712 3800 1899 3833; x_wconf 81' lang='lat' dir='ltr'>vot-orum</span> <span class='ocrx_word' id='word_1_680' title='bbox 1920 3818 1932 3842; x_wconf 70' lang='lat'>2</span> <span class='ocrx_word' id='word_1_681' title='bbox 1958 3789 2157 3834; x_wconf 87' lang='lat' dir='ltr'>luminum</span> <span class='ocrx_word' id='word_1_682' title='bbox 2170 3793 2251 3831; x_wconf 86' lang='lat' dir='ltr'>.&amp;c.</span> <span class='ocrx_word' id='word_1_683' title='bbox 2271 3805 2381 3834; x_wconf 89' lang='lat' dir='ltr'>amo-</span> 
     </span>
     <span class='ocr_line' id='line_1_107' title="bbox 1768 3851 2326 3892; baseline -0.004 0"><span class='ocrx_word' id='word_1_684' title='bbox 1768 3852 1809 3892; x_wconf 91' lang='lat' dir='ltr'>N</span> <span class='ocrx_word' id='word_1_685' title='bbox 2170 3851 2326 3892; x_wconf 89' lang='lat' dir='ltr'>tionem</span> 
     </span>
    </p>
   </div>
   <div class='ocr_carea' id='block_1_22' title="bbox 2393 3117 2591 3199">
    <p class='ocr_par' dir='ltr' id='par_1_25' title="bbox 2393 3117 2591 3199">
     <span class='ocr_line' id='line_1_108' title="bbox 2396 3117 2591 3157; baseline 0 -10"><span class='ocrx_word' id='word_1_686' title='bbox 2396 3117 2576 3157; x_wconf 81' lang='lat' dir='ltr'>LibellusSup</span> <span class='ocrx_word' id='word_1_687' title='bbox 2584 3127 2591 3140; x_wconf 89' lang='lat'>··</span> 
     </span>
     <span class='ocr_line' id='line_1_109' title="bbox 2393 3162 2475 3199; baseline 0 -10"><span class='ocrx_word' id='word_1_688' title='bbox 2393 3162 2460 3199; x_wconf 80' lang='lat' dir='ltr'>plex</span> <span class='ocrx_word' id='word_1_689' title='bbox 2468 3182 2475 3189; x_wconf 92' lang='lat'><strong>.</strong></span> 
     </span>
    </p>
   </div>
  </div>
 </body>
</html>
