2658 4244
861 219 1024 310 Sub
1089 215 1443 335 Gregorio¹
1502 215 1717 306 XIII.

225 338 1267 411 GREGORIUSEmscorus

482 482 632 523 Servus
663 477 884 518 Servorum
916 465 996 508 Dei

399 597 468 641 Ad
485 602 718 651 perpetuam
747 591 808 632 m·
837 585 1064 629 memarIam
1077 610 1088 625 «

337 716 376 756 Χ
395 710 516 754 nostri
532 708 747 752 Pastoralis
770 706 906 749 officii
924 707 1094 757 debito,
1123 705 1172 748 ad
1190 719 1269 748 ea„

351 771 527 813 libenter
555 767 805 813 attendimus
834 795 847 816 ,
887 780 960 821 per
985 766 1067 821 quae
1098 763 1273 820 singulo-

227 846 312 876 rum
341 826 644 880 Religiosorurn
672 825 954 880 propagationi
992 822 1227 866 consulatur
1252 835 1267 873 3

226 887 394 933 maxime
410 885 510 926 vero
528 911 542 934 ‚
572 897 657 940 quae
674 883 819 926 alicubi
839 898 888 926 ex
909 882 1071 939 speciali
1099 882 1271 939 populo.-

224 950 356 992 lorum
371 942 597 987 devotione
610 952 800 998 optantur
816 971 827 982 .
871 945 976 985 Cum
998 943 1131 998 itaque
1151 941 1271 983 Reli-

226 1007 294 1063 gio
308 1002 474 1047 Ordinis
491 1003 677 1043 Fratrum
700 1001 906 1042 Minorum
923 999 1269 1056 Congregationis

224 1063 528 1121 Capucinorum
545 1069 781 1115 nuncupatae
810 1088 823 1110 ,
847 1058 998 1102 dudum
1016 1060 1053 1102 in
1071 1060 1191 1102 Italia
1214 1058 1273 1100 sa.-

226 1119 616 1170 lubriterinssituta,
641 1132 743 1160 nunc
761 1118 883 1161 etiam
907 1119 946 1159 in
974 1119 1156 1173 partibus
1174 1117 1276 1160 Gal-

227 1183 373 1226 liarum
386 1208 400 1226 ,
418 1181 456 1221 8(
475 1177 676 1234 signanter
693 1177 731 1219 in
748 1176 852 1219 alma
870 1177 1053 1219 Civitate
1072 1177 1274 1219 Parifienfi

228 1240 374 1285 institui
390 1247 526 1293 coepta
541 1265 555 1288 ‚
583 1235 633 1278 ad
648 1234 769 1278 finem
785 1236 952 1291 perduci
982 1235 1238 1279 desideretur
1263 1248 1274 1276 :

229 1299 312 1344 Sed
342 1297 435 1353 quia
461 1295 558 1338 alitis
586 1293 657 1336 fel.
687 1293 850 1336 record.
867 1293 1012 1336 Paulus
1040 1297 1146 1348 Papa
1166 1294 1276 1342 111.,

229 1352 501 1403 Praedeceffor
530 1352 664 1395 noster
681 1379 696 1401 2
723 1365 772 1393 ex
799 1353 926 1394 certis
955 1361 1050 1393 tunc
1083 1348 1274 1405 expreffis

228 1418 354 1459 caufis
371 1442 384 1464 ‚
412 1413 450 1453 in
479 1411 630 1452 virtute
655 1411 805 1453 SanEIae
827 1408 1113 1459 Obedientiae,
1143 1409 1181 1448 &
1204 1406 1274 1448 sub

228 1468 656 1518 excommunicationis
685 1467 776 1508 latae
799 1466 1005 1509 sententiae
1019 1480 1139 1522 poena
1158 1494 1171 1516 ‚
1201 1465 1274 1506 Di-

230 1533 344 1576 lectis
363 1527 472 1573 filiis
491 1526 654 1568 Vicario
673 1525 868 1568 Generali
882 1554 895 1576 ‚
921 1527 960 1568 δε
976 1525 1183 1567 Fratribus
1211 1523 1274 1566 di-

228 1595 382 1634 storum
395 1584 558 1630 Ordinis
573 1612 587 1635 ,
610 1585 648 1625 Sc
663 1584 1009 1640 Congregationis
1023 1612 1037 1635 ,
1055 1594 1164 1625 motu
1181 1597 1277 1637 pro-

233 1650 323 1707 prio
345 1643 534 1703 praecepit
558 1656 573 1694 3
598 1657 677 1692 ne,
707 1642 838 1684 donec
866 1643 888 1684 a
915 1642 954 1683 se
971 1671 985 1693 ‚
1012 1644 1053 1683 in
1079 1639 1276 1697 Capitulo

234 1704 430 1751 Generali
445 1699 623 1756 ejusdem
642 1700 806 1742 Ordinis
824 1729 839 1751 ,
863 1700 970 1756 quod
987 1701 1025 1741 in
1037 1702 1151 1743 Urbe
1164 1700 1275 1742 cele„-

234 1763 431 1809 brandum
449 1770 536 1802 erat
550 1787 563 1809 2
590 1758 697 1801 aliud
725 1757 840 1814 super
858 1773 907 1801 eo
924 1758 1277 1801 determinatum..

237 1823 375 1873 foret,
402 1817 482 1861 sese
507 1817 612 1859 ultra
642 1820 808 1859 Montes
824 1815 1048 1859 transferre
1066 1846 1079 1868 ,
1103 1827 1172 1858 aut
1190 1817 1279 1858 loca

238 1883 290 1925 de
305 1892 408 1923 novo
422 1887 638 1930 acceptare
662 1874 967 1930 auderentzipfi
998 1876 1182 1917 Vicarius
1202 1904 1214 1925 ‚
1240 1876 1277 1915 &

240 1944 427 1987 Fratres,
461 1934 532 1977 etfi
561 1944 832 1989 praeceptum‚
862 1933 957 1976 dien·
977 1931 1280 1976 Praedecefforis

239 1999 352 2042 obitu
368 2023 383 2045 ,
397 1993 596 2036 creditum
615 1991 659 2034 fit
674 1989 868 2048 expirasse
883 2021 897 2043 ,
913 1993 1031 2034 veriti
1049 2004 1181 2035 tamen
1202 1993 1280 2033 cri·-

241 2070 334 2100 men
349 2050 663 2107 transgressionis
679 2078 692 2101 ,
723 2050 1002 2093 nihilomnino
1023 2060 1162 2094 contra
1180 2048 1282 2091 illud

242 2113 388 2169 absque
403 2109 514 2154 dietae
528 2108 629 2154 sedis
645 2108 899 2164 permistione
913 2138 927 2161 ,
958 2109 1034 2152 aufi
1048 2108 1121 2151 fint
1140 2107 1283 2151 hucus-

243 2187 322 2230 que
336 2172 481 2214 attre&
490 2183 578 2212 are.
603 2171 688 2211 Nos
706 2168 938 2223 Religionis
955 2168 1188 2224 ampliandae
1206 2169 1282 2209 siu-f

243 2233 342 2281 dio,
373 2228 691 2284 prohibitionem
716 2226 970 2283 praedictam,
1005 2241 1051 2269 ac
1084 2225 1280 2282 quidquid

245 2292 269 2333 εὶ
284 2289 392 2331 dieto
409 2284 699 2329 Praedeceffore
713 2286 799 2343 ejus
815 2285 932 2327 causa
957 2286 1171 2329 decretum
1194 2284 1251 2327 est
1267 2313 1280 2334 ,

247 2346 489 2392 auetoritate
517 2342 767 2399 praesentium
795 2345 1030 2401 abrogamus
1054 2358 1069 2396 3
1099 2359 1141 2386 ac
1162 2345 1282 2387 Vica-

247 2410 352 2450 rium
370 2433 384 2456 ‚
414 2406 453 2448 &
468 2405 628 2446 Fratres
644 2404 849 2458 praedistos
864 2413 1005 2446 contra
1022 2403 1090 2446 illa
1115 2403 1153 2443 in
1179 2404 1285 2444 inte«

250 2478 363 2519 grum
378 2462 618 2504 restituimus
632 2491 642 2501 .
677 2462 786 2519 Qin
802 2463 926 2503 etiam
939 2462 1021 2503 illis
1036 2461 1087 2504 ad
1103 2460 1258 2502 Gallias
1273 2487 1286 2509 ,

251 2525 290 2563 &
307 2530 468 2562 caeteras
483 2533 622 2561 omnes
644 2520 766 2561 Orbis
780 2530 914 2574 partes
935 2519 1062 2561 libere
1080 2517 1287 2559 transeun-

252 2579 322 2629 di,
354 2579 392 2618 δε
420 2575 569 2617 ibidem
597 2578 777 2626 Domus,
807 2577 912 2618 Loca
930 2604 944 2626 ‚
975 2574 1220 2624 Custodiam,
1250 2574 1289 2614 δε

253 2634 484 2681 Provincias
503 2632 646 2688 ,‘juxta
659 2647 801 2675 eorum
815 2634 1011 2676 Ordinem
1024 2662 1038 2684 ,
1070 2630 1289 2682 fundandi,

253 2690 487 2737 instituendi
515 2691 719 2735 licentiam
748 2691 985 2735 tribuimus.
1019 2695 1111 2733 Non
1128 2691 1289 2733 obstan-

255 2753 362 2796 tibus
389 2749 612 2804 praemiffis‚
644 2765 687 2792 ac
715 2749 1080 2792 Constitutionibus
1100 2777 1114 2799 ‚
1144 2751 1183 2791 ὃς
1206 2750 1289 2790 Or-

254 2808 523 2854 dinationibus
550 2807 794 2864 Apostolicis
809 2837 823 2859 ‚
854 2819 1011 2851 necn'on
1025 2807 1188 2850 Ordinis
1203 2836 1217 2858 ‚
1251 2808 1289 2849 &

255 2866 593 2923 Congregationis
611 2866 899 2922 praedietorum‚
912 2866 1135 2923 juramento
1150 2896 1163 2918 ‚
1179 2870 1289 2908 Con-

255 2926 486 2971 firmatione
502 2924 735 2981 Apostolica
750 2955 764 2977 ‚
794 2925 862 2967 vel
875 2926 1014 2981 quavis
1043 2924 1291 2968 firmitate..-

257 2987 337 3029 alia
362 2985 589 3036 roboratis,
618 2983 772 3026 statutis
789 3011 803 3034 ,
833 2986 873 3024 δε
897 2983 1253 3026 consuetudinibus
1278 3010 1292 3032 ,

257 3041 488 3098 caeterisque
500 3044 714 3085 contrariis
731 3042 1040 3100 quibuscumque
1055 3072 1065 3082 .
1098 3041 1206 3101 Qia
1222 3053 1292 3081 ve-

257 3104 304 3146 ro
330 3100 495 3144 difficile
519 3100 615 3144 esset
632 3130 646 3151 ,
677 3100 887 3158 praesentes
908 3130 921 3153 ,
940 3102 1194 3157 quocumque
1216 3098 1295 3140 illis

257 3175 356 3217 opus
383 3160 462 3202 erit
498 3188 513 3211 ‚
545 3158 750 3217 perferri,
783 3159 998 3210 volumus,
1029 3169 1072 3200 ut
1101 3160 1294 3201 illarum..

259 3217 541 3274 transumptis,
572 3218 695 3262 etiam
724 3218 912 3273 expreffis
942 3246 956 3269 ‚
986 3231 1101 3261 manu
1132 3216 1293 3260 Notarii

258 3278 410 3335 publici
438 3275 665 3332 subscriptis
682 3306 696 3328 ‚
727 3279 765 3318 &
797 3276 943 3332 sigillo
965 3275 1140 3332 personae
1166 3276 1204 3316 in
1230 3273 1292 3315 di-

260 3337 415 3392 gnitate
443 3335 718 3380 Ecclefiastica
742 3333 962 3377 constitutae
991 3334 1150 3376 munitis
1179 3362 1193 3384 a
1225 3346 1293 3374 ea-

263 3395 356 3436 dem
369 3394 526 3450 prorsus
543 3395 642 3438 fides
657 3394 899 3439 adhibeatur
916 3392 1124 3449 inJudicio
1139 3419 1152 3442 ‚
1175 3393 1212 3432 δι
1225 3405 1296 3433 ex-

264 3464 324 3493 tra
338 3480 352 3502 ,
381 3467 464 3507 quoe
485 3453 739 3507 praesentibus
756 3452 1015 3494 adhiberetur
1030 3479 1044 3501 2
1068 3450 1090 3492 fi
1110 3450 1296 3492 exhibitae

267 3511 400 3553 forent
411 3538 426 3561 ,
456 3510 522 3552 vel
534 3512 688 3554 ostensae
703 3541 714 3555 ,
749 3510 862 3552 Nulli
879 3524 978 3564 ergo
991 3509 1156 3551 omnino
1169 3509 1299 3549 homi-

267 3581 362 3612 num
376 3567 498 3609 liceat
511 3571 610 3612 hanc
625 3569 807 3624 paginam
830 3570 966 3611 nostrae
986 3566 1269 3622 ¹abrogationis
1284 3594 1298 3617 ‚

268 3625 529 3669 restitutionis
546 3655 559 3677 ,
591 3628 818 3670 tributionis
832 3657 845 3679 ‚
866 3630 905 3669 &
920 3627 1142 3671 voluntatis
1158 3623 1299 3667 infrin-

269 3697 367 3742 gere
381 3711 394 3734 ‚
413 3682 481 3724 vel
496 3684 533 3726 ei
549 3686 636 3728 ausu
652 3690 871 3730 temerario
888 3687 1088 3729 contraire
1104 3714 1115 3726 .
1147 3685 1188 3728 Si
1209 3683 1297 3738 quis

270 3753 402 3787 autem
426 3743 502 3783 hoc
533 3752 738 3787 attentare
766 3743 1050 3800 praelumpserit
1069 3772 1083 3794 2
1114 3743 1298 3797 indigna-

270 3807 421 3849 tionem
435 3800 730 3857 Omnipotentis
748 3805 825 3849 Dei
843 3832 858 3857 ,
888 3807 928 3861 §c
943 3807 1158 3849 Beatorum
1171 3802 1300 3853 Petri,

1330 338 1370 381 ὃς
1395 333 1508 377 Pauli
1532 333 1815 390 Apostolorum
1840 334 1954 390 ejus,
1986 342 2024 380 te
2043 341 2205 382 noverit
2230 341 2364 383 incur-

1327 393 1483 437 surum.-

1386 454 1535 493 Datum
1564 452 1704 493 Romae
1733 449 1837 506 apud
1857 454 2041 496 Sanfium
2061 459 2227 500 Petrum
2244 460 2366 500 Anno

1325 509 1620 554 Incarnationis
1656 510 1876 552 Dominicae
1909 527 2137 558 MDLxxtv.
2174 515 2368 559 Pridie...»

1327 573 1435 614 Non.
1451 569 1550 612 Maii
1583 596 1598 621 ,
1628 567 1892 610 Pontificatus
1911 569 2031 612 nostri
2048 575 2165 615 Anno
2179 577 2340 633 Qarto
2356 602 2369 614 .

1911 687 2042 744 Caesbr
2071 690 2287 734 Glorierius
2301 699 2313 733 3

1393 805 1601 860 Exemplar
1613 807 1655 845 in
1661 813 1902 861 pergamena
1917 806 2109 849 Authent.
2130 810 2174 848 in
2201 807 2373 849 Archivo

1450 865 1635 905 Generali
1650 865 1809 906 Ordinis
1824 867 1986 906 Armar.
2002 868 2037 905 A
2045 867 2206 907 uthent.
2221 870 2262 907 in
2265 862 2373 922 fast

1447 923 1577 976 rollig.
1589 935 1694 965 num.
1712 937 1730 980 3
1741 934 1780 970 5.

1595 1066 1823 1078 ———-.-

2059 1063 2349 1078 ——-——=——÷—-

1328 1161 1514 1228 Julium
1538 1161 1798 1209 Antonium
1817 1159 2112 1210 Cardinalem
2140 1164 2187 1210 S.
2203 1159 2380 1210 Severi-

1370 1249 1462 1286 nae,
1504 1229 1695 1278 Ordinis
1727 1231 2174 1281 Vice-Protestorem
2195 1266 2210 1287 ,
2246 1228 2382 1296 Capi-⁴

1371 1300 1459 1349 tuli
1493 1300 1732 1350 Generalis
1773 1300 2011 1349 Praefidem
2039 1300 2255 1367 deputat.

1336 1425 1493 1469 DilebJo
1511 1426 1616 1468 Filio
1628 1425 1755 1483 nostro
1766 1427 1881 1482 ‘Julio
1898 1429 2068 1469 Antonio
2089 1428 2213 1468 Tituli
2225 1429 2263 1466 S.
2278 1429 2383 1466 Bar-

1408 1484 1601 1527 tholomaee·
1622 1486 1666 1524 in
1700 1482 1827 1539 lnfiaela
1855 1485 2075 1536 Presbytero
2112 1484 2320 1527 Cardinalz

1524 1561 1527 1564 “
1594 1545 1636 1583 S.
1655 1545 1850 1584 Severinae
1874 1551 2095 1599 nuncupato
2112 1570 2126 1584 .

1455 1660 1863 1714 GREGORIUS
1903 1662 2076 1711 PAPA
2114 1662 2270 1711 XIII.

1471 1778 1596 1820 Iledte
1624 1776 1700 1820 Fili
1731 1778 1887 1829 noster,
1919 1778 2100 1820 Salutem
2121 1805 2135 1827 2
2165 1779 2205 1820 &
2219 1775 2387 1831 Aposto-

1492 1837 1609 1879 licam
1626 1835 1978 1878 Benedistionem.
2011 1840 2119 1879 Cum
2146 1835 2386 1890 Capitulum

1343 1896 1549 1939 Generale
1565 1899 1754 1938 Fratrum
1770 1896 2075 1950 Capucinorum
2091 1923 2104 1946 ,
2137 1909 2212 1948 pro
2234 1907 2390 1941 rerum,

1342 1955 1392 1998 ad
1426 1954 1600 1999 eundem
1622 1953 1824 1996 Ordinem
1853 1952 2116 2008 spectantium
2143 1949 2255 1993 felici
2282 1952 2391 1992 dire-

1342 2015 1474 2057 &ione
1488 2042 1502 2065 2
1523 2015 1561 2054 in
1578 2013 1694 2055 Alma
1714 2013 1829 2055 Urbe
1855 2011 1985 2054 nostra
2018 2010 2260 2067 propediem
2278 2009 2391 2050 cele-

1341 2073 1540 2116 brandum
1556 2071 1600 2114 fit
1616 2101 1629 2123 ,
1662 2075 1747 2114 Nos
1764 2070 1977 2126 cupientes
1994 2099 2008 2120 a
2040 2080 2082 2111 ut
2096 2069 2228 2111 omnia
2266 2068 2304 2109 in
2322 2080 2393 2108 eo-

1342 2132 1438 2174 dem
1454 2132 1647 2188 Capitulo
1679 2128 1880 2173 tractanda
1910 2129 1989 2171 rite
2006 2157 2019 2179 2
2050 2130 2090 2169 &
2107 2142 2195 2170 cum
2212 2127 2289 2168 Dei
2307 2126 2395 2167 lau-

1342 2195 1395 2232 de
1413 2220 1427 2242 ,
1458 2205 1503 2231 ac
1518 2190 1612 2247 dieti
1629 2187 1796 2231 Ordinis
1810 2187 1990 2233 utilitate
2005 2186 2231 2242 procedant
2252 2214 2266 2236 ‚
2303 2185 2361 2226 Te
2378 2211 2393 2234 ‚

1342 2250 1412 2306 qui
1430 2248 1610 2305 ejusdem
1623 2247 1786 2290 Ordinis
1804 2246 2120 2302 Viceprotestor
2140 2244 2190 2285 ad
2225 2243 2393 2299 praesens

1343 2308 1473 2353 existis
1488 2337 1501 2358 ,
1532 2308 1646 2366 cujus
1677 2307 1864 2348 eximiam
1892 2304 2145 2361 prudentiam
2161 2332 2174 2354 ,
2207 2302 2396 2358 probita-

1346 2378 1429 2409 tem
1444 2394 1458 2416 ‚
1492 2366 1773 2422 integritatem
1792 2364 1945 2418 optime
1960 2363 2163 2417 cognitam
2179 2361 2392 2411 habemus,

1347 2424 1529 2481 ejusdem
1549 2423 1732 2478 Capituli
1751 2422 2031 2465 Praessdentem
2047 2449 2060 2471 ,
2094 2419 2394 2460 auctoritate.»

1348 2482 1578 2536 Apostolica
1593 2509 1608 2530 a
1625 2491 1772 2521 tenore
1787 2478 2040 2534 praesentium
2057 2476 2228 2518 facimus
2244 2477 2308 2528 ,ὃς
2324 2474 2396 2516 de-

1353 2549 1536 2595 putamus
1553 2567 1565 2590 ,
1597 2552 1689 2579 cum
1702 2537 1897 2592 potestate
1916 2563 1926 2586 ‚
1958 2538 1998 2576 δι
2014 2535 2210 2577 facultate
2228 2534 2396 2575 omnia-2

1353 2597 1558 2648 faciendi,
1587 2595 1828 2645 mandandi,
1853 2598 1893 2636 &
1920 2593 2181 2647 exequendi,
2212 2607 2297 2648 quse
2326 2590 2397 2633 alii

1353 2655 1614 2699 Praefidentes
1639 2655 1676 2697 in
1692 2654 1780 2697 aliis
1794 2653 1994 2710 Capitulis
2008 2652 2279 2695 Generalibus
2298 2649 2396 2690 dieti

1349 2713 1511 2756 Ordinis
1527 2713 1660 2756 facere
1676 2742 1690 2763 ,
1706 2712 1896 2754 mandare
1910 2739 1924 2762 2
1938 2713 1977 2755 &
1991 2710 2134 2766 exequi
2150 2718 2394 2766 potuerunt,

1350 2773 1415 2814 seu
1430 2771 1738 2828 quomodolibet
1755 2770 2003 2812 debuerunt.
2025 2773 2088 2812 Ita
2104 2780 2242 2810 tamen
2257 2796 2271 2818 a
2285 2765 2397 2823 quod

1350 2832 1484 2878 omnia
1499 2862 1513 2885 ,
1529 2830 1718 2873 Decretis
1735 2833 1825 2873 Sac.
1840 2829 2019 2873 Concilii
2032 2827 2262 2874 Tridentini
2279 2839 2396 2881 pror*

1351 2890 1411 2933 sus
1440 2889 1480 2933 se
1508 2888 1767 2933 conforment
1781 2918 1795 2940 ‚
1826 2890 1864 2931 &
1879 2888 1979 2931 nihil
2010 2897 2152 2928 contra
2168 2887 2239 2928 illa
2260 2884 2400 2938 dispo-

1352 2959 1493 2992 natur.
1526 2947 1766 2991 Mandantes
1795 2948 1916 2998 Tibi,
1948 2961 1992 2990 ac
2020 2945 2199 3003 ejusdem
2226 2942 2396 2986 Ordinis

1351 3007 1635 3064 Superioribus
1664 3034 1679 3056 2
1711 3017 1754 3048 ut
1784 3005 1907 3061 ipsum
1937 3003 2134 3047 Ordinem
2160 3004 2272 3060 juxta
2299 3001 2398 3044 dieti

1355 3066 1531 3112 Concilii
1548 3068 1738 3112 Canones
1755 3093 1767 3115 ‚
1791 3068 1828 3106 δε
1849 3067 2027 3107 Decreta
2044 3091 2058 3113 a
2074 3078 2119 3105 ac
2137 3061 2300 3104 Ordinis
2322 3061 2396 3101 hu-

1356 3124 1524 3183 jusmodi
1538 3123 1856 3166 Constitutiones
1871 3121 2100 3165 reformare
2115 3121 2268 3162 curetis
2283 3147 2295 3168 ,
2306 3122 2397 3159 Sta-

1354 3186 1448 3226 tutis
1465 3213 1478 3234 ,
1511 3183 1737 3237 Privilegiis
1753 3210 1766 3237 ³.
1799 3181 2118 3228 Diffinitionibus
2139 3208 2151 3229 ‚
2187 3177 2364 3219 Indultis
2382 3202 2397 3228 2

1355 3247 1394 3286 &
1411 3241 1764 3287 consuetudinibus
1782 3241 1876 3284 dieti
1893 3240 2059 3282 Ordinis
2077 3267 2090 3287 ‚
2107 3234 2396 3290 caeterisquw

1354 3305 1392 3345 in
1408 3301 1652 3344 contrarium
1667 3298 1904 3342 facientibus
1917 3327 1930 3349 ‚
1950 3312 2028 3340 non
2044 3293 2292 3338 obstantibus
2308 3292 2398 3347 qui-

1355 3362 1578 3416 buscunque
1591 3390 1602 3400 .
1626 3362 1776 3400 Datum
1793 3361 1932 3401 Romae
1946 3355 2051 3411 apud
2084 3358 2129 3396 S.
2142 3356 2310 3395 Petrum
2329 3347 2397 3392 sub

1355 3419 1518 3463 Annulo
1535 3417 1749 3461 Piscatoris
1768 3416 1846 3456 Die
1874 3429 1910 3456 x.
1929 3415 2026 3456 Maii
2052 3425 2253 3458 MDtxxv.
2283 3413 2393 3453 Pon-

1359 3478 1529 3527 tificatus
1546 3476 1679 3520 Nostri
1695 3477 1817 3521 Anno
1836 3476 1981 3517 Tertio
1997 3501 2008 3515 .

1956 3592 1999 3634 C.
2035 3589 2251 3631 Glorlertus
2270 3616 2280 3627 .

1417 3743 1718 3799 Autographum
1748 3744 1788 3784 in
1819 3741 1941 3783 Arch.
1979 3742 2161 3784 Vaticano
2180 3743 2222 3782 in
2253 3737 2396 3794 rcgsso

1476 3802 1617 3859 Merfis
1644 3802 1778 3858 April.
1806 3804 1915 3844 Anni
1948 3811 2068 3852 1575.

1761 3861 1796 3902 E
1827 3873 1849 3902 2
2236 3859 2339 3898 Pro-
