2658 4244
896 200 1057 293 Sub
1119 197 1557 291 Alexandro
1626 200 1721 290 V
1711 201 1805 286 II.

275 321 541 380 Co'nfirmat
574 314 882 396 Indulgentias
897 338 976 384 40.
993 324 1207 370 horarum
1226 338 1312 386 pro

316 403 570 450 Provinciis
605 393 1006 452 Ultramontanis,
1043 388 1092 440 δε
1127 389 1312 440 faculta-

312 474 377 520 tes
391 469 652 522 absolvendi
669 465 893 534 restringit
906 498 918 512 .

331 596 828 652 ALEXANDER
865 593 1072 644 PAPA
1110 593 1262 657 VII.

478 710 544 755 Ad
559 708 753 768 futuram
779 707 840 749 ret
871 705 1122 746 memoriam.

401 796 440 836 D
457 806 503 834 ea
517 819 533 842 ‚
548 805 623 846 per
639 804 726 845 quae
738 786 1074 833 Christisidelium
1092 784 1192 833 salus
1218 800 1311 844 pro-

274 800 381 906 A
415 862 581 893 curatur
598 849 1029 902 Animarum,libenter
1044 846 1311 897 intendimus,

271 909 420 964 eosque
443 908 585 952 favore
607 908 885 964 prosequimur
912 916 1145 963 opportuno
1160 935 1171 946 .
1202 908 1309 948 Cum

271 969 407 1025 itaque
424 997 438 1019 ,
457 970 799 1022 ficutaccepimus
814 995 828 1018 ,
857 966 993 1008 dilecti
1026 965 1116 1007 Filii
1148 967 1310 1007 Fratres

270 1028 440 1070 Ordinis
470 1028 674 1070 Minorum
700 1027 832 1069 Sancti
862 1023 1058 1068 Francisci
1077 1023 1310 1080 Capucino·

273 1100 365 1128 rum
394 1096 712 1141 nuncupatorum
740 1085 982 1128 Orationem
1010 1081 1309 1139 quadraginta-2

271 1147 466 1188 horarum
487 1145 540 1187 ad
565 1145 800 1186 Animarum
832 1143 1001 1186 salutem
1026 1141 1254 1197 augendam
1269 1141 1308 1182 in

270 1204 593 1247 Ultramontanis
607 1204 786 1258 partibus
802 1205 839 1245 in
857 1201 1040 1244 Ecclesiis
1054 1201 1279 1243 Civitatum
1295 1227 1310 1250 ,

271 1264 312 1304 ὃ(
329 1262 612 1312 Locorum,ubi
631 1262 696 1317 ipsi
711 1264 950 1304 Conventus
964 1259 1309 1311 habent,institue.

272 1334 322 1362 re
343 1318 528 1372 soleant3
547 1325 630 1363 Nos
645 1321 754 1374 pium
769 1349 783 1370 ,
812 1321 852 1359 &
869 1321 1053 1362 Sant‘tum
1070 1346 1083 1368 ‚
1115 1330 1305 1358 necnon..)

271 1382 368 1421 Deo
393 1378 648 1433 acceptabile
661 1392 759 1431 opus
775 1376 1001 1430 hujusmodi
1029 1388 1306 1430 promovere)

269 1436 477 1489 cupientes
490 1464 505 1486 ‚
530 1435 711 1476 omnibus
726 1435 935 1489 utriusque
951 1432 1075 1476 sexus
1105 1429 1305 1474 Christifi-

268 1493 431 1535 delibus
454 1493 548 1535 vere
569 1493 885 1547 poenitentibus,
896 1495 931 1534 &
946 1491 1127 1534 confessis
1142 1518 1156 1540 ,
1170 1504 1215 1531 ac
1232 1493 1304 1531 Sa-

266 1566 338 1595 cra
365 1553 662 1597 Communione
695 1550 853 1593 refeffis
870 1581 883 1602 ,
908 1552 975 1607 qui
1003 1550 1190 1592 Orationi
1205 1561 1303 1603 qua-

269 1611 459 1666 draginta
482 1610 676 1652 horarum
699 1609 924 1665 hujusmodi
946 1610 1304 1653 continuatarum,

265 1669 320 1710 de
361 1668 524 1711 licentia
567 1668 875 1709 Ordinariorum
913 1667 1095 1710 locorum
1138 1667 1176 1706 in
1208 1666 1300 1719 qui-

268 1725 445 1767 buslibet
484 1725 674 1765 Ecclesiis
716 1725 911 1766 ditiorum
954 1725 1138 1766 locorum
1182 1721 1304 1764 semel

264 1786 308 1826 in
323 1797 431 1824 anno
446 1782 696 1825 instituendae
715 1797 786 1838 per
803 1782 965 1840 aliquod
995 1781 1188 1836 temporis
1219 1782 1303 1835 spa-

263 1844 367 1885 tium
390 1840 543 1884 devote
577 1838 868 1892 interfuerint,
899 1842 1004 1882 &ibi
1023 1857 1095 1896 pro
1107 1839 1303 1883 Christia-

268 1914 413 1943 norum
443 1898 677 1951 Principum
695 1899 912 1941 concordia
926 1927 940 1948 ‚
972 1898 1163 1941 haeresum
1177 1897 1304 1939 extir-

263 1957 429 2015 patione
442 1982 456 2005 ,
468 1970 514 1996 ac
529 1960 577 1998 Sa
586 1958 683 1996 nt‘tae
698 1954 837 1998 Matris
852 1957 1039 2001 Ecclesiae
1052 1956 1303 1998 exaltatione

263 2015 347 2073 pias
360 2013 410 2055 ad
444 2015 578 2054 Deum
598 2015 744 2056 Preces
766 2014 980 2058 effuderint
1003 2046 1016 2066 .,
1046 2015 1301 2070 plenariam

263 2073 447 2116 omnium
464 2083 725 2127 peccatorum
741 2073 901 2115 suorum
918 2074 1221 2129 Indulgentiam
1233 2103 1247 2124 ,
1262 2075 1300 2114 δε

264 2131 538 2175 remissionem
556 2130 872 2175 misericorditer
889 2134 928 2175 in
958 2134 1133 2176 Domino
1151 2146 1298 2175 conce-

264 2190 395 2232 dimus
407 2190 608 2243 30mnibus
626 2191 740 2242 vero,
753 2193 961 2247 &singulis
976 2188 1232 2235 Confessariis
1246 2191 1296 2232 ab

265 2249 495 2291 ordinariis
513 2249 697 2292 locorum
711 2248 929 2305 respeiftive
952 2251 1202 2307 approbaris,
1229 2249 1296 2305 qui

263 2309 304 2349 in
321 2307 508 2350 Ecclefiis
526 2308 717 2363 praedictis
733 2311 940 2352 occasione
962 2311 1073 2352 dierae
1089 2309 1297 2351 Orationis

263 2366 316 2408 ad
343 2367 561 2410 audiendas
587 2364 864 2411 Confeffiones
892 2369 1078 2426 deputati
1116 2365 1299 2417 fuerint,

263 2438 406 2467 omnes
447 2425 718 2482 quoscumque
743 2427 949 2484 utriusque
979 2426 1104 2469 Sextis
1133 2425 1300 2469 Christi-

265 2480 409 2524 fideles
421 2484 674 2537 poenitentes
691 2484 740 2526 ab
757 2488 939 2527 omnibus
962 2484 1300 2540 quibuscunque)

262 2539 306 2581 in
328 2542 578 2594 praeteritum
605 2540 730 2595 usque
744 2543 793 2583 ad
807 2543 916 2586 diem
927 2543 1028 2584 datae
1050 2540 1298 2596 praesentium

261 2596 474 2639 commistis
489 2598 746 2649 criminibus,
762 2602 806 2648 &v
821 2599 1059 2651 exceffibus‚
1075 2600 1197 2642 etiam
1213 2601 1298 2640 No-

264 2655 322 2696 bis
338 2682 353 2705 ,
384 2657 425 2696 &
451 2656 688 2712 Apostolicae
717 2658 812 2701 Sedi
841 2657 1050 2700 reservatis
1074 2655 1260 2715 (haerefis
1284 2683 1298 2706 ,

261 2714 434 2755 simoniae
452 2741 466 2764 ‚
496 2728 541 2756 ac
576 2713 735 2766 duelli,
763 2718 802 2757 δι
839 2717 1069 2758 violationis
1106 2714 1297 2757 clausurae

261 2770 593 2815 monasteriorum
619 2774 855 2815 Monialium
872 2804 887 2824 ‚
916 2776 952 2815 &
971 2774 1152 2816 recursus
1165 2772 1295 2829 adJu-

262 2830 373 2871 dices
407 2831 550 2873 Laicos
575 2842 719 2873 contra
738 2830 905 2875 formam
919 2837 1136 2876 Sacrorum
1159 2835 1294 2874 Cano-

260 2902 354 2930 num
389 2889 570 2943 exceptis
596 2891 616 2943 )
649 2904 805 2932 necnon
833 2890 1258 2934 excommunicationis
1278 2919 1293 2940 ,

258 2945 425 3001 aliisque
442 2944 643 2990 sententiis
657 2977 670 2999 ,
685 2947 862 2991 censuris
878 2977 890 2998 ,
904 2951 944 2990 &
964 2950 1118 3004 poenis,
1134 2950 1291 2991 etiam-.

258 3004 299 3046 in
318 3004 448 3046 literis
464 3004 530 3047 die
546 3009 688 3049 Coenae
705 3009 868 3050 Domini
883 3007 964 3063 legi
980 3008 1105 3051 solitis
1119 3018 1290 3049 conten-

257 3063 310 3104 tis
325 3091 338 3113 ‚
361 3063 398 3104 in
411 3065 655 3119 praeteritum
673 3064 857 3108 similiter
872 3066 992 3122 usque
1007 3067 1054 3110 ad
1066 3066 1174 3108 diem
1188 3066 1289 3108 datae

257 3119 506 3177 praesentium
525 3124 691 3166 incursis
705 3153 719 3175 ,
738 3125 920 3181 imposita
937 3127 1105 3168 cuilibet
1122 3125 1289 3167 arbitrio

256 3178 326 3222 suo
337 3181 578 3236 poenitentia
595 3182 769 3238 salutari,
780 3184 815 3226 in
832 3184 919 3227 foro
934 3184 1185 3228 conscientiae
1200 3195 1288 3225 tan-

254 3240 338 3281 tum
353 3240 586 3282 absolvendi
603 3271 618 3291 ,
636 3239 895 3295 facultatem,
922 3248 959 3287 &
974 3245 1285 3286 auetoritatem„

254 3311 327 3353 pro
345 3299 468 3353 prima
486 3300 576 3343 vice
591 3302 910 3351 tantum,tenore
926 3303 1175 3358 praesentium
1189 3315 1286 3342 con·

252 3356 430 3398 cedimus
444 3386 457 3409 ,
470 3359 510 3399 &
523 3359 792 3414 impertimur.
806 3365 898 3404 Non
912 3362 1155 3403 obstantibus
1169 3362 1283 3412 Apo-

252 3413 400 3456 stolicis
417 3443 431 3466 ,
457 3430 503 3458 ac
520 3418 899 3462 in·Pr0vincialibus
913 3451 928 3471 ,
955 3423 994 3461 &
1010 3418 1282 3462 Generalibus

253 3473 448 3514 Conciliis
479 3475 596 3517 editis
626 3477 880 3531 generalibus
907 3508 921 3530 ,
952 3479 1017 3521 vel
1045 3476 1281 3533 specialibus

251 3530 611 3577 Constitutionibus
634 3563 647 3585 ‚
673 3538 710 3577 &
727 3537 1066 3579 ordinationibus
1080 3566 1095 3586 ,
1109 3533 1283 3577 caeteris-

2195 240 2343 305 109

1372 317 2048 376 exemplis‚etiamiinpreffi5,manu
2062 319 2231 379 alicujus
2247 324 2410 367 Norat-ii

1371 379 1522 432 publici
1536 375 1760 432 sups'criptis
1774 405 1787 427 ,
1799 378 1838 417 &
1852 376 1982 431 sigillo
1996 380 2176 424 Personae
2196 384 2235 424 in
2261 383 2410 425 Eccle-

1369 437 1516 480 fiastica
1540 435 1742 490 dignitate
1755 435 1976 478 constitutae
1993 464 2007 485 ,
2039 440 2105 481 seu
2124 442 2406 485 Procuratoris

1369 495 1586 540 Generalis
1601 494 1694 535 dicti
1709 493 1873 535 Ordinis
1890 496 2053 536 munitis
2068 525 2083 547 ,
2109 499 2259 549 «eadem
2287 513 2412 555 prm-,3

1372 555 1432 598 sus
1446 554 1543 596 fides
1558 552 1799 595 adhibeatur
1813 582 1827 604 ,
1842 567 1925 609 quae
1939 553 2197 598 adhiberetur
2208 559 2294 611 ipsis
2314 572 2429 615 pres

1372 613 1575 663 sentibus,
1597 614 1623 653 si
1639 609 1778 653 forent
1793 612 1980 654 exhibitae
1993 641 2006 663 ‚
2024 614 2091 656 vel
2107 614 2265 657 ostensae
2281 647 2292 658 .
2327 621 2412 661 Da-

1369 683 1456 715 tum
1472 675 1610 714 Romae
1624 669 1728 726 apud
1744 674 1926 714 sanctam
1943 673 2114 714 Mariam
2126 673 2322 730 Major-em
2339 674 2410 716 sub

1370 731 1536 774 Annulo
1563 729 1776 771 Piscatoris
1814 731 1892 772 Die
1917 744 1963 771 xi
1979 743 2038 772 ιι.
2069 736 2180 789 Sept.
2220 746 2411 776 mnemx.

1369 789 1582 834 Pontificat
1590 802 1633 832 us
1648 787 1785 831 Nostri
1798 791 1918 832 Anno
1931 789 2090 850 Qinto
2106 818 2119 831 .
2401 782 2412 792 ⁴

2009 894 2053 934 5.
2084 877 2291 948 ugolinus.

1428 971 1554 1010 Breve
1570 964 1791 1021 formatum
1809 967 1854 1008 in
1874 965 2045 1009 Archivo
2056 967 2236 1023 generali
2251 964 2411 1009 Ordinis

1491 1028 1594 1069 Tom.
1616 1028 1736 1069 Η.Η·
1750 1038 1858 1069 num.
1880 1034 1944 1073 15.

1601 1121 2185 1190 NOTA,

1370 1239 1443 1326 E
1463 1240 1499 1322 “f
1525 1238 1604 1276 vide
1626 1240 1818 1287 originem,
1841 1243 1878 1279 Sc
1898 1242 1963 1280 alia
1983 1243 2097 1282 dehac
2120 1243 2279 1284 oratione
2303 1243 2404 1295 supra

1484 1288 1530 1323 ol.
1557 1298 1616 1334 54.
1642 1289 1676 1324 &
1702 1300 1760 1337 55·

1365 1434 1563 1482 Cultum
1592 1437 1643 1481 B.
1666 1435 1829 1481 Felicis
1863 1434 1889 1481 έὶ
1925 1438 2183 1485 Cantalicio
2213 1435 2406 1503 Oppido

1400 1504 1659 1552 Cantalicio
1688 1501 1714 1550 έὶ
1748 1505 1866 1570 Papa
1906 1505 2100 1558 Urbano
2123 1509 2274 1556 VIII.
2303 1522 2410 1553 con·-

1399 1569 1567 1621 ceffum
1597 1610 1613 1631 ‚
1655 1572 1712 1622 ad
1754 1572 2011 1624 universam
2053 1577 2272 1627 Civitatis
2307 1580 2407 1626 Du·-

1400 1643 1508 1690 calis
1530 1641 1757 1692 Dioecefin
1773 1644 2000 1695 extendit.

1411 1780 1917 1838 ALEXANDER
1955 1781 2160 1830 PAPA
2197 1782 2355 1831 VII.

1550 1907 1619 1948 Ad
1629 1913 1862 1962 perpetuam
1883 1910 1944 1948 rei
1967 1910 2214 1949 memoriam.

1478 2013 1515 2055 U
1531 2014 1574 2054 M
1587 2040 1602 2062 ,
1634 2011 1731 2053 ficut
1746 2012 2003 2055 Venerabilis
2017 2017 2162 2058 Frater
2179 2010 2400 2067 Episcopus

1495 2071 1688 2114 Civitatis
1717 2073 1904 2122 Ducalis,
1932 2073 2034 2115 intra
2055 2072 2168 2128 cujus
2201 2071 2398 2115 Dioecefis

1359 2130 1511 2172 limites
1539 2129 1655 2171 situm
1668 2130 1724 2171 est
1738 2130 1944 2186 Oppidum
1971 2131 2248 2174 Cantalicium
2276 2160 2292 2181 ,
2326 2144 2398 2185 pa-

1358 2190 1435 2232 tria
1455 2189 1568 2231 Beati
1593 2188 1738 2230 Felicis
1753 2203 1768 2242 3
1784 2203 1938 2232 necnon
1955 2190 2095 2233 dilecti
2111 2190 2201 2233 Filii
2232 2190 2401 2238 Fratres,

1357 2248 1525 2292 Ordinis
1548 2247 1751 2290 Minorum
1772 2251 1903 2290 Sansti
1936 2248 2132 2291 Francisci
2162 2248 2399 2304 Capucino-

1360 2321 1450 2352 rum
1466 2316 1784 2362 nuncupatorum
1801 2337 1816 2357 ,
1842 2322 2017 2364 quorum
2044 2307 2224 2363 regulam
2254 2305 2398 2351 idem-³

1361 2372 1507 2411 Beatus
1526 2395 1540 2417 ,
1565 2365 1663 2407 dum
1701 2365 1864 2409 viveret
1881 2396 1895 2419 ,
1924 2365 2116 2423 professus
2144 2365 2230 2415 est,
2266 2365 2397 2407 Nobis

1360 2438 1486 2479 nuper
1499 2425 1645 2478 exponi
1661 2421 1846 2466 iecerunt
1864 2455 1879 2475 ‚
1908 2424 1975 2480 ipsi
1997 2425 2151 2468 cultum
2179 2421 2398 2477 ejusdem,

1361 2481 1583 2525 Beatiolim
1599 2482 1619 2520 εὶ
1639 2479 1710 2521 fel.
1727 2495 1811 2523 rec.
1829 2485 1998 2524 Urbano
2013 2484 2121 2538 Papa
2139 2483 2256 2524 VIII.
2286 2482 2396 2523 Prae-

1359 2537 1566 2583 decessore
1588 2538 1735 2580 Nostro
1749 2540 1910 2594 Oppido
1923 2541 2155 2584 Cantalicio
2176 2537 2396 2590 indultum,

1359 2599 1408 2644 ad
1437 2596 1665 2640 universam
1696 2598 1909 2640 Dioecesim
1939 2599 2105 2642 extendi
2135 2599 2394 2653 summopere

1357 2656 1590 2702 desiderent
1605 2685 1616 2697 .
1649 2659 1734 2699 Nos
1755 2656 1829 2711 piis
1845 2657 2074 2699 eorundem
2096 2654 2312 2711 Episcopi,
2353 2658 2394 2698 &

1359 2720 1543 2760 Fratrum
1571 2715 1673 2758 votis
1698 2724 1866 2770 paterna
1884 2715 2137 2769 benignitate
2154 2728 2392 2758 annuere-v

1355 2776 1566 2831 cupientes
1580 2802 1595 2826 ,
1609 2775 1650 2816 δε
1664 2786 1806 2815 eorum
1823 2772 2043 2828 singulares
2060 2772 2248 2829 personas
2263 2772 2283 2814 a
2299 2773 2393 2828 qui-

1356 2834 1486 2878 busvis
1503 2831 1935 2877 excommunicationis
1950 2860 1964 2882 ,
1979 2829 2233 2888 suspensionis
2246 2859 2261 2882 ,
2275 2833 2312 2872 &
2328 2831 2392 2872 in-

1354 2893 1513 2938 terdicti
1525 2922 1540 2943 ,
1567 2892 1733 2947 aliisque
1748 2890 2027 2933 Ecclesiasticis
2047 2889 2277 2940 sententiis,
2293 2903 2390 2932 cen-

1352 2953 1477 3005 suris,
1506 2955 1544 2994 &
1560 2951 1693 3006 poenis
1707 2950 1727 2991 a
1742 2947 1829 3000 iure
1844 2977 1858 2999 ‚
1874 2948 1937 2991 vel
1953 2950 2135 2999 homine,
2153 2949 2292 3006 quavis
2314 2961 2397 2989 oc-v

1349 3015 1505 3056 casione
1519 3040 1533 3063 ‚
1560 3009 1626 3053 vel
1646 3007 1758 3052 causa
1785 3007 1873 3050 latis
1889 3037 1902 3061 ,
1929 3009 1956 3049 si
1969 3009 2110 3063 quibus
2124 3005 2388 3065 quomodoli-

1348 3075 1418 3116 bet
1434 3069 1628 3112 innodatae
1647 3066 1818 3111 existunt
1831 3095 1846 3117 ‚
1868 3066 1916 3110 ad
1934 3066 2187 3122 praesentium
2200 3065 2386 3108 effeetum

1345 3130 1540 3173 duntaxat
1553 3125 1894 3183 consequendum,
1910 3128 2049 3168 harum
2061 3125 2163 3168 serie
2176 3122 2388 3166 absolven-

1346 3199 1425 3239 tes,
1439 3191 1477 3230 &
1491 3186 1686 3231 absolutas
1701 3185 1787 3227 fore
1798 3181 2383 3238 censentes,supp1icationibus

1345 3261 1492 3290 eorum
1505 3247 1664 3289 nomine
1680 3243 1807 3288 Nobis
1823 3243 1942 3299 super
1956 3244 2032 3284 hoc
2060 3242 2270 3283 humiliter
2288 3253 2384 3294 por-

1347 3306 1467 3348 reffls
1484 3305 1665 3349 inclinati
1681 3333 1695 3355 ‚
1707 3302 1761 3345 de
1776 3300 2011 3345 Venerabil.
2027 3302 2212 3342 Fratrum
2229 3298 2395 3340 nostro-..

1344 3379 1432 3406 rum
1447 3368 1488 3408 S.
1505 3365 1556 3406 R.
1576 3367 1624 3406 E.
1641 3360 1923 3406 Cardinalium
1939 3360 2073 3401 Sacris
2098 3358 2262 3400 Ritibus
2279 3371 2382 3411 prae-

1341 3423 1560 3480 positorum
1586 3421 1752 3465 consilio
1777 3449 1793 3469 ,
1834 3426 1878 3459 ut
1908 3417 1946 3458 in
1973 3417 2044 3459 die
2071 3416 2380 3459 obdormitionis

1344 3482 1553 3524 memorati
1582 3485 1626 3523 B.
1642 3478 1787 3520 Felicis
1812 3475 2026 3526 officium,
2055 3477 2096 3516 &
2122 3472 2232 3518 Missa
2260 3473 2313 3516 de
2329 3489 2381 3516 eo

1342 3549 1530 3596 tanquam
1546 3538 1598 3582 de
1616 3535 1830 3580 Communi
1847 3532 2092 3577 Confessoris
2104 3548 2184 3576 non
2210 3532 2380 3577 Pontifi-

250 3603 331 3644 que
347 3592 555 3633 contrariis
576 3593 890 3649 quibuscunque.
903 3595 1163 3638 Praesentibus
1178 3607 1281 3648 quo·
1338 3599 1395 3641 cis
1410 3628 1424 3649 ‚
1454 3598 1566 3653 juxta
1590 3596 1788 3639 Rubricas
1806 3590 1967 3636 Miffalis
1982 3622 1995 3645 ,
2017 3594 2054 3634 ὃς
2069 3593 2262 3636 Breviarii
2289 3594 2379 3635 Ro·

249 3647 297 3692 ad
324 3649 589 3716 Influlgesstiae
605 3651 826 3707 huiusmodi
843 3654 1135 3696 conceffionem
1151 3653 1199 3694 ad
1221 3651 1278 3693 se-
1337 3656 1442 3699 mani
1468 3659 1507 3698 in
1532 3656 1714 3697 universa
1740 3653 1916 3696 Dioecesi
1942 3651 2104 3708 praefata
2121 3652 2314 3702 recitari,
2339 3653 2379 3695 Sc

248 3717 459 3764 ptennium
487 3709 708 3764 proximum
741 3713 894 3756 tantum
911 3712 1113 3756 valituris.
1147 3711 1276 3755 Volu-
1333 3715 1535 3759 celebrari
1563 3713 1691 3756 libere
1719 3742 1736 3764 ,
1762 3715 1800 3754 &
1827 3710 1939 3753 licite
1964 3710 2110 3767 poffit,
2138 3713 2179 3753 &
2204 3711 2339 3754 valeat
2363 3739 2378 3762 ,

249 3782 334 3811 mus
358 3780 521 3821 autem,
549 3779 590 3810 ut
613 3769 862 3824 praesentium
895 3771 1173 3828 transumptis,
1208 3770 1275 3813 seu
1333 3773 1567 3827 licentiam,
1590 3775 1631 3815 ὃ(
1666 3771 1905 3815 facultatem
1935 3772 2184 3814 auctoritate
2208 3770 2379 3825 Aposto-

2241 3829 2320 3872 lica
