2658 4244
895 202 1061 292 sub
1120 201 1500 290 Clemente
1562 201 1777 289 VIII.

263 324 375 369 -Non
403 324 642 369 obstantibus
657 323 837 366 omnibus
859 319 936 362 illis
952 349 964 370 ,
988 318 1123 374 quaein
1153 318 1302 360 eisdem

281 383 446 426 Litteris
463 386 646 428 volumus
665 398 740 424 non
755 380 906 423 obstare
922 407 936 429 ‚
959 375 1188 430 caeterisque
1203 390 1301 418 con-

282 443 411 483 trariis
426 445 753 498 quibu'scumque.
774 443 920 480 Datum
938 437 1073 476 Romae
1086 433 1188 499 apud
1205 437 1302 476 San-

254 528 260 533 -
279 501 383 540 &um
399 504 594 552 Marcum,
609 498 680 540 sub
695 497 857 540 Annulo
874 492 1079 536 piscatoris
1094 521 1107 543 ‚
1122 493 1188 534 die
1206 506 1226 534 x
1237 506 1297 533 iv.

280 559 446 612 Augusti
469 576 520 603 Μ.
533 574 606 603 nc.
627 570 659 598 ι.
684 554 941 598 pontificatus
958 551 1076 593 nostri
1092 554 1211 593 Anno
1231 550 1304 592 de-

283 630 360 656 cim
400 646 412 658 .

364 629 388 659 0
661 674 724 713 Μ.
756 670 912 727 Vestrius
940 666 1163 711 Barbianus
1176 694 1188 708 .

389 792 508 832 Breve
513 787 737 844 formatum
761 788 803 826 in
819 785 988 826 Arch‘vo
1011 785 1187 839 general.
1206 785 1298 827 Ord.

444 844 744 888 Armar.Auth.
770 841 923 903 infusi.
951 846 1082 900 collig.
1106 857 1212 886 num.
1230 857 1297 892 5¹·

270 1079 559 1131 Franciscurn
572 1115 586 1137 ,
608 1084 654 1130 S.
679 1083 895 1129 Romanae
916 1078 1119 1129 Ecclefiae
1137 1079 1300 1130 Cardi-

302 1153 450 1200 nalem
468 1148 690 1219 deJojosa
706 1186 721 1207 ,
738 1152 929 1199 Gallum
944 1185 961 1208 ,
979 1151 1174 1199 Ordinis
1194 1155 1300 1201 Pro-

303 1222 523 1270 tectorem
549 1220 781 1269 constituit
797 1256 808 1267 .

266 1350 306 1392 A
329 1357 445 1404 tergo
457 1377 468 1387 .
535 1347 690 1389 Dileffo
709 1348 809 1387 Filio
827 1344 965 1400 Nostro
980 1348 1127 1387 Franci
1146 1362 1186 1389 co
1203 1320 1299 1390 Car-

467 1405 593 1446 dinali
617 1405 660 1445 dc
685 1403 820 1460 “Jojofi
846 1412 1064 1458 nuncupato
1079 1431 1092 1443 .

307 1540 725 1589 CLEMENS
777 1542 989 1590 PAPA
1046 1543 1224 1590 VIII.

393 1656 517 1698 necte
533 1655 608 1698 Fili
624 1655 755 1698 noster
770 1685 782 1707 ‚
798 1657 978 1699 Salutem
995 1685 1009 1707 a
1031 1659 1069 1699 8:
1092 1659 1294 1712 Apostoli-

414 1728 500 1755 cam
514 1714 844 1755 Benedictio-nem
857 1744 870 1755 .
895 1718 1004 1757 Cum
1021 1730 1092 1770 per
1105 1717 1217 1757 obitu
1225 1732 1294 1761 nb

262 1771 377 1812 bonae
407 1786 527 1813 mem.
549 1771 648 1828 Julii
671 1773 838 1814 Antonii
866 1776 904 1814 S.
921 1776 976 1815 R.
993 1776 1039 1814 E.
1069 1774 1297 1817 Cardinalis

263 1832 308 1872 S.
328 1831 528 1872 Severinae
542 1831 787 1885 nuncupati,
803 1830 964 1873 Ordinis
994 1834 1072 1874 FF.
1098 1833 1300 1876 Minor-um

263 1890 306 1929 S.
322 1887 520 1930 Francisci
536 1891 834 1942 Capucinorum
854 1901 1191 1942 nuncupatorum,
1203 1893 1300 1934 d-um

264 1945 394 1996 vixit,
416 1945 521 2001 apud
545 1949 772 1989 Romanum
788 1948 1024 1990 Pontificem
1040 1976 1054 1998 2
1075 1950 1296 2004 &Aposto-

262 2001 383 2044 licam
401 2005 547 2047 Sedem
572 2006 813 2047 protectoris
830 2034 842 2056 ‚
867 2007 980 2048 Ordo
996 2003 1181 2061 praefatus
1199 2012 1297 2052 Pro-

262 2065 420 2104 tectore
434 2062 642 2106 destitutus
664 2062 896 2105 remanserit
910 2094 924 2116 ‚
951 2070 1034 2107 Nos
1055 2066 1190 2108 eidem
1213 2070 1287 2110 Or-

264 2120 350 2163 dini
363 2122 416 2164 de
432 2121 580 2164 idoneo,
595 2125 833 2165 Proteuore
848 2124 1065 2178 providere
1084 2126 1264 2168 volentes
1281 2156 1295 2178 ‚

262 2193 310 2221 ac
322 2180 374 2222 de
386 2191 467 2223 <tuae
480 2180 843 2236 circumspectionis
859 2181 1041 2237 singulari
1059 2184 1263 2238 prud-entia
1279 2213 1294 2236 ‚

983 2291 1052 2354 N
1183 2294 1247 2356 O

2242 242 2341 306 49

1363 318 1571 368 doctrina,
1597 319 1863 370 integritate,
1891 319 2171 374 &Religionis
2185 322 2292 365 Zelo
2311 324 2404 378 plu-

1361 378 1506 421 rimum
1521 376 1559 417 in
1579 377 1757 417 Domino
1771 375 1901 417 confisi
1916 406 1930 427 ,
1954 381 2066 418 Motu
2086 382 2250 435 proprio
2264 408 2278 430 ‚
2298 383 2338 422 &
2354 395 2404 427 ex

1361 445 1473 477 certa
1499 433 1663 476 scientia
1694 462 1707 484 ‚
1744 449 1788 476 ac
1804 446 1958 477 matura
1993 435 2287 480 deliberatione
2325 452 2400 480 no-v

1359 494 1444 535 stris
1461 521 1475 543 ‚
1493 495 1552 534 Te
1567 520 1581 542 ‚
1597 506 1645 533 ex
1665 492 1776 546 cujus
1800 493 2051 546 protectione
2064 498 2115 534 ob
2133 508 2218 538 tuas
2235 498 2402 541 eximias

1365 553 1536 592 virtutes
1552 550 1750 592 Ordinem
1766 549 1971 605 praefatum
1987 550 2203 605 plurimum
2217 570 2401 597 commo-

1363 610 1404 652 di
1431 637 1445 662 ³
1481 610 1520 649 ὃς
1547 611 1776 652 ornamenti
1802 608 2072 666 suscepturum
2096 610 2170 653 effe
2193 641 2204 661 ‚
2235 614 2402 655 confidi-

1363 682 1449 710 mus
1468 695 1482 717 ,
1511 665 1661 722 praefati
1682 667 2040 712 Ordinisiuniverfi
2056 697 2070 717 ,
2099 667 2281 725 illiusque
2316 675 2402 714 Do-

1362 739 1520 766 morum
1535 755 1548 777 ,
1575 730 1611 768 &
1627 728 1826 768 Locorum
1844 726 2104 782 Regularium
2119 756 2132 778 ‚
2157 742 2200 769 ac
2221 730 2400 784 Religio-

1360 786 1492 827 sorum
1506 798 1862 842 quorumcunque,
1894 785 1996 841 apud
2025 788 2138 836 Nos,
2171 787 2207 827 &
2234 788 2401 840 Aposto-

1359 844 1475 886 licam
1491 843 1641 886 Sedem
1662 847 2052 895 Protectoremssum
2069 846 2255 886 omnibus
2273 844 2402 887 facul-

1359 901 1507 944 tatibus
1527 930 1538 952 ‚
1567 901 1931 958 jurisdictionibus,
1959 901 2208 952 honoribus,
2237 905 2275 943 δε,
2303 916 2402 942 one-

1357 961 1462 1002 ribus
1479 958 1603 1002 solitis
1615 989 1628 1011 ,
1642 963 1681 1002 δι.
1694 962 1834 1018 quibus
1848 963 1913 1005 alii
1929 990 1942 1013 ,
1960 971 2053 1004 ante
2073 964 2150 1009 Te,
2165 960 2257 1000 dicu
2276 959 2401 1000 Ordi-

1361 1020 1420 1061 nis
1448 1022 1704 1062 Protectores
1734 1020 1784 1062 usi
1811 1021 1923 1071 sunt,
1954 1035 1999 1063 ac
2017 1021 2075 1061 uti
2093 1018 2400 1075 quomodolibet

1361 1089 1610 1133 potuerunt,
1639 1078 1704 1120 seu
1729 1080 1853 1122 etiam
1869 1080 2096 1123 debuerunt
2112 1109 2125 1130 ,
2151 1077 2199 1118 ad
2220 1077 2294 1118 Tui
2325 1076 2401 1117 Vi-

1359 1147 1442 1178 tam
1457 1164 1469 1187 ‚
1484 1136 1709 1191 Apostolica
1724 1141 1978 1190 auctoritate,
1993 1148 2134 1181 tenore
2148 1134 2399 1190 praestintfum

1359 1192 1526 1235 facimus
1543 1224 1555 1245 ,
1582 1197 1620 1235 &
1644 1194 1880 1251 deputamus
1904 1199 1979 1238 &c.
2010 1197 2248 1240 Mandantes
2267 1198 2397 1248 Supe-

1360 1252 1555 1302 rioribus,
1581 1255 1616 1293 &
1641 1256 1844 1297 Fratribus
1860 1256 2157 1311 quibuscunque
2184 1252 2396 1304 ejusdem„

1358 1310 1541 1358 Ordinis,
1556 1311 1593 1351 in
1610 1311 1762 1354 virtute
1778 1317 1816 1354 S.
1833 1314 2086 1355 Obedientiae
2104 1342 2118 1363 ‚
2131 1322 2175 1353 ut
2191 1313 2251 1352 Te
2267 1312 2305 1351 in
2322 1324 2396 1351 eo-

1359 1383 1446 1410 rum
1479 1371 1752 1411 Protectorem
1787 1371 1897 1426 juxta
1927 1371 2175 1425 praesentium
2207 1379 2396 1409 tenorem

1356 1426 1599 1479 recipientes
1615 1452 1629 1474 2
1657 1426 1704 1467 εᾶ
1718 1455 1731 1476 ,
1755 1427 1830 1482 quat
1846 1430 1996 1472 debent
2010 1448 2033 1478 ,Δ
2051 1424 2282 1469 reverentizi
2301 1438 2397 1478 pro-

1356 1482 1570 1539 sequantur
1585 1512 1598 1534 ,
1624 1486 1837 1526 contrariis
1866 1500 1944 1527 non
1967 1485 2214 1527 obstantibus
2231 1480 2394 1538 quibus-

1356 1556 1513 1596 cunque
1530 1572 1539 1582 .
1567 1543 1781 1584 Coeterum
1804 1545 1864 1585 Te
1894 1545 1933 1585 in
1966 1544 2137 1586 Domino
2156 1545 2395 1591 hortamur,

1357 1612 1400 1641 ut
1424 1599 1644 1655 hujusmodi
1672 1603 1918 1644 protectoris
1941 1616 2088 1645 munus
2103 1603 2153 1645 ita
2168 1601 2285 1644 obire
2315 1599 2393 1639 stu-

1356 1659 1453 1700 deas
1474 1685 1487 1707 ‚
1515 1667 1557 1699 ut
1581 1658 1684 1713 apud
1714 1662 1871 1711 Deum,
1897 1661 2094 1703 bonorum
2117 1673 2283 1714 operum
2304 1659 2391 1698 Re-

1355 1716 1624 1765 tributorem,
1647 1725 1837 1757 aeternum
1853 1720 2080 1772 'proemium
2095 1747 2122 1769 ,‚
2155 1720 2194 1758 ὃς
2217 1716 2238 1757 ἃ
2262 1715 2390 1757 Nobis

1355 1774 1591 1827 condignam
1608 1773 1765 1816 laudem
1785 1776 1918 1818 valeas
1934 1777 2158 1832 promereri
2176 1805 2186 1816 .
2439 1814 2440 1818 ,

1419 1835 1562 1874 Datum
1596 1834 1733 1874 Romae
1764 1835 1866 1889 apud
1897 1839 1936 1878 S.
1954 1838 2115 1878 Petrum
2133 1835 2198 1876 s‘ub
2225 1832 2394 1876 Annulo

1359 1890 1652 1944 Piscatorisdie
1673 1893 1906 1947 x.}anuarii
1927 1910 1976 1937 M.
1993 1909 2155 1937 not-it.

1414 2010 1626 2063 Exemplar·
1645 2023 1688 2048 ex
1717 2011 1968 2065 Amographo
1983 2014 2024 2051 t'n
2037 2014 2180 2052 Secret.
2206 2009 2389 2051 Brevium

1464 2067 1595 2125 Apost.
1610 2068 1816 2126 affirvato,
1828 2070 2066 2126 dassamptum
2080 2072 2123 2111 in
2138 2068 2389 2121 Archtvoge-

1466 2129 1594 2169 mralt·
1608 2127 1767 2168 ordinis
1783 2130 1972 2171 Armarto
1989 2129 2232 2171 Authentica
2253 2124 2387 2182 msa-

1454 2185 1603 2243 fiiculo
1615 2187 1795 2241 colligato
1809 2199 1915 2229 num.
1929 2198 1998 2240 54.

1379 2295 1667 2358 TA.

261 2386 515 2478 POstquam
529 2393 549 2426 ὲ
563 2402 671 2428 morte
695 2393 978 2442 CardinalisJulii
988 2395 1131 2431 Antonii
1154 2394 1302 2431 officium
1320 2394 1571 2431 Proteaoratfis
1584 2419 1597 2438 ,
1623 2396 1721 2440 quan*
1739 2408 1796 2443 per
1807 2399 1884 2434 anni
1906 2398 2189 2446 intercapedinem
2204 2399 2348 2436 vacillet
2366 2424 2392 2443 ,.

359 2439 448 2473 illud
461 2437 550 2474 felici
565 2440 649 2475 sorte
663 2444 682 2475 ὲ
696 2442 909 2478 Sanffiffimo
926 2445 1091 2478 collatum
1105 2444 1170 2479 fuit
1184 2444 1334 2478 Domino
1348 2443 1523 2478 francisco
1535 2443 1710 2478 Cardinali
1722 2445 1764 2479 de
1776 2445 1887 2491 Iojosa
1899 2471 1912 2489 ,
1928 2448 2037 2483 Fratri
2053 2448 2228 2483 Germano
2240 2448 2382 2484 celebris

262 2486 369 2522 nostri
388 2487 426 2521 P.
440 2487 565 2529 Angeli
579 2487 621 2523 de
642 2488 758 2534 Jojosa
775 2514 788 2532 ‚
814 2501 913 2535 quem
927 2493 945 2526 ὲ
961 2494 1058 2527 Duce
1074 2489 1207 2534 Busagii
1223 2491 1436 2536 Capucinum
1451 2512 1463 2531 ,
1486 2491 1520 2524 81
1537 2491 1555 2524 ὲ
1568 2490 1748 2535 Capucino
1766 2491 2009 2529 Marechallum
2024 2519 2036 2537 ‚
2049 2495 2083 2530 8<
2097 2494 2282 2530 Occitaniae
2299 2498 2385 2532 Pro-

263 2534 400 2577 Regem
413 2534 557 2568 attonita
569 2534 687 2569 Gallia
702 2535 800 2571 vidit.
815 2537 961 2583 Utrique
973 2539 1050 2573 huic
1063 2539 1169 2574 Fratri
1180 2561 1193 2579 ‚
1210 2539 1236 2573 R
1246 2538 1352 2581 eligio
1371 2536 1478 2572 nostra
1495 2536 1781 2573 devinftamanet
1789 2562 1802 2580 ,
1814 2540 1894 2575 dum
1907 2541 1995 2576 enim
2009 2544 2062 2578 Fr.
2080 2542 2205 2586 Angeli
2223 2566 2235 2585 ‚
2250 2544 2385 2580 Defini-

245 2581 349 2617 ⁴toris
363 2579 548 2616 Generalis
562 2580 687 2616 virtute
702 2582 735 2617 se
747 2583 1042 2620 decoratamrfuiffe
1054 2586 1181 2630 noscit,
1207 2585 1440 2621 benevolenti&
1463 2584 1569 2620 Card.
1580 2585 1746 2621 Francisci
1757 2610 1770 2630 ‚
1798 2586 1830 2623 se
1853 2589 2036 2635 plurimum
2060 2590 2210 2636 adjutam
2234 2590 2356 2627 fatetur
2371 2605 2382 2627 :

262 2639 333 2664 non
347 2627 456 2663 solum
468 2627 557 2663 enim
570 2629 746 2665 Narbonae
759 2655 768 2672 ‚
785 2631 820 2666 8<
835 2633 971 2667 Tolosae
984 2657 997 2675 ‚
1013 2634 1109 2681 cujus
1122 2633 1291 2680 utriusque
1306 2632 1410 2672 Urbis
1423 2633 1665 2669 Archi-Praesul
1678 2645 1748 2669 erat
1759 2659 1772 2679 ,
1788 2638 1922 2672 Domos
1933 2638 2034 2675 nobis
2047 2638 2353 2677 aedificari.curavit
2364 2664 2388 2685 ‚,

262 2676 322 2712 sed
339 2676 440 2712 etiam
455 2688 580 2713 munus
594 2676 822 2724 protectoris,
837 2680 986 2726 proficua
999 2682 1123 2717 Ordini
1135 2681 1245 2729 amuffi
1261 2681 1390 2729 semper
1402 2681 1623 2727 adimplevit.
1716 2683 1747 2717 Ο

959 2727 1012 2765 Ex
1027 2729 1186 2766 Ciacom'o
1201 2729 1293 2765 Tom.
1307 2728 1410 2778 4.fol.
1422 2730 1504 2765 mihi
1518 2741 1532 2776 5
1545 2743 1571 2767 ι.
1587 2754 1600 2774 ,
1616 2731 1658 2772 &¹
1670 2731 1773 2770 MS.
1787 2730 2138 2781 Archivigeneralii
2150 2761 2175 2775 .,

263 2921 535 2971 Moderatur
565 2919 950 2972 Constitutionem
999 2925 1125 2991 Papae
1177 2929 1292 2975 Gre-

292 2995 412 3061 gorij
446 2995 591 3042 XIV.
609 3028 624 3050 ,
643 3010 730 3059 qua
765 2994 996 3042 Fratribus
1012 3029 1027 3050 ,
1050 2994 1075 3043 A
1102 2998 1291 3045 Saecula—

289 3064 413 3111 rium
429 3060 772 3111 confeffiouibus
789 3064 1058 3132 excipiendis
1078 3065 1289 3115 abstinere

289 3129 475 3182 indulfit
490 3168 506 3190 ,
540 3130 589 3182 <Sc
607 3135 656 3182 Ρ.
679 3131 889 3183 Ministro
908 3170 923 3192 ,
950 3152 1002 3183 ac
1017 3134 1288 3187 Definitorio

275 3200 592 3251 *Generalibus
623 3202 865 3262 concedit,
900 3218 950 3254 ut
976 3203 1030 3253 de
1069 3208 1286 3274 Capitulo

274 3274 514 3321 ,ΟεηεττιῙὶ
524 3273 582 3320 ad
609 3274 878 3339 Capitulum
901 3278 1124 3325 G-enerale
1142 3312 1158 3333 ,
1193 3280 1292 3326 Fra-

285 3354 385 3390 tres
398 3341 454 3391 ad
476 3343 561 3393 hoc
588 3345 919 3394 Sacramentale
949 3344 1289 3397 Ministerium..

294 3409 509 3461 destinent
525 3448 539 3461 .

329 3521 427 3569 CL
447 3525 722 3574 EMENS
773 3529 869 3576 PA
891 3529 989 3576 PA
1035 3529 1213 3576 VIII.

459 3606 531 3648 Ad*
539 3608 728 3665 futuram
756 3617 816 3656 rei
845 3617 1086 3656 memoriam.

259 3680 476 3794 ALias
501 3678 666 3725 fel.rec.
682 3689 906 3742 Gregorius
926 3691 1032 3743 Papa
1056 3687 1169 3728 XIV.
1188 3688 1289 3728 Prte-

413 3737 591 3797 deceffor
605 3743 738 3788 noster
751 3759 799 3789 ex
815 3749 934 3801 causis
950 3774 967 3798 2
979 3757 1073 3789 tunc
1101 3744 1285 3801 expreffis

1315 2840 1657 2853 —n—-u—--n—

2234 2846 2349 2858 —eu——u

1348 2936 1464 2966 motu
1476 2924 1572 2980 ejus
1578 2925 1745 2981 proprio
1759 2955 1774 2977 a
1786 2924 1851 2968 sua
1867 2928 2073 2983 perpetuo«
2084 2927 2380 2973 valituraecon-

1349 2985 1582 3034 stitutione,
1610 2984 1742 3027 statuit
1760 3013 1774 3036 ‚
1798 2986 2052 3038 &ordinavit
2068 3015 2082 3038 ,
2112 2988 2221 3043 quod
2244 2987 2378 3030 nullus

1348 3043 1684 3099 Congregationis
1702 3053 1705 3057 ’
1731 3047 2035 3100 Capucinorum
2079 3048 2244 3089 Ordinis
2285 3049 2382 3088 Fra-

1348 3112 1455 3143 trum
1474 3104 1679 3144 Minorum
1706 3115 2027 3159 nuncupatorum
2053 3106 2182 3148 Sancti
2213 3104 2379 3146 Franci-

1345 3159 1395 3201 sci
1413 3189 1426 3211 ‚
1453 3162 1491 3202 in
1521 3162 1739 3203 Laicorum
1765 3163 1971 3220 utriusque
1998 3163 2111 3206 sexfi's
2139 3193 2152 3213 ‚
2178 3165 2217 3203 &
2240 3162 2381 3204 Cleri·-

1343 3233 1482 3261 corum
1497 3220 2014 3277 Secularium2quxicumque
2027 3223 2241 3276 dignitate,
2253 3233 2381 3274 praee—

1351 3278 1567 3328 intuentia,
1595 3281 1859 3332 austoritate,
1883 3283 1922 3321 &
1941 3279 2130 3323 facultate
2153 3278 2297 3319 suffulti
2318 3276 2382 3319 es-

1349 3335 1432 3378 sent
1448 3364 1460 3386 ,
1476 3335 1780 3381 confeffionibus
1798 3339 2016 3394 occupari,
2034 3339 2097 3381 vel
2118 3334 2389 3379 confeffion‘es·

1347 3409 1486 3436 eorum
1501 3394 1643 3438 audire
1658 3396 1782 3453 posset
1799 3426 1811 3447 ,
1828 3396 1976 3439 etiamfi
1994 3396 2040 3438 ad
2058 3394 2096 3438 id
2121 3395 2345 3437 faciendum
2364 3424 2380 3447 ‚

1347 3452 1370 3495 ἃ
1387 3452 1650 3509 superioribus
1666 3485 1679 3506 ,
1696 3467 1762 3498 aut
1787 3458 2028 3497 protectore
2044 3483 2056 3505 ‚
2083 3465 2150 3496 aut
2177 3454 2302 3496 etiam
2327 3455 2379 3495 ab

1344 3512 1569 3567 Apostolica
1598 3514 1703 3557 Sede
1719 3543 1739 3565 ³>
1757 3513 2093 3569 quomodolibet,
2117 3515 2158 3554 &
2185 3511 2251 3555 sub
2277 3527 2378 3569 qua-

1344 3585 1515 3625 cumque
1534 3571 1751 3615 verborum
1765 3573 1893 3614 forma
1909 3601 1921 3622 2
1935 3571 2116 3614 licentias
2131 3582 2292 3615 eatenus
2303 3572 2377 3613 ob-

1343 3628 1512 3671 tinuisset
1529 3660 1541 3681 ‚
1559 3640 1677 3684 prout
1695 3636 1731 3672 in
1749 3630 1924 3688 ejusdem
1939 3631 2130 3685 Gregorii
2149 3629 2376 3674 Praedeces-

1348 3687 1442 3728 soris
1460 3689 1604 3730 Literis
1617 3716 1630 3738 ,
1647 3689 1683 3746 in
1698 3688 1823 3730 forma
1842 3690 1978 3731 Brevis
1993 3719 2007 3741 ,
2022 3689 2089 3731 sub
2099 3690 2189 3734 data
2204 3690 2270 3732 die
2286 3691 2373 3746 pri-

1346 3760 1577 3790 maivmxci.
1589 3749 1789 3804 expeditis
1802 3777 1816 3802 ‚
1830 3747 1986 3805 plenius
2000 3749 2247 3793 continetur.
2264 3753 2372 3791 Cum

1570 3809 1609 3848 G
2179 3819 2314 3852 autem
