2658 4244
292 225 329 289 8
865 211 1031 300 Sub
1088 211 1470 303 Clemente
1538 213 1625 304 V
1622 215 1714 301 II.

228 321 451 388 hujusmodi
471 321 638 378 Judices
662 320 712 367 ad
730 325 835 378 hoc,
867 339 913 370 ut
929 329 1148 373 immobilia
1165 333 1266 374 bona

229 381 451 438 hujusmodi
469 382 508 423 in
529 383 860 438 Emphyteusim2
886 387 953 430 vel
978 388 1165 439 censum,
1195 401 1266 433 aut

230 444 327 485 alias
356 440 517 491 danda,
539 442 575 482 &
604 444 865 496 permutanda
883 474 896 496 ,
930 446 995 488 seu
1027 448 1236 491 vendenda
1253 477 1268 499 ,

229 504 269 544 &
285 498 493 543 alienanda
508 525 522 548 2
548 513 682 543 coram
706 501 859 547 eisdem
877 504 1087 561 Judicibus
1115 505 1267 562 specifi—

231 569 375 602 centur
393 586 406 609 ,
433 559 583 614 eligere
614 558 757 615 poffint
777 591 791 614 ‚
820 574 1092 616 convertere,
1119 568 1156 607 &
1183 567 1269 607 aliis

231 617 400 660 coeteris
431 618 683 660 Eremitoriis
710 634 850 664 eorum
882 621 1066 665 societati
1097 652 1110 674 ,
1142 636 1269 679 ⁴prout

231 678 291 719 eis
308 674 554 718 commodius
569 673 693 718 visum
709 677 863 730 fuerit,
895 695 967 736 pro
991 681 1168 736 ejusdem
1196 686 1272 725 So-

231 734 394 777 cietatis
426 733 730 779 conservatione
769 738 972 793 applicare
1005 740 1167 783 valeant
1193 768 1207 790 ,
1233 743 1270 781 &

232 806 491 850 quaecumque
522 793 624 837 bona
639 821 653 845 ‚
680 795 803 839 etiam
821 796 997 841 feudalia
1013 827 1026 850 ,
1051 799 1089 840 &
1105 801 1270 853 emphy-

233 852 387 895 teotica
418 852 540 894 etiam
572 852 845 897 Ecclefiastica
876 856 1009 898 eidem
1042 857 1238 900 Societati
1256 885 1269 907 ,

233 913 316 969 tam
334 911 440 951 inter
454 909 570 952 vivos
584 939 596 962 ,
620 925 739 961 quam
755 912 867 955 causa
884 916 1025 956 mortis
1040 943 1054 965 ,
1078 914 1142 956 seu
1160 915 1275 956 testa.

233 979 375 1011 mento
395 997 408 1019 ,
442 968 505 1009 vel
535 969 756 1021 codicillo,
784 971 900 1013 dari.
930 973 1130 1021 concedi,
1156 975 1274 1014 &re-

231 1029 358 1082 linqui
386 1026 514 1068 libere
543 1026 708 1080 possint:
738 1030 790 1071 ita
811 1029 942 1072 tamen
962 1031 1070 1085 quod
1097 1029 1174 1084 ipsa
1201 1033 1273 1071 So·

229 1086 355 1127 cietas
388 1083 436 1125 ad
470 1085 613 1127 eadem
644 1100 766 1128 onera
795 1116 809 1139 ,
853 1087 903 1128 ad
935 1102 1018 1142 quae
1050 1089 1236 1129 Donator
1259 1115 1274 1138 ,

228 1145 297 1186 seu
318 1141 528 1192 Testator,
556 1143 780 1198 hujusmodi
810 1145 1019 1187 occasione
1045 1146 1272 1188 bonorum-›-

229 1200 468 1243 eorumdem
484 1202 698 1244 tenebatur
711 1231 723 1253 ,
744 1205 782 1245 &
796 1217 1054 1260 quaecumque
1069 1203 1145 1247 alia
1158 1231 1171 1255 ,
1188 1217 1271 1258 quae

228 1260 314 1315 ipse
331 1261 521 1324 ‚Donator
535 1286 549 1308 ,
579 1258 645 1302 seu
664 1262 852 1305 Testator
865 1262 988 1303 etiam
1005 1260 1270 1317 imposuerit,

230 1317 633 1382 omninoteneatur.
660 1321 715 1362 Et
747 1320 772 1362 si
799 1320 847 1363 ad
875 1332 1032 1362 certum
1061 1334 1270 1364 numerum

230 1387 539 1432 generationum
555 1404 569 1427 ,
587 1386 656 1419 aut
672 1379 988 1422 nominationum
1008 1378 1150 1421 eadem
1169 1381 1270 1421 bona

230 1431 411 1476 concessa
440 1431 590 1500 suerint
610 1465 625 1488 ,
653 1436 731 1493 ipsa
748 1439 929 1482 Societas
948 1452 1025 1480 non
1041 1438 1240 1493 perpetuo
1257 1465 1270 1488 ,

229 1492 298 1535 sed
315 1507 387 1548 per
401 1494 566 1548 triginta
582 1509 705 1538 annos
717 1527 729 1549 ,
745 1511 819 1552 pro
833 1496 1015 1552 qualibet
1032 1496 1269 1551 generatio-

230 1565 284 1593 ne
300 1580 313 1602 ,
339 1549 404 1594 seu
424 1552 696 1596 nominatione
721 1553 944 1609 hujusmodi
965 1554 1068 1596 bona
1093 1554 1269 1597 eadem-³

229 1621 375 1659 tenere
390 1609 521 1664 poffit,
534 1611 571 1650 &
589 1610 711 1655 finitis
728 1612 814 1668 ipsis
833 1612 946 1654 annis
970 1612 1071 1654 bona
1087 1610 1268 1667 praedista

230 1667 283 1708 ad
314 1681 455 1708 eorum
480 1667 653 1711 directos
682 1671 878 1712 Dominos
899 1669 1201 1720 devoluantur,
1230 1671 1269 1710 δε

232 1724 377 1780 absque
407 1738 548 1767 eorum
577 1726 765 1771 consensu
795 1728 927 1771 teneri
958 1741 1034 1770 non
1069 1727 1231 1770 valeant
1259 1757 1272 1769 .

230 1785 453 1826 statuimus
468 1811 482 1834 ,
505 1785 543 1824 &
565 1785 794 1830 ordinamus
810 1817 821 1828 .
847 1785 1031 1830 Ulterius
1048 1786 1137 1841 ipsis
1163 1786 1271 1830 de..

230 1842 398 1884 licentia
425 1841 606 1896 Capituli
633 1846 849 1888 Generalis
867 1875 881 1897 ,
911 1843 976 1888 seii
1007 1843 1271 1888 Provincialis

233 1902 345 1943 dictae
365 1901 578 1945 Societatis
600 1917 737 1947 curam
753 1905 988 1953 Animarum
1006 1932 1019 1954 ,
1043 1903 1271 1947 Monasterii

233 1962 276 2025 S?
299 1957 521 2003 Salvatoris
554 1961 607 2004 de
639 1966 782 2007 Monte
798 1964 958 2014 Acuto,
989 1964 1028 2004 &
1059 1962 1274 2005 Parochia-

234 2018 332 2060 lium
348 2018 607 2061 §.Michaelis
622 2022 936 2077 Archangeli,ac
955 2022 1158 2064 prioratus
1175 2024 1275 2064 San-

235 2077 287 2119 &i
304 2076 528 2119 Salvatoris
544 2076 596 2119 de
611 2082 721 2122 Fano
736 2108 750 2130 ,
769 2079 961 2123 Perufinae
976 2108 989 2130 ,
1011 2080 1244 2122 Tudertinae
1258 2107 1273 2131 ,

234 2139 274 2177 &
292 2137 444 2200 Fan-en.
464 2134 658 2179 Dioecefis
672 2166 685 2189 ,
699 2140 736 2180 &
756 2137 1023 2181 Ecclefiarum
1042 2138 1175 2182 eidem
1199 2141 1275 2181 So-

236 2195 378 2236 cietati
405 2195 602 2248 perpetuo
620 2197 811 2239 canonice
829 2199 1030 2240 unitarum
1057 2197 1275 2248 abdicare,

237 2255 276 2295 &
306 2251 358 2292 de
385 2250 572 2294 consensu
592 2253 752 2298 illarum
780 2256 1120 2299 parochianorum
1146 2256 1184 2297 in
1213 2254 1276 2296 lo-

238 2326 289 2353 co
319 2309 433 2376 dietis
467 2313 728 2356 Parochianis
759 2314 985 2358 accomodo
1017 2314 1111 2358 alias
1130 2313 1278 2356 Eccle-

237 2369 310 2413 fias
325 2397 344 2434 ,⁸
363 2372 503 2423 quibus
526 2383 618 2412 cura
639 2375 976 2415 Parochianorum
1000 2372 1276 2428 praedic‘torum

238 2427 493 2493 appl1cetur,
526 2429 698 2473 construi
730 2429 892 2482 facere,
927 2431 991 2473 seu
1025 2431 1141 2472 alteri
1159 2434 1280 2474 Paro-

238 2485 361 2529 chiali
378 2499 500 2551 ,·quae
521 2489 777 2531 parochianis
805 2489 1030 2545 hujusmodi
1048 2503 1279 2532 accommo-

239 2545 291 2589 da
307 2542 426 2584 fuerit
444 2545 609 2608 ,etiam
638 2547 692 2589 de
719 2546 905 2590 consensu
934 2547 1042 2590 illius
1062 2549 1279 2600 Reftoris,

240 2603 304 2645 cui
325 2616 396 2656 pro
412 2602 632 2657 hujusmodi
649 2619 743 2647 cura
761 2606 990 2648 exercenda
1008 2635 1022 2658 ,
1042 2607 1149 2662 quod
1172 2608 1279 2647 inter

241 2675 312 2703 eos
338 2671 583 2703 conventum
609 2661 759 2713 fuerit,
777 2663 961 2717 solvant·,
992 2679 1036 2707 ac
1053 2664 1274 2721 illasJuris.

241 2717 407 2763 distioni
423 2718 630 2761 Ordinarii
647 2721 728 2763 loci
745 2720 939 2764 subiicere
955 2750 968 2774 ,
994 2737 1039 2765 ac
1059 2723 1148 2765 loca
1172 2737 1278 2778 quae-

241 2789 413 2832 cumque
428 2804 442 2827 ,
462 2779 587 2825 ¹etiam
604 2792 678 2834 per
695 2780 988 2824 Ecclefiasticas
1002 2808 1016 2829 ,
1041 2783 1079 2822 &
1096 2782 1277 2836 Religio—

240 2836 300 2878 sas
315 2836 502 2902 personas
519 2836 576 2878 eis
592 2837 854 2881 concedenda
869 2841 1072 2893 recipere,
1086 2842 1124 2881 ὃς
1138 2854 1275 2884 eorum

239 2895 322 2936 usui
340 2893 570 2949 applicare:
603 2899 773 2939 Necnon
793 2898 883 2940 loca
896 2927 911 2950 ,
937 2897 1016 2940 sive
1029 2899 1274 2942 Eremitoria

238 2967 317 3010 pro
331 2962 517 3008 tempore
533 2966 697 3009 recepta
714 2955 935 3010 perficere,
950 2959 987 2998 &
1005 2957 1081 2999 alia
1096 2957 1150 3000 de
1167 2972 1275 3000 novo

240 3025 332 3054 cum
350 3011 540 3054 Ecclesiis
558 3040 571 3062 ,
596 3015 796 3057 Oratoriis
811 3044 825 3066 ,
851 3014 992 3058 humili
1019 3016 1246 3072 Campanili
1260 3045 1275 3068 ,

239 3068 430 3121 cellulis,
444 3071 483 3112 &
497 3069 667 3114 officinis
685 3070 910 3115 necessariis
925 3072 1160 3118 construere
1175 3103 1190 3126 ,
1210 3076 1275 3117 seu

239 3128 442 3179 construi,
467 3131 503 3171 &
519 3129 598 3184 J'am
615 3130 836 3173 constructa
852 3146 925 3187 pro
950 3133 1276 3175 convenientiori

240 3201 382 3231 eorum
400 3187 598 3231 mansione
612 3187 800 3232 demoliri
817 3189 976 3242 facere,
993 3193 1031 3232 &
1044 3206 1092 3234 ea
1107 3191 1157 3233 ad
1177 3191 1278 3233 alio·

240 3260 328 3287 rum
345 3245 530 3290 locorum
546 3262 620 3290 con
629 3247 859 3290 struetorum
875 3277 890 3300 ,
901 3248 979 3291 sive
993 3248 1045 3290 de
1062 3264 1169 3292 novo
1182 3264 1274 3291 con.

240 3303 525 3348 struendorum
554 3305 663 3348 usum
691 3317 933 3350 convertere
959 3336 971 3347 .
999 3309 1058 3350 Ac
1083 3322 1157 3360 pro
1181 3307 1276 3348 difti

241 3363 408 3427 Ordinis
427 3366 716 3422 propagatione
729 3380 866 3408 omnes
883 3394 896 3417 ,
920 3367 958 3407 &
973 3364 1142 3420 singulos
1159 3366 1276 3408 Reli-

244 3420 375 3486 giosos
398 3437 741 3481 quorumcumque
765 3425 889 3467 etiam
918 3424 1272 3470 Mendicantium,

245 3477 444 3520 Ordinum
458 3510 470 3530 ,
484 3485 518 3523 &
533 3484 908 3539 congregationum
922 3511 934 3534 ,
949 3497 994 3525 ac
1012 3482 1276 3526 Monasterio·

245 3549 335 3602 rum
351 3565 363 3586 ,
379 3537 425 3578 ad
445 3541 688 3584 Eremitoria
703 3542 885 3595 praedicta
909 3552 1111 3596 tamquam
1137 3541 1186 3584 ad
1209 3556 1276 3584 ar-

246 3597 413 3636 &iorem
433 3597 552 3637 vitam
571 3600 788 3643 convolare
805 3631 816 3653 ,
839 3603 876 3643 &
893 3597 960 3642 sub
976 3600 1186 3643 Societate
1205 3627 1219 3650 ,
1239 3602 1277 3642 &

247 3666 388 3695 eorum
405 3654 539 3696 habitu
554 3656 749 3701 Altiffimo
765 3658 950 3702 famulari
965 3660 1163 3713 eligentes
1175 3687 1188 3709 ,
1204 3662 1277 3701 Su-

248 3713 449 3765 periorum
469 3712 625 3754 suorum
644 3715 806 3759 licentia
824 3719 950 3773 petita
964 3746 978 3768 ,
999 3718 1096 3759 licet
1111 3732 1188 3760 non
1207 3717 1280 3759 ob—

249 3777 360 3813 tenta
376 3797 389 3822 ,
404 3769 550 3827 absque
566 3771 697 3828 aliqua
713 3776 1030 3826 contradiestione
1041 3803 1055 3829 ,
1070 3776 1135 3822 vel
1150 3777 1279 3831 obsta-¹

1318 334 1421 376 culo
1439 334 1624 389 recipere
1638 363 1652 386 ,
1668 332 1816 387 ipfique
1832 329 1881 371 sic
1899 327 2085 383 recepti,
2100 333 2137 372 ει
2153 330 2190 372 in
2209 328 2354 373 eadem

1322 394 1532 435 Societate
1549 421 1562 443 ,
1578 392 1658 435 five
1671 388 1827 433 Ordine
1845 387 1999 444 profeffi
2015 416 2028 438 ,
2057 389 2106 430 ad
2121 390 2252 430 omnia
2268 386 2358 428 offi-

1326 451 1389 492 cia
1405 478 1419 501 ,
1441 452 1477 491 &
1497 451 1716 506 dignitates
1731 448 1947 493 Societatis
1962 445 2184 489 eorundem
2202 446 2357 487 Eremi-

1324 520 1458 550 tarum
1473 510 1731 564 promoveri,
1745 510 1781 550 &
1798 506 1930 549 assumi
1946 505 2099 554 libere,
2112 506 2150 546 ὃς
2166 504 2279 546 licite
2294 516 2359 544 va-

1330 568 1440 609 leant
1458 596 1470 618 ,
1489 568 1742 623 indulgemus
1757 596 1767 607 .
1789 566 1994 610 Postremo
2010 563 2153 619 Majori
2172 592 2184 614 ,
2213 575 2260 602 ac
2274 574 2359 602 om-

1322 626 1444 668 ‹nibus
1463 653 1475 675 ,
1502 628 1540 667 &
1569 625 1728 681 singulis
1756 624 2042 669 Visitatoribus
2057 650 2071 672 ,
2098 618 2362 664 Provinciali-

1331 684 1402 725 bus
1414 711 1427 734 ,
1447 685 1651 727 Prioribus
1667 714 1680 734 ,
1694 687 1732 726 δε
1746 685 1832 727 aliis
1847 681 2098 725 officialibus
2117 707 2132 730 ,
2148 694 2196 722 ac
2208 677 2363 720 Pratri-

1332 742 1402 783 bus
1418 770 1431 792 ,
1456 741 1518 784 seu
1539 743 1728 786 Eremitis
1746 742 1940 796 praedietis
1958 770 1971 792 ,
1989 751 2032 782 ut
2053 738 2118 794 ipsi
2134 750 2273 780 omnes
2294 766 2306 786 ,
2325 736 2363 777 &

1327 799 1495 854 singuli,
1521 816 1565 843 ac
1582 801 1770 843 commisti
1788 831 1801 851 ,
1828 800 1967 843 Oblati
1983 827 1996 849 ,
2022 798 2184 840 Novitii
2200 824 2213 846 ,
2230 794 2366 839 Servi-

1330 867 1442 899 tores
1459 887 1471 909 ,
1487 860 1721 902 Familiares
1736 887 1750 909 ,
1765 859 2048 903 Benefaetores
2067 884 2080 906 ,
2107 858 2144 897 δε
2171 854 2255 896 aliae
2272 867 2365 908 per-

1334 915 1457 965 sonae,
1477 931 1522 957 ac
1539 918 1662 958 etiam
1678 918 1867 959 Oratoria
1882 945 1895 967 ,
1923 915 2112 957 Ecclefiae
2131 941 2144 964 ,
2162 911 2365 955 Monaste-

1333 975 1391 1016 ria
1409 1002 1422 1024 ,
1438 975 1680 1016 Eremitoria
1697 1001 1712 1024 ,
1726 975 1868 1018 &loca
1882 1002 1895 1024 ,
1909 979 1946 1017 &
1961 985 2214 1029 quaecumque
2232 970 2333 1011 bona
2349 997 2364 1020 ,
2390 1013 2392 1016 ,

1333 1034 1372 1073 &
1385 1044 1527 1074 caetera
1543 1032 1620 1074 alia
1635 1031 1813 1087 ejusdem
1828 1031 2045 1076 Societatis
2074 1044 2150 1084 pro
2178 1040 2365 1082 tempore

1332 1090 1598 1146 pertinentia,
1615 1090 1798 1132 omnibus
1814 1118 1827 1140 ,
1842 1093 1880 1132 ὃς
1897 1086 2331 1143 singulislndulgentiis
2347 1111 2360 1134 ,

1330 1159 1592 1203 peccatorum
1615 1147 1928 1199 remissionibus,
1955 1146 2094 1201 gratiis
2109 1174 2122 1197 ,
2148 1142 2365 1186 concessio-

1332 1207 1447 1249 nibus
1475 1205 1735 1248 facultatibus
1749 1205 2091 1257 ,immunitatibus
2108 1229 2121 1249 ,
2134 1201 2365 1255 exemptio-

1331 1266 1445 1307 nibus
1459 1293 1473 1316 ,
1501 1264 1721 1319 privilegiis
1749 1291 1763 1314 ,
1796 1261 2109 1320 praeeininentiis
2127 1289 2140 1311 ,
2169 1273 2365 1314 praeroga-

1330 1324 1425 1366 tivis
1450 1352 1464 1374 ,
1492 1322 1750 1364 libertatibus
1784 1350 1799 1374 ,
1826 1318 2026 1365 favoribus
2040 1347 2054 1369 ‚
2090 1318 2263 1360 licentiis
2277 1346 2291 1368 ,
2327 1317 2366 1357 Sc

1330 1382 1504 1424 Indultis
1529 1380 1773 1436 Apostolicis
1809 1409 1823 1432 ,
1863 1379 1931 1424 vel
1968 1377 2088 1420 aliter
2115 1375 2365 1433 qualiacum-

1328 1454 1407 1496 que
1433 1440 1505 1482 sint
1531 1468 1544 1491 ,
1570 1440 1711 1494 quibus
1734 1453 1874 1481 omnes
1891 1468 1903 1490 ,
1926 1439 1965 1479 &
1989 1436 2129 1489 finguli
2151 1434 2328 1476 Ordines
2345 1458 2360 1482 ,

1331 1497 1684 1554 Congregationes
1702 1525 1717 1547 ,
1744 1498 1968 1541 Societates
1991 1523 2005 1545 ,
2029 1496 2066 1534 δε
2093 1493 2331 1536 Monasteria
2347 1518 2362 1541 ,

1331 1557 1400 1599 sub
1428 1557 1658 1613 approbatis
1682 1557 1832 1612 regulis
1855 1557 2079 1610 degentes,
2105 1551 2168 1595 seu
2186 1551 2364 1592 militan-

1331 1626 1422 1662 tes,
1450 1629 1493 1656 ac
1514 1613 1706 1666 degentia
1729 1643 1744 1666 ,
1771 1614 1839 1656 seii
1867 1612 2079 1655 militantia
2103 1638 2117 1660 ,
2142 1621 2364 1663 eorumque

1314 1672 1570 1726 -superiores
1591 1699 1603 1721 ,
1621 1672 1846 1714 Generales
1863 1701 1876 1722 ,
1891 1668 2161 1714 provinciales
2179 1695 2192 1716 ,
2218 1669 2255 1707 &
2278 1680 2367 1721 par-

1333 1731 1526 1773 ticulares
1547 1730 1737 1771 Monachi
1756 1759 1770 1780 ,
1799 1728 1866 1771 seu
1883 1725 2076 1782 Religiosi
2091 1753 2106 1775 ,
2130 1722 2336 1767 Commiffi
2351 1751 2367 1774 ,

1332 1788 1474 1832 Oblati
1491 1815 1505 1837 ,
1519 1788 1677 1831 Novitii
1692 1816 1706 1838 ,
1721 1788 1967 1837 Familiares,
1981 1784 2224 1834 servitores,
2240 1784 2368 1823 Bene-

1335 1847 1505 1890 factores
1519 1875 1533 1898 ,
1550 1847 1587 1887 &
1609 1845 1692 1889 aliae
1706 1846 1878 1902 personae
1890 1875 1903 1897 ,
1921 1857 2140 1898 eorumque
2158 1838 2368 1890 Eccleliae,

1332 1906 1523 1950 Oratoria
1539 1933 1551 1954 ,
1567 1906 1604 1945 δε
1619 1905 1696 1947 alia
1708 1917 1965 1960 qua-cumque
1977 1905 2104 1951 Bona,
2118 1913 2201 1954 quae
2217 1898 2366 1948 omnia,

1332 1980 1378 2009 ac
1403 1964 1428 2007 fi
1455 1963 1688 2006 nominatim
1705 1965 2030 2019 exprimerentur
2051 1959 2112 2000 hic
2141 1957 2276 1999 haberi
2294 1970 2368 1998 vo·

1334 2025 1464 2066 lumus
1480 2051 1494 2072 ,
1524 2035 1597 2077 pro
1622 2020 1861 2064 sufficienter
1885 2017 2073 2075 expressis
2096 2015 2334 2072 conjunctim
2349 2041 2364 2064 ,

1333 2085 1372 2125 &
1399 2081 1553 2123 divifim
1569 2080 1628 2122 eis
1643 2108 1657 2131 ,
1682 2083 1719 2123 &
1734 2081 1901 2123 cuilibet
1930 2076 2100 2134 ipsorum
2117 2103 2131 2126 ,
2158 2075 2195 2116 in
2215 2085 2367 2126 genere

1335 2140 1402 2185 vel
1435 2141 1471 2182 in
1488 2138 1646 2195 specie,
1672 2140 1793 2182 etiam
1811 2140 1907 2182 vivae
1933 2137 2046 2179 vocis
2063 2132 2270 2182 oraculo,
2297 2129 2364 2172 vel

1336 2199 1433 2244 alias
1461 2197 1769 2253 quomodolibet
1797 2195 2015 2245 concessis,
2039 2191 2105 2235 seu
2131 2189 2366 2233 conceden-

1337 2258 1427 2309 dis,
1454 2257 1534 2299 tam
1558 2257 1597 2298 iu
1615 2255 1906 2312 spiritualibus,
1925 2253 2042 2310 quam
2062 2252 2104 2294 >in
2127 2246 2366 2303 temporali-

1339 2321 1438 2368 bus-1,
1467 2311 1548 2357 tam
1574 2316 1614 2357 in
1636 2322 1869 2366 communi,
1890 2314 2007 2368 quam
2037 2311 2076 2352 in
2104 2305 2366 2365 particulari,

1340 2374 1406 2418 seii
1420 2373 1516 2416 alias
1530 2374 1837 2429 quomodolibet
1851 2382 2022 2415 utuntur
2036 2397 2050 2420 ,
2066 2369 2275 2423 potiuntur
2291 2392 2304 2415 ,
2330 2365 2369 2404 &

1341 2433 1517 2490 gaudent
1537 2445 1550 2483 3
1575 2432 1640 2475 seu
1657 2434 1745 2484 uti,
1762 2431 1906 2484 potiri,
1923 2432 1960 2471 &
1979 2426 2157 2483 gaudere
2171 2432 2370 2487 poterunt.

1341 2490 1649 2548 quomodolibet
1675 2492 1713 2533 in
1743 2489 1921 2532 futurum
1942 2517 1956 2538 ,
1979 2485 2125 2540 absque
2147 2482 2229 2523 ulla
2253 2479 2372 2545 diffe-

1342 2551 1476 2593 rentia
1492 2575 1507 2598 ,
1521 2549 1603 2591 tam
1620 2551 1657 2591 in
1673 2550 1900 2598 communi,
1921 2546 2039 2602 quam
2056 2545 2092 2584 in
2110 2539 2338 2597 particulari
2354 2565 2369 2587 ,

1343 2608 1409 2650 vel
1423 2608 1520 2650 alias
1536 2607 1847 2662 quomodolibet
1861 2604 1948 2655 uti,
1976 2601 2129 2658 potiri,
2143 2601 2181 2640 &
2197 2597 2372 2653 gaudere

1338 2668 1469 2710 libere
1485 2694 1499 2716 ,
1515 2666 1681 2708 &licite
1697 2666 1886 2714 valeant,
1903 2664 1939 2703 &
1956 2659 2094 2717 possint
2111 2667 2255 2699 tenore
2271 2667 2371 2708 prae-

1339 2725 1539 2773 sentium,
1567 2726 1604 2766 &
1628 2724 1666 2765 in
1682 2733 1954 2778 perpetuum,
1981 2732 2026 2760 ac
2043 2715 2164 2759 etiam
2186 2714 2239 2755 de
2255 2725 2374 2778 *nov-o

1338 2781 1600 2826 concedimus
1618 2783 1770 2837 pariter
1787 2808 1800 2830 ,
1824 2781 1864 2820 &
1893 2776 2173 2830 indulgemuss
2198 2773 2237 2812 δε
2254 2785 2290 2812 in
2311 2783 2370 2810 eis

1337 2843 1473 2885 locum
1502 2842 1652 2883 habere
1679 2838 1862 2881 volumus
1881 2865 1895 2887 ,
1920 2850 1964 2879 ac
1992 2833 2015 2874 fi
2047 2830 2194 2875 eisdem
2209 2829 2341 2871 omnia
2358 2854 2374 2876 ,

1336 2902 1377 2942 &
1404 2899 1551 2953 singula
1568 2895 1755 2954 praemissa
1770 2893 1925 2940 diret‘te
1942 2922 1956 2945 ,
1983 2893 2022 2933 &
2043 2885 2221 2946 expresse
2235 2915 2249 2937 ,
2274 2901 2374 2928 con-

1337 2955 1439 3002 cessa
1466 2955 1624 3000 fuiffent
1639 2986 1653 3009 ,
1677 2955 1860 3011 exceptis
1879 2953 1938 2996 his
1952 2980 1966 3002 ,
1991 2964 2074 3006 quae
2088 2946 2213 2991 essent
2232 2955 2373 3011 contra

1338 3030 1480 3060 eorum
1499 3016 1800 3059 constitutiones
1828 3010 2066 3067 approbatas
2091 3035 2105 3058 ,
2139 3020 2184 3048 ac
2210 3005 2373 3047 ordina·-

1338 3077 1471 3119 tiones
1484 3103 1498 3126 ,
1517 3077 1556 3116 &
1577 3073 1877 3118 declarationes
1891 3066 2136 3124 capitulares
2157 3062 2278 3104 factas
2293 3063 2370 3127 ,.&
2393 3107 2398 3111 .

1337 3150 1413 3192 pro
1428 3145 1613 3190 tempore
1628 3131 1854 3174 faciendas:
1880 3132 1938 3169 Ac
1955 3135 1999 3167 ut
2014 3123 2108 3167 dum
2125 3121 2373 3186 Privileg107

1339 3207 1453 3244 rum,
1474 3190 1780 3235 Concessionum
1795 3217 1809 3241 ,
1834 3183 2135 3240 exemptionum
2153 3207 2168 3230 ,
2191 3180 2377 3222 immuni-

1338 3256 1497 3301 tatum,
1524 3249 1762 3294 facultatum
1789 3275 1805 3298 ,
1835 3244 2056 3301 gratiarum
2082 3269 2096 3292 ,
2122 3241 2162 3279 &
2185 3237 2376 3280 Indulto-

1339 3324 1426 3356 rum
1443 3323 1582 3352 eorum
1598 3337 1613 3360 ,
1637 3310 1677 3350 δε
1701 3305 1919 3362 cujuslibet
1935 3302 2131 3344 distorum
2149 3296 2345 3340 Ordinum
2359 3323 2374 3347 ,

1337 3368 1708 3424 congregationum
1723 3393 1737 3415 ,
1753 3365 2008 3408 Societatum
2023 3387 2037 3410 ,
2052 3359 2092 3398 &
2110 3355 2375 3400 Monasterio-

1338 3442 1426 3471 rum
1438 3426 1671 3482 Originales
1691 3424 1816 3466 literae
1829 3449 1842 3471 ,
1858 3420 1922 3463 seu
1941 3418 2187 3471 transumpta
2203 3415 2375 3456 authen-

1339 3486 1420 3528 tica
1433 3514 1448 3535 ,
1464 3499 1514 3527 ex
1532 3484 1610 3526 illis
1627 3491 1744 3539 prout
1760 3482 1798 3523 in
1814 3479 1995 3522 favorem
2010 3474 2120 3517 diaae
2138 3473 2373 3535 societatis,

1338 3542 1506 3599 ejusque·
1518 3542 1777 3596 Superiorum
1792 3566 1806 3589 ,
1823 3535 2094 3580 Eremitarum
2106 3562 2119 3584 ,
2135 3531 2374 3574 Commislo-

1340 3617 1427 3645 rum
1443 3629 1457 3652 ,
1471 3601 1714 3643 Oblatorum
1731 3627 1744 3649 ,
1760 3596 2023 3639 Novitiorum
2041 3622 2055 3643 ,
2074 3590 2344 3634 familiarium
2359 3616 2372 3638 ,

1338 3661 1591 3703 Servitorum
1618 3686 1631 3708 ,
1661 3653 1963 3700 Benefacftorum
1984 3681 1998 3703 ,
2023 3654 2062 3692 &
2087 3649 2339 3706 personarum
2360 3673 2375 3695 ,

1341 3733 1388 3761 ac
1404 3715 1674 3760 Ecclesiarum
1692 3743 1705 3763 ‚
1728 3713 2063 3756 Monasteriorum
2079 3738 2091 3760 ,
2109 3706 2376 3751 Eremitorio·

1340 3789 1456 3830 rum,
1487 3773 1672 3819 locorum
1690 3773 1888 3818 bonorum
1906 3799 1920 3824 ,
1944 3771 1983 3812 δι
2007 3770 2176 3814 aliorum
2205 3775 2374 3806 caetero-

2228 3836 2315 3866 rum
