2704 4296
727 242 824 324 Ε
858 234 1067 321 LE
1117 234 1218 319 N
1268 230 1619 322 CH‘U
1671 233 1773 323 Si

267 366 386 410 tent,
406 356 682 422 Apostolicis
702 352 942 401 memorati
956 350 1105 417 Regni
1124 354 1171 398 N
1178 354 1313 401 uutiis

272 424 567 481 existentibus
595 462 611 485 ,
648 422 698 473 δε
725 423 932 471 extituris
957 456 975 479 ,
1017 421 1313 472 curandum

247 536 249 538 .
273 499 526 547 committit
543 533 556 545 .
772 503 774 505 ’
1229 509 1311 552 71.

345 567 604 618 Confirmat
631 566 880 612 Decretum
908 566 955 613 S.
982 566 1315 634 Congregatio·

275 638 344 686 nis
365 629 754 692 Concilii,editum
773 649 931 685 contra
950 637 1195 684 nonnullos
1214 637 1316 702 Epi·

274 705 458 776 scopos,
476 705 502 753 a
520 702 741 754 Ministris
759 705 1117 755 Provincialibus
1133 721 1316 774 praeten-

272 779 428 828 dentes
447 809 463 833 ,
479 793 548 828 ,ut
573 776 620 824 in
641 776 785 824 literis
802 811 818 834 ,
852 775 1014 844 quibus
1046 774 1148 826 suos
1170 778 1316 827 Cleri-

271 865 350 898 cos
363 883 380 905 ,
401 846 459 896 ad
477 850 559 897 88.
579 845 780 896 Ordines
798 846 1079 914 recipiendos
1094 849 1314 907 mittunt,

268 936 360 968 non
379 915 527 967 solum
545 913 650 985 ipsis
677 916 975 986 (Episcopis)
1007 918 1314 969 obedientiam

269 984 546 1058 spondeant,
568 987 643 1039 sed
665 991 803 1038 etiam
816 989 1062 1052 juridicam
1079 988 1317 1055 fidejussio-

269 1078 374 1111 nem
406 1058 612 1127 praestent
653 1058 710 1109 de
739 1057 1119 1110 subministrando
1149 1061 1316 1111 talibus

270 1130 506 1182 Fratribus
530 1129 725 1182 Ordinis
750 1131 878 1181 vistu
893 1168 908 1190 ,
937 1130 985 1183 ὃς
1011 1130 1178 1188 vestitu
1193 1168 1208 1190 ‚
1231 1135 1316 1181 in-.

271 1200 486 1272 hypotefi
512 1238 529 1261 ,
561 1194 684 1269 quod
714 1203 788 1252 vel
823 1204 1115 1271 Religionem
1149 1202 1317 1252 desere-

271 1288 374 1324 rent
394 1309 411 1332 ,
443 1276 517 1323 vel
535 1272 660 1322 ab-ea
678 1270 990 1322 desererentur
1011 1309 1024 1320 .
1061 1308 1063 1310 -
1235 1291 1316 1330 72·

342 1345 405 1395 A‘
421 1344 592 1394 Sansto
609 1346 829 1390 Romanae
844 1375 859 1399 ,
885 1340 934 1392 ἃ
964 1339 1226 1391 universalis
1247 1346 1319 1390 In-

272 1411 525 1483 quisitionis
555 1410 797 1462 Tribunali
838 1415 924 1463 ΡΡ.
953 1411 1174 1462 Ministris
1213 1415 1318 1462 Pro-

271 1480 544 1535 vincialibus
573 1483 918 1532 Provinciarum
946 1482 1321 1537 Ultramontana·

273 1572 378 1606 rum
412 1551 608 1603 'facultas
639 1552 908 1603 conceditur
932 1588 948 1612 ,
973 1555 1037 1605 ,in
1062 1552 1227 1603 causis·
1247 1553 1322 1603 ‘ad

275 1632 326 1679 8.
340 1623 569 1676 Officium
586 1623 886 1693 spestantibus
898 1659 913 1683 ,
927 1638 1087 1674 contra
1105 1623 1207 1674 suos
1225 1622 1323 1674 sub·

273 1699 402 1748 *ditos
427 1693 734 1764 procedendi.
831 1701 833 1703 ’
911 1730 916 1734 -
1000 1717 1002 1719 ·
1241 1715 1270 1756 7
1278 1713 1322 1757 3.

365 1768 448 1818 Ad
485 1762 716 1816 instantias
759 1770 810 1818 P.
846 1763 1050 1817 Ministri
1085 1768 1322 1816 Generalis

281 1837 526 1896 concedit,
543 1843 600 1888 ut'
613 1834 845 1888 Officium
871 1842 918 1888 S.
939 1835 1146 1887 Conradi
1162 1873 1178 1895 ,
1206 1839 1323 1889 Ter-

274 1911 334 1959 ,tii
365 1909 558 1960 Ordinis
582 1910 632 1957 S.
653 1906 878 1957 Francisci
896 1943 913 1966 ,
927 1906 985 1956 ab
1000 1908 1212 1957 omnibus
1228 1943 1244 1966 ,
1272 1906 1320 1960 &

278 1979 467 2050 singulis
507 1974 702 2042 Ordinis
731 1981 973 2028 Minorum
1017 1981 1065 2027 8.
1094 1976 1320 2028 Francisci

280 2047 521 2120 Religiosis
549 2085 565 2108 ,
591 2047 674 2098 sub
703 2051 818 2099 Ritu
848 2047 1135 2116 semiduplici
1156 2052 1201 2099 in
1231 2054 1323 2113 ejus

281 2121 354 2172 die
375 2118 486 2171 festo
505 2122 683 2170 recitari
701 2119 838 2189 possit
854 2156 866 2168 .
1242 2139 1321 2184 74.

368 2194 445 2247 Ut
476 2191 761 2243 Venerabilis
792 2197 967 2243 Servus
1000 2192 1088 2240 Dei
1130 2193 1256 2240 Felix
1301 2192 1324 2239 a

284 2264 545 2316 Cantalicio
562 2298 578 2321 ‚
596 2266 760 2315 Beatus
776 2276 1065 2330 nuncupetur
1081 2297 1097 2319 ,
1122 2261 1325 2326 ejusdem

289 2332 645 2385 Beatificationis
683 2335 916 2384 Solemnia
966 2331 1149 2401 publice
1200 2351 1327 2401 pera·

285 2420 454 2476 gantur
470 2442 487 2465 ,
515 2423 567 2454 ac
587 2403 816 2455 Officium
834 2441 849 2464 ,
879 2403 929 2456 &
943 2401 1079 2452 Missa
1104 2403 1160 2452 de
1183 2422 1236 2454 eo
1254 2423 1330 2454 va-

285 2480 365 2526 riis
392 2480 439 2526 in
471 2477 586 2526 locis
613 2512 630 2533 ,
665 2475 715 2527 dc
740 2475 953 2526 Ecclefiis
980 2474 1194 2523 dicantur
1212 2509 1230 2531 ,
1255 2475 1330 2523 de·

288 2561 434 2597 cernit
451 2581 464 2595 .
734 2579 736 2584 -

1247 2560 1308 2603 75

358 2618 646 2665 Facultatem
669 2612 849 2663 dicendi
867 2611 1095 2665 Officium
1112 2647 1128 2670 ,
1151 2610 1199 2662 ὅ(
1217 2611 1333 2661 Mis-

289 2685 384 2737 sam
403 2686 460 2735 de
477 2691 531 2736 Β.
551 2686 699 2733 Felice
720 2685 744 2730 a
765 2686 1024 2734 Cantalicio
1041 2719 1055 2742 ,
1076 2682 1134 2732 ad
1152 2699 1334 2749 pauca...

287 2759 391 2807 loca
416 2793 432 2815 ,
466 2755 515 2808 ὃ(
550 2752 769 2805 Ecclefias
802 2752 933 2821 supra
960 2752 1212 2803 restriEiam
1237 2789 1252 2812 ,
1279 2753 1336 2803 ad

289 2846 448 2878 omnes
469 2825 664 2878 Ordinis
684 2824 905 2875 Ecclesias
921 2861 937 2884 ,
973 2823 1023 2876 ὅ(
1051 2828 1231 2874 Fratres
1258 2842 1335 2875 ex-

291 2899 436 2948 tendit
454 2933 478 2947 ..
821 2924 823 2926 >
1033 2901 1040 2906 ⁴
1251 2905 1333 2956 76.

362 2966 769 3024 Constitutionem,
786 2983 875 3032 qua
893 2967 1153 3016 PP.Paulus
1168 2969 1230 3016 V.
1246 2971 1336 3017 Ca-

292 3042 480 3109 pucinos
499 3074 515 3097 ,
546 3055 676 3088 veros
709 3042 756 3087 8.
777 3040 828 3088 P.
848 3035 1073 3086 Francisci
1103 3036 1335 3098 filioseffe

293 3111 572 3168 declaravit,
605 3106 850 3158 confirmat
877 3127 892 3168 ;
936 3125 1010 3157 eos
1038 3106 1251 3175 insuper,
1279 3126 1334 3158 ex

294 3199 405 3231 vera
419 3217 434 3239 ,
451 3179 502 3232 ὃς
520 3198 752 3247 nunquam
771 3180 1026 3246 interrupta
1054 3178 1254 3242 ejusdem
1286 3184 1334 3230 8.

294 3254 572 3302 Patrislinea
587 3253 815 3320 originem
834 3251 1008 3299 trahere
1025 3249 1227 3299 decernit
1243 3286 1259 3308 ,
1287 3249 1335 3301 &

297 3323 654 3374 contradistores
673 3318 890 3379 censuris,
901 3339 953 3370 ac
969 3320 1066 3371 aliis
1083 3322 1231 3388 poenis
1248 3319 1336 3372 ἃς.

302 3392 525 3462 compesci
544 3393 706 3443 debere
720 3391 878 3441 statuit
891 3429 902 3440 .
1256 3410 1336 3452 77.

363 3465 614 3514 Indultum
637 3463 858 3514 recitandi
878 3459 1108 3512 Officium
1125 3497 1140 3520 ‚
1162 3459 1210 3514 ἃ
1228 3466 1338 3512 cele-

304 3532 462 3583 brandi
487 3535 669 3585 Miffam
698 3533 756 3583 de
781 3538 834 3585 B.
859 3534 1008 3583 Felice
1034 3532 1060 3580 a
1080 3535 1338 3584 Cantalicio

301 3605 348 3654 in
377 3608 470 3663 ejus
496 3605 624 3655 Festo
641 3642 656 3664 ,
687 3603 759 3654 ad:
775 3622 933 3654 omnes
955 3602 1222 3654 Sacerdotes
1238 3640 1252 3662 ,
1280 3605 1338 3655 ad

300 3672 522 3726 Ecclesiae
542 3676 708 3726 nostras
723 3675 1021 3732 confluentes,
1035 3677 1240 3743 ampliat.
1255 3679 1338 3736 78.

383 3748 458 3796 Ne
477 3749 658 3798 Fratres
671 3742 844 3813 absque
865 3745 1041 3814 speciali
1072 3748 1246 3797 Sandiae
1264 3751 1337 3799 Se·

2063 270 2352 331 xxxvl?-

1371 352 1440 400 dis
1459 353 1641 414 licentia
1656 357 1674 409 ,*
1694 355 1751 400 ad
1769 353 2020 412 lairiorem,
2046 357 2093 407 ἃ
2113 359 2201 406 line
2231 358 2412 408 licentia

1373 420 1639 472 P.1Miuistri
1658 424 1898 472 Generalis
1926 422 2090 492 scripta
2108 465 2121 485 ‚
2143 429 2198 477 ad
2218 431 2416 479 Chattu-

1373 491 1681 550 sienfium,vel
1696 496 1840 542 alium
1857 512 2170 565 quemcunque
2182 500 2417 549 Ordinem

1373 561 1602 614 transeant
1618 599 1634 621 ‚
1656 563 1868 632 prohibet
1886 598 1899 613 .
2333 590 2360 630 7
2365 589 2416 630 9.

1455 631 1678 684 *Infirmat
1724 639 1973 684 Decretum
2015 638 2166 687 ultimi
2212 641 2419 708 Capituli

1360 707 1614 756 *Generalis
1638 742 1654 764 ,
1694 709 1814 755 circa
1850 707 2122 757 elerstionem
2165 714 2214 759 P.
2252 712 2420 760 Procu-

1361 779 1538 826 -ratoris
1569 775 1746 826 editum
1766 815 1779 837 ‚
1804 775 2047 845 statuitque
2065 815 2079 836 ,
2100 795 2150 828 ut
2169 782 2260 829 haec
2280 817 2295 838 ,
2325 799 2421 847 quae

1375 847 1400 897 a
1419 845 1522 897 solis
1539 850 1629 898 ΡΡ.
1647 847 1973 898 Definitoribus
1993 850 2295 900 Generalibus
2320 852 2423 899 hac-

1375 934 1504 968 tenus
1533 916 1650 968 fasta
1677 916 1792 976 fuit,
1829 921 1874 967 in
1903 917 2133 987 posterum
2163 924 2333 987 pariter
2365 920 2423 968 ab

1375 990 1444 1039 his
1466 1025 1483 1048 ,
1526 989 1577 1042 <Sc
1616 1006 1707 1039 non
1745 990 1772 1038 ἓ
1809 1004 1912 1040 toto
1947 991 2154 1058 Capituli
2183 997 2376 1059 corpore
2405 1026 2422 1047 ,

1377 1059 1491 1111 fiat.
2081 1082 2084 1085 ’
2339 1064 2423 1108 80.

1448 1134 1585 1182 Vivae
1602 1134 1745 1183 Vocis
1763 1134 1974 1184 Oraculo
1990 1171 2004 1192 ,
2022 1131 2149 1200 quod
2164 1146 2260 1181 tam
2275 1133 2430 1180 Novi-

1375 1204 1427 1251 tii
1453 1238 1469 1260 ,
1504 1204 1645 1268 quam
1663 1206 1868 1271 Juvenes
1899 1203 2088 1256 Profeffi
2115 1221 2193 1272 per
2218 1205 2425 1271 primum

1374 1273 1632 1338 Religionis
1645 1273 1994 1337 quadriennium
2013 1275 2290 1324 Guardianis
2308 1302 2322 1332 ,
2354 1289 2426 1321 eoa.

1378 1357 1482 1389 rum
1513 1341 1747 1409 Magistris
1779 1342 2084 1392 confiteantur
2102 1378 2118 1400 ,
2151 1342 2426 1400 confirmat,

1379 1413 1442 1459 ita
1459 1426 1635 1470 tamen,
1651 1426 1701 1461 ut
1719 1414 1770 1461 iis
1787 1416 1983 1481 quinque
2002 1414 2079 1464 vel
2097 1412 2171 1461 sex
2188 1413 2364 1461 vicibus
2382 1414 2429 1459 in

1381 1499 1498 1530 anno
1513 1517 1529 1540 ,
1560 1479 1849 1535 confessarius
1868 1483 2253 1534 extraordinarius
2271 1479 2434 1532 offera*

1382 1567 1486 1603 tur.
1522 1559 1526 1562 ’
1570 1575 1573 1577 ·
2348 1557 2432 1602 81.

1453 1624 1602 1689 Qud*
1627 1626 1752 1675 Laici
1780 1624 1968 1678 Profeffi
1993 1665 2008 1688 ,
2042 1626 2252 1678 Clericos
2282 1627 2436 1674 Novic-

1382 1696 1471 1745 tios
1495 1696 1742 1763 praecedere
1760 1696 1952 1748 debeant
1970 1735 1985 1756 ‚
2007 1698 2209 1746 decernit
2221 1731 2234 1744 .
2345 1699 2371 1742 8
2387 1714 2429 1744 1.-

1455 1770 1654 1816 Decreto
1671 1771 1773 1817 Sac.
1790 1767 2242 1839 Congreg<C0ncilii
2256 1801 2272 1823 ,
2289 1766 2334 1813 in
2351 1769 2435 1815 Ec-

1382 1835 1524 1885 clefiis
1557 1838 1750 1888 Ordinis
1779 1839 2017 1890 Cadavera
2046 1837 2347 1888 secularium
2373 1834 2437 1884 sei

1382 1909 1512 1976 peliri
1531 1908 1652 1975 posse
1669 1909 1927 1960 declaratur
1944 1947 1955 1959 .
1990 1909 1994 1912 ’
2346 1909 2432 1954 82⁶

1461 1981 1534 2032 Ut
1567 1982 1838 2050 contagione
1866 1981 2216 2031 celebrationem
2245 1979 2438 2046 Capitu-

1384 2048 1537 2098 lorum
1555 2051 1914 2107 Provincialium
1936 2055 1981 2101 in
2000 2052 2228 2123 aliquibus
2246 2050 2438 2099 Provin-

1384 2121 1465 2169 ciis
1483 2121 1783 2189 impediente,
1802 2125 1889 2173 PP.
1909 2123 2205 2173 Provincialis
2223 2119 2284 2170 ’ὅς
2308 2115 2439 2169 Diffi-

1386 2191 1556 2241 nitores
1588 2191 1846 2243 necessarias
1871 2192 2155 2261 provisiones
2192 2190 2359 2240 faciant
2388 2185 2440 2239 ἃ

1388 2262 1682 2313 Guardianos
1708 2266 1911 2333 eligant,
1938 2264 2151 2314 concedit
2168 2299 2180 2311 .
2353 2262 2438 2321 84⁴

1447 2336 1699 2385 *Fratribus
1734 2333 2040 2402 cujuscunque
2071 2334 2155 2383 fint
2183 2331 2440 2383 Provinciae

1389 2407 1872 2473 (Romanaexcepta)
1903 2405 2124 2454 accessum
2157 2404 2212 2451 ad
2248 2404 2442 2450 Almam

1391 2474 1575 2526 Urbem
1590 2509 1606 2530 ,
1635 2473 1800 2539 absque
1822 2476 2004 2523 licentia
2019 2509 2034 2530 ,
2059 2476 2134 2522 vel
2154 2473 2208 2520 ab
2229 2472 2444 2520 Eminen-

1317 2577 1329 2590 .
1392 2538 1488 2588 tiss.
1506 2542 1769 2591 Proterstore
1786 2578 1801 2600 ,
1835 2545 1909 2592 vel
1929 2545 1953 2592 ὲ
1971 2547 2060 2593 ΡΡ.
2076 2541 2290 2591 Ministro
2309 2576 2325 2597 ,
2357 2540 2440 2588 Vi*

1392 2613 1534 2675 cario,
1546 2610 1620 2659 seu
1638 2614 1943 2661 Procuratore
1957 2611 2260 2662 Generalibus
2277 2611 2325 2659 in
2337 2608 2443 2659 scri*

1395 2683 1484 2749 ptis
1504 2681 1655 2731 habita
1677 2683 1888 2750 prohibet
1907 2720 1918 2731 .
2356 2683 2382 2728 8
2394 2698 2440 2743 5.

1467 2752 1548 2801 Ob
1565 2752 1887 2821 contagionem
1904 2754 1950 2802 in
1970 2750 2158 2804 diversis
2176 2753 2329 2802 Italiae'
2341 2769 2443 2820 par-

1394 2824 1516 2873 tibus
1545 2821 1820 2893 grassantem
1839 2859 1854 2882 ,
1888 2825 2107 2892 Capitula
2137 2824 2442 2874 Provincialia

1395 2896 1548 2944 omitti
1562 2894 1771 2964 indulget
1786 2931 1801 2953 ,
1820 2894 1873 2947 ὅ(
1888 2930 1904 2955 ,
1922 2910 1972 2945 ut
1992 2896 2300 2946 Provinciales
2313 2929 2328 2951 ,
2344 2890 2444 2944 offa

1396 2964 1596 3015 finitores
1607 3001 1623 3024 ,
1641 2964 1689 3017 ὅ(
1705 2965 1962 3015 Guardiani
1978 2985 2056 3036 per
2071 2964 2300 3015 schedulas
2320 3000 2336 3023 ,
2351 2968 2443 3014 Ro-

1396 3053 1521 3086 mam
1545 3039 1635 3087 PP.
1653 3039 1843 3087 Vicario
1859 3074 1874 3097 ,
1907 3036 1956 3089 ὅ(
1980 3038 2270 3088 Procuratori
2291 3039 2443 3084 Gene-

1395 3107 1563 3157 ralibus
1581 3107 1824 3158 mittendas
1842 3110 2067 3179 eligantur
2081 3144 2097 3168 ,
2112 3108 2255 3157 sancit
2271 3143 2282 3155 .
2356 3108 2442 3154 862

1464 3174 1697 3228 Defundio
1734 3181 1784 3229 P.
1820 3183 2121 3248 Hieronymo
2158 3180 2183 3226 ὲ
2216 3177 2391 3227 Narnia
2425 3210 2442 3234 ,

1396 3251 1445 3300 P.
1465 3247 1755 3300 Franz-:iseum
1770 3251 1957 3321 aJanua
1977 3254 2327 3302 Procuratorem
2345 3249 2444 3295 Ge·

1397 3322 1595 3373 neralem
1616 3321 1810 3372 Ordinis
1823 3359 1839 3381 ,
1855 3322 1989 3372 simul
2008 3324 2052 3371 in
2070 3320 2328 3373 Vicariatus
2348 3319 2441 3381 Ge·

1397 3394 1557 3441 neralis
1576 3388 1753 3442 Officio
1772 3427 1799 3450 „
1817 3391 2043 3443 substituit
2056 3429 2068 3442 .
2352 3389 2437 3447 87⁵

1431 3486 1435 3493 =·
1467 3466 1676 3513 Fratrem
1706 3462 1964 3515 Antonium
1980 3499 1996 3522 ,
2026 3462 2160 3512 suum
2173 3482 2175 3484 ¹
2190 3457 2442 3509 secundum>

1400 3551 1583 3584 carnem
1601 3531 1787 3584 fratrem
1805 3539 2094 3585 Germanum
2109 3568 2125 3591 ,
2142 3531 2443 3582 Cardinalent

1398 3607 1446 3655 S.
1472 3606 1707 3673 Onuphrii
1733 3619 2041 3672 nuncupatum
2066 3602 2259 3655 Ordinis
2282 3605 2440 3652 Prote-

1398 3675 1576 3733 ‹storem
1590 3711 1605 3733 ,
1632 3677 1820 3744 deputat
1837 3714 1848 3725 .
2355 3673 2381 3718 8
2393 3673 2438 3718 8-

1467 3747 1589 3798 Patri
1619 3746 1829 3797 Ministro
1861 3749 2073 3799 Generali
2090 3783 2105 3808 ,
2127 3744 2441 3797 ‘facultatem

2224 3819 2374 3866 Guar-
