2658 4244
880 269 1040 361 Sub
1102 264 1477 355 Clemente
1539 261 1721 351 XII.

2149 300 2308 366 205

250 398 406 457 gnitate
430 391 703 440 Ecclefiastica
725 388 945 434 constitutae
972 384 1176 437 munitis,
1201 384 1270 428 seu
1333 383 1528 428 Volumus
1560 392 1696 424 autem
1723 408 1736 431 ,
1768 385 1812 422 ut
1843 382 2091 436 praesentium
2126 387 2374 431 literarum..-

249 444 530 505 Procuratoris
541 451 748 497 Generalis
761 447 854 490 dieti
864 446 1023 489 Ordinis
1039 446 1267 500 obfignatiS,
1329 440 1569 491 transumpis
1587 469 1600 490 ,
1618 439 1684 482 seu
1699 440 1912 494 exemplis,
1930 443 2050 484 etiam
2067 446 2277 499 impressis,
2291 460 2376 487 ma·-

248 514 393 559 veadem
413 513 570 572 prorsus
587 510 687 556 fides
705 508 944 552 adhibeatur
958 535 973 556 ‚
997 519 1082 561 quae
1101 500 1274 546 adhibe·
1335 514 1385 544 nu
1400 498 1571 554 alicujus
1588 499 1748 541 Notarii
1764 498 1914 552 publici
1930 500 2154 556 subscriptis
2167 533 2180 555 ,
2196 507 2235 545 &
2255 503 2376 559 Sigil-

253 585 362 618 retur
379 576 465 633 ipsis
479 571 762 632 praesentibuS,
784 565 807 609 fi
825 563 954 608 forent
971 563 1158 608 exhibitae
1173 592 1186 615 ,
1206 563 1272 607 vel
1334 561 1376 602 lo
1398 557 1579 601 Personae
1600 559 1638 599 in
1659 556 1935 599 Ecclesiastica
1956 558 2156 612 dignitate
2180 563 2374 604 constitu-

254 632 461 737 Ostglasiiint
479 696 615 736 Romae
631 685 733 745 apud
749 689 787 730 S.
804 686 971 728 Mariam
988 682 1191 739 Maiorem
1207 683 1275 723 sub

253 752 418 796 'Annulo
430 751 640 798 Piscatoris
653 747 720 790 die
730 746 1276 790 xxvi-Novem.1vmccxxx⁴v.

252 809 512 857 Pontificatus
528 809 660 854 Nostri
678 809 792 850 Anno
805 809 933 849 Sexto
948 837 961 847 .

602 910 652 953 F.
672 904 788 949 Card.
807 905 1022 947 oltverim.

307 998 563 1060 Brevefhrm.
577 999 618 1037 in
639 994 759 1037 Arcb.
769 994 960 1049 gen.Ord.
982 995 1086 1035 Tom.
1101 993 1156 1034 R.
1169 1005 1232 1047 n.3
1243 1003 1282 1042 7.

746 1091 861 1104 —u—

257 1154 602 1244 Indulgentiam
636 1172 888 1222 Plenariam
914 1187 996 1238 pro
1028 1165 1155 1218 Festo
1176 1170 1284 1216 San·

292 1245 373 1295 &ae
397 1242 527 1295 Rosae
548 1244 759 1311 Virginis.
775 1237 1102 1296 Viterbiensis,
1125 1240 1171 1286 in
1202 1240 1287 1285 Ec-

292 1313 434 1366 clefiis
449 1329 541 1364 tam
560 1317 776 1362 Fratrum
793 1346 809 1368 ‚
836 1312 972 1377 quam
987 1309 1285 1364 Monialium,

290 1384 374 1435 sub
395 1382 706 1449 jurisdistione
737 1386 788 1432 P.
823 1380 1021 1429 Ministri
1049 1380 1284 1434 Generalis

293 1454 575 1506 existentium
591 1489 607 1513 ,
632 1450 839 1504 concedit
865 1466 1129 1519 perpetuam
1148 1485 1159 1497 .

355 1584 750 1634 CLEMENS
801 1578 1009 1629 PAPA
1062 1575 1193 1626 ΧΠι

432 1676 499 1718 Ad
517 1682 750 1727 perpetuam
779 1675 846 1714 rei*
864 1673 1086 1712 memoriam
1102 1699 1114 1711 .

387 1791 466 1834 Gni
494 1788 776 1840 Immaculati,
802 1790 869 1844 qui
902 1792 1035 1831 Sacras
1074 1785 1289 1843 Virgines,

416 1847 581 1904 Sponsas
608 1846 692 1889 ffias
719 1845 977 1902 spiritual-ium
1009 1846 1291 1889 charismatum

261 1911 379 1951 donis
395 1906 679 1961 multipliciter
696 1905 926 1956 decoratas,
941 1916 1093 1948 aeterno
1111 1904 1291 1948 fibi-con-

260 1967 386 2010 sortio
415 1967 453 2005 in
466 1965 605 2019 'Caelis
619 1964 784 2006 sociavit
805 1991 819 2014 ,
841 1964 950 2005 vices
978 1963 1076 2020 licet
1101 1963 1290 2006 immeriti

261 2033 449 2080 gerentes
478 2022 516 2062 in
547 2023 667 2064 terris
683 2050 696 2072 ,
723 2022 906 2064 coelestes
922 2020 1109 2064 Ecclefiae
1132 2024 1290 2065 thesau-

259 2096 326 2125 ros
353 2111 368 2131 ,
399 2094 570 2137 quorum
597 2079 929 2136 dispensationem
959 2081 1086 2123 Nobis
1115 2080 1290 2122 credidit

261 2143 373 2183 Deus
389 2167 404 2190 ,
429 2139 606 2180 libenter
621 2152 829 2194 erogamus
845 2166 859 2189 ,
889 2149 932 2180 ut
953 2136 1134 2180 fidetium
1162 2153 1292 2194 erga.-

261 2197 422 2241 easdem
439 2200 579 2238 Beatas
597 2198 782 2252 Virgines
800 2196 984 2247 devotio,
995 2197 1292 2254 ejusmodimu-

261 2256 635 2306 neribusincitata,
669 2254 957 2309 multiplicibus
973 2255 1138 2307 indi-es,
1170 2257 1296 2298 bene-
1361 2286 1363 2288 -

257 2314 427 2356 dicente
445 2313 822 2368 Domino,proficiat
839 2313 1092 2356 incrementis
1106 2345 1116 2356 .
1134 2315 1294 2369 Suppli—

261 2372 485 2415 cationibus
517 2373 654 2427 itaque
690 2372 828 2414 dileeti
854 2370 925 2413 filii
952 2374 1247 2415 Bonaventurae·
1273 2373 1294 2415 ἒι

262 2431 463 2480 Ferraria,
481 2431 648 2472 Ministri
665 2431 880 2472 Generalis
893 2430 1295 2474 Ordinis-Fratruim

260 2491 467 2531 M-inorum
489 2489 619 2530 Saneti
645 2487 840 2531 Francisci
869 2491 1168 2544 Capucinorum
1196 2503 1297 2531 nun-

262 2555 502 2602 eupatorum
517 2547 675 2588 nomine
688 2576 702 2595 ,
720 2547 847 2589 Nobis
863 2552 981 2600 super
999 2548 1074 2587 hoc
1090 2547 1297 2589 humiliter

261 2604 456 2661 porreetis
488 2604 697 2653 inclinati,
729 2617 773 2644 ac
806 2605 856 2646 de
887 2604 1187 2659 omnipotentis
1216 2605 1293 2647 Dei

260 2661 552 2705 misericordia.
569 2692 583 2715 ‚
613 2664 652 2703 &
683 2663 905 2704 Beatorum»
930 2665 1043 2704 Petri
1071 2692 1084 2714 ,
1115 2666 1153 2705 &-
1180 2663 1294 2706 Pauli

261 2721 549 2775 Apostolorum
583 2719 671 2776 ejus
687 2722 941 2762 Auaoritate
974 2721 1102 2763 confisi
1120 2751 1132 2773 ,
1165 2722 1294 2763 omni-

261 2779 336 2821 bus
352 2807 367 2830 ,
400 2781 441 2819 δι
461 2778 620 2832 fingulis
645 2777 852 2834 utriusque
878 2777 989 2820 sextis
1010 2780 1294 2823 christifideli-

262 2838 340 2880 bus
362 2837 459 2878 vere
474 2836 771 2891 poenitentibus
787 2847 811 2888 ,·
826 2839 864 2878 &
891 2836 1069 2878 confessis
1085 2867 1098 2890 ,
1114 2854 1165 2881 ae
1176 2843 1295 2882 Sacra

263 2895 562 2938 Communione
578 2892 736 2935 refectis
754 2923 768 2945 ,
799 2896 864 2949 qui
880 2895 1052 2950 aliquam
1072 2900 1132 2940 'ex
1149 2899 1295 2938 Eccle-

263 2954 331 2996 fiis
347 2962 425 2994 tam
443 2955 657 3001 Fratrum,
688 2953 1062 3008 quam-monialium
1078 2954 1298 3010 ejusdem-1

262 3010 431 3053 Ordinis
446 3039 460 3060 ,
472 3007 740 3066 Jurisdic'tioni
756 3023 859 3053 nunc
875 3038 888 3060 2
917 3012 1047 3066 &pro
1070 3022 1297 3068 tempore-2

263 3069 470 3113 existentis
487 3069 656 3109 Ministri
676 3069 895 3111 Generalis
913 3070 1079 3112 Ordinis
1095 3071 1298 3127 hujusmo-

263 3127 309 3168 di
328 3125 589 3182 subjectarum
610 3128 803 3170 haetenus
816 3129 960 3169 erectis
977 3158 992 3178 ,
1024 3130 1064 3172 δέ
1090 3128 1130 3169 in
1162 3130 1294 3184 poste-

262 3199 352 3226 rum
373 3184 690 3240 quandocunque
717 3185 918 3239 erigendis
933 3214 947 3236 ,
971 3187 1301 3243 tie-ubicunque)

262 3244 447 3285 locorum
467 3243 726 3286 existentibus
741 3271 754 3293 ,
770 3243 837 3284 die
852 3245 966 3285 Festo
983 3247 1022 3286 S.
1038 3244 1298 3301 Rosae’Virgi‘.

260 3302 322 3343 nis
340 3302 604 3342 Viterbiensls
618 3333 633 3353 ,
648 3314 796 3356 nempe
809 3301 875 3343 die
890 3313 1029 3355 quarta
1050 3306 1185 3346 meniis
1200 3309 1299 3359 Sep-

262 3360 434 3401 tembris
461 3359 635 3414 :iprimis
650 3360 838 3414 Vesperis
863 3359 983 3416 usque
1014 3361 1061 3403 ad
1078 3361 1299 3405 occasum.)

263 3417 370 3459 Solis
389 3417 490 3460 Festi
506 3417 729 3473 hujusmodi
745 3417 1026 3472 fingulisannis
1040 3419 1192 3462 devote
1209 3420 1297 3462 visi..

263 3476 446 3518 tavei-int
463 3504 476 3526 ,
506 3477 547 3516 δι
571 3476 626 3518 ibi
642 3491 716 3533 pro
731 3477 1295 3535 ChristianorumPrincipum

262 3533 484 3576 concordia
499 3562 512 3584 ,
546 3535 734 3578 haeresum
752 3536 1027 3591 extirpatione
1042 3563 1057 3588 ‚
1088 3552 1132 3580 ac
1150 3541 1297 3580 saneiae

262 3592 618 3635 Matris·Ecc1es1ae
634 3593 884 3636 exaltatione
899 3623 912 3646 ,
943 3596 1025 3649 pias
1058 3595 1106 3638 ad
1125 3598 1299 3639 Deum.›

263 3664 410 3706 preces
424 3649 639 3695 effuderint
652 3681 666 3704 ,
680 3653 1090 3708 plenariam-omnium
1104 3667 1300 3710 peccato-

263 3723 354 3751 rum
373 3708 534 3750 suoru-m⁴
545 3711 840 3765 Indulgentiam
854 3740 867 3762 ,
889 3711 928 3753 ὃς
943 3713 1211 3756 remissionem·
1221 3715 1296 3757 mi-

262 3767 524 3810 sericorditer
540 3768 579 3810 in
599 3772 779 3812 Domino
789 3772 1046 3813 concedimus
1063 3785 1077 3823 3
1093 3773 1295 3827 praesenti-

262 3828 335 3870 bus
364 3829 572 3885 perpe-tuis
615 3827 761 3873 futuris
793 3831 1042 3886 temporibus
1072 3832 1255 3875 valituri-ss
1284 3866 1297 3877 .

1338 629 1388 661 tae
1408 617 1600 666 munitis,
1632 614 1776 656 eadem
1793 616 1951 667 prorsus
1975 615 2074 658 fides
2109 619 2375 672 adhibeatur,

1338 691 1421 734 quae
1453 675 1721 717 adhiberetur
1752 672 1838 727 ipfis
1865 674 2151 732 praesentibus,
2182 680 2209 718 fi
2234 680 2371 721 forent

1338 734 1551 785 exhibitae,
1576 733 1641 777 vel
1667 731 1853 775 ostensae.

1345 815 1348 818 ⁴
1399 797 1547 838 Datum
1561 795 1701 835 Romae
1717 792 1822 847 apud
1846 795 1886 835 S.
1901 793 2070 835 Mariam
2087 796 2291 852 Major-em
2304 795 2376 838 sub

1340 854 1502 897 Annulo
1512 851 1806 894 Piscatorisdie
1818 854 2101 895 x11.Decemb.
2118 869 2372 898 moccxxxv.

1340 911 1603 961 Pontificatus
1620 909 1755 955 Nostri
1769 911 1892 951 Anno
1906 913 2032 953 Sexto
2046 942 2057 952 .

1748 1032 1798 1073 F.
1816 1027 1936 1071 Card.
1957 1029 2174 1072 olivert'us.

1342 1171 1352 1176 ·
1402 1153 1523 1194 Breve
1532 1147 1759 1249 firgmum
1779 1149 1822 1191 in
1837 1145 1960 1190 Arcb.
1970 1159 2062 1200 gen.
2081 1147 2176 1190 Ord.
2205 1150 2309 1190 Tom.
2324 1146 2379 1187 R.

1461 1222 1567 1251 num.
1583 1222 1605 1262 3
1637 1235 1651 1247 -.

1347 1446 1583 1496 Omnibus
1605 1480 1620 1502 ‚
1658 1443 1707 1494 ὃ(
1750 1444 1934 1512 fingulis
1989 1443 2194 1494 Pet-sonis
2230 1441 2382 1492 Tertii

1382 1515 1574 1563 Ordinis
1594 1518 1640 1560 S.
1659 1513 1888 1560 Francifci
1902 1550 1916 1569 ,
1933 1516 2027 1561 tim
2046 1517 2164 1562 intra
2178 1549 2193 1570 ‚
2209 1513 2386 1578 quam...

1381 1598 1509 1632 extra
1523 1581 1834 1638 Claustraffub
1847 1581 2164 1645 Juri-sdiffiofie
2185 1579 2384 1630 Ministri

1384 1651 1620 1700 Generalis
1635 1655 1734 1716 Cap
1742 1653 1977 1699 ucinorum
1991 1652 2261 1718 degentibus
2281 1668 2386 1698 con-

1385 1720 1506 1769 eedit
1533 1737 1610 1786 per
1638 1722 1762 1769 viam
1780 1723 2207 1769 communicationis
2226 1736 2385 1768 omnes

1384 1791 1732 1861 Indulgentias·‚
1755 1790 1919 1857 quibus
1935 1788 2146 1838 fruuntur
2166 1826 2182 1847 ,
2214 1789 2387 1857 &gau-

1384 1861 1492 1921 dent
1523 1859 1787 1909 Confratres
1806 1896 1820 1917 ‚
1862 1860 1909 1910 ὃς
1943 1860 2226 1909 Consorores
2264 1865 2387 1909 Con-

1381 1929 1670 1981 fraternitatis
1699 1934 1847 1984 Beatae
1877 1931 2039 1981 Mariae
2069 1933 2279 2000 Virginis
2297 1931 2385 1992 de,-

1387 2005 1550 2051 Monte
1570 2003 1787 2050 Carmelo
1800 2037 1819 2048 c

1437 2132 1826 2180 CLEMENS
1878 2132 2090 2179 PAPA-
2140 2132 2302 2179 XII.

1527 2258 1601 2299 Ad*
1615 2265 1845 2311 perpetuam
1874 2260 1933 2298 ret·
1962 2260 2183 2301 memoriam
2198 2287 2210 2298 .

1440 2374 1667 2417 officitudo
1681 2374 2040 2416 Pastoralisvofficii
2056 2403 2069 2426 ,
2097 2374 2387 2431 quoEcclesiae

1450 2432 1675 2476 Catholicae
1697 2433 1913 2486 regimini,
1941 2433 2075 2475 divina
2101 2435 2357 2488 dispositione
2373 2460 2388 2482 ,

1360 2491 1632 2544 praesidemus,
1662 2493 1748 2532 Nos
1765 2489 1986 2542 admonet,
2011 2501 2057 2532 ut
2071 2502 2275 2545 paternam
2301 2493 2389 2533 Re·-

1360 2548 1591 2602 ligiosorum
1604 2549 1796 2590 Virorum
1810 2548 1876 2604 sub
1893 2549 1999 2590 suavi
2023 2551 2202 2591 arffloris
2220 2548 2388 2603 Regulae

1353 2607 1451 2665 jugo
1465 2608 1782 2662 mancipatorum
1800 2621 1938 2648 curam
1956 2619 2178 2662 gerentes,
2207 2609 2268 2662 pia
2288 2606 2388 2648 illo·

1356 2680 1445 2707 rum
1472 2666 1597 2708 studia
1628 2666 1770 2720 gratiis
1795 2694 1808 2716 ,
1843 2667 1882 2706 &
1913 2665 2116 2709 favoribus
2145 2664 2350 2709 foveamus
2374 2693 2388 2717 ,

1356 2735 1476 2780 atque
1493 2724 1956 2778 incitemus-opportunis
1969 2753 1981 2764 .

1412 2787 1517 2824 Cum
1534 2784 1668 2837 itaque
1683 2811 1707 2832 ,·
1721 2784 1818 2823 stcut
1836 2781 2003 2825 dil-edtus
2020 2782 2147 2824 Filius
2172 2786 2389 2826 Bonaven-

1357 2853 1446 2883 rura
1474 2842 1494 2882 a
1519 2842 1705 2885 Ferraria
1722 2869 1737 2892 ,
1765 2841 1945 2882 Minister
1971 2840 2186 2883 Generalis
2224 2842 2387 2883 Ordinis

1356 2903 1539 2942 Fratrum
1559 2900 1764 2941 Minorunt
1779 2901 1908 2940 Sancti
1926 2901 2127 2942 Francisci
2154 2901 2386 2953 Capucino·-

1355 2972 1444 2999 rum
1459 2967 1784 3012 nuncupatorum
1799 2959 1927 3017 Nobis
1945 2973 2070 3014 nuper
2086 2960 2233 3013 exponi
2261 2957 2361 2999 fecit
2373 2986 2386 3009 ,

1355 3015 1435 3072 ipse
1452 3017 1636 3057 omnibus
1651 3016 1859 3072 utriustsue
1872 3016 1995 3060 Sexus
2014 3018 2086 3072 piis
2099 3016 2388 3073 personis,ubi-

1354 3089 1512 3130 cunque
1540 3075 1800 3116 existentibus
1817 3103 1830 3126 ,
1853 3086 1937 3117 ram
1966 3078 2070 3118 intra
2086 3105 2100 3127 ,
2126 3075 2243 3131 quam
2271 3086 2387 3116 extra

1354 3134 1523 3175 claustra
1538 3123 1780 3186 degentibus
1796 3161 1809 3184 ,
1823 3136 1945 3176 etiam
1963 3134 2203 3189 conjugatu,
2220 3147 2308 3184 quae
2318 3134 2386 3174 sub

1360 3192 1521 3246 Regula
1548 3192 1675 3234 Tertii
1703 3192 2071 3247 Ordinisejusdem
2101 3193 2230 3233 Sanffi
2262 3193 2387 3233 Fran-

1359 3249 1450 3293 cisci
1475 3251 1648 3293 militant
1673 3279 1691 3302 ,
1727 3252 1766 3291 &
1796 3265 1880 3305 quae
1913 3252 1979 3291 sub
2011 3248 2281 3305 jurisdistione
2313 3264 2387 3304 pro

1357 3320 1543 3363 tempore
1557 3309 1941 3351 exi'stentisMinistri
1959 3307 2177 3349 Generalis
2189 3307 2284 3349 dieti
2307 3311 2388 3350 Or-

1359 3367 1463 3409 dinis
1503 3368 1788 3422 reperiuntur,
1814 3380 1981 3416 omnes,
2013 3368 2052 3406 &
2078 3366 2387 3421 quascunun„

1358 3425 1636 3479 Indulgentias
1666 3426 1714 3466 ab
1749 3425 1823 3466 hac
1850 3426 1988 3467 Sanfita
2013 3424 2119 3467 Sede
2155 3425 2386 3479 Apostolica

1357 3495 1439 3528 tam
1461 3481 1692 3533 concessas,
1716 3483 1834 3536 qusint
1859 3485 1911 3526 in»
1926 3483 2136 3537 posterum·
2153 3483 2388 3525 conceden-

1357 3543 1424 3586 das
1437 3572 1450 3594 ,
1473 3542 1615 3597 quibus
1632 3540 1877 3584 Confratres
1892 3571 1905 3592 ,
1936 3544 1976 3582 &
1990 3540 2263 3584 Consorores-.
2275 3545 2388 3584 Con-

1356 3600 1617 3644 fraternitatis
1641 3603 1771 3643 Beatae
1793 3601 1929 3643 Mariae
1951 3600 2001 3643 de
2029 3604 2170 3644 Monte
2189 3601 2386 3643 Carmelo

1355 3659 1534 3716 gaudent
1556 3658 1996 3715 (tendentibus‘etiam
2012 3659 2049 3701 in
2065 3659 2104 3700 id
2121 3660 2307 3715 precibus
2323 3659 2387 3700 di-

1354 3719 1446 3760 leffl
1463 3718 1551 3759 Filii
1568 3718 1766 3760 Ludovici
1782 3718 1961 3761 Benzoni
1981 3718 2133 3760 Prioris
2166 3719 2384 3760 Generalis

1353 3775 1528 3818 secundo
1556 3776 1649 3818 diest-i
1679 3777 1843 3819 Ordinis
1856 3779 1958 3835 )·per
1982 3779 2075 3821 Nos
2098 3779 2383 3825 communicari

1354 3834 1610 3891 summopere
1636 3835 1861 3880 desideret.

1534 3897 1570 3937 C
1602 3909 1622 3935 c
2247 3899 2330 3938 Nos
