2704 4296
952 261 1815 358 ISAGOGE.
2171 285 2405 367 xxvii.

324 392 746 479 diligentiam,
799 400 923 470 qua
986 382 1169 446 Bulla
1216 405 1360 450 vera
1391 432 1406 455 ,
1454 391 1517 448 ὃς
1580 389 1836 471 impasta
1892 390 2041 451 inter
2090 395 2143 455 se
2190 399 2471 460 confrou.

321 488 434 547 tari
481 478 746 543 debent,
791 467 1116 554 praescribit
1147 512 1161 541 ‚
1205 470 1304 554 vel
1350 491 1422 533 ex
1467 474 1577 535 suo
1624 480 1908 560 exemplo
1955 482 2238 545 monstrat
2290 487 2475 546 Inno-

322 574 551 633 centius
584 557 698 622 111.
741 561 804 619 in
838 554 1111 639 Epistola
1148 555 1456 621 Decretali
1483 600 1499 624 ,
1544 578 1677 643 quae
1720 566 1939 647 partim
1987 563 2205 651 legitur
2241 571 2472 635 Lib.V.

320 661 416 719 tit.
457 649 611 715 XX:
660 642 740 703 de
787 642 1066 706 Crimine
1111 641 1238 706 falfi
1288 647 1445 729 Cap.
1474 646 1555 710 V.
1603 644 1708 708 ubi
1752 650 1837 711 ita
1881 646 2088 715 fatur:
2127 657 2337 715 Bullam
2379 661 2474 735 igi.

319 763 408 803 tur
431 741 543 797 binc
582 736 698 794 inde
740 735 1029 812 diligentius
1058 743 1316 796 intuentes
1341 742 1396 792 in
1410 742 1671 815 superiori
1690 756 1848 813 parte
1879 781 1895 803 ,
1940 761 2047 818 qua
2077 746 2174 816 filo
2200 747 2424 802 adhaeret
2456 789 2472 810 ,

292 845 426 888 ,eam
455 820 841 901 aliquantulum
885 836 1160 878 tumentem
1187 828 1468 881 invenimus
1499 862 1515 885 ‚
1558 827 1618 883 ὡ·
1644 845 1756 882 cum
1774 827 1928 899 filum
1961 849 2020 883 ex
2047 846 2208 902 parte
2254 832 2472 887 tumenti

301 916 410 988 fine
436 909 671 967 violentia
696 907 880 984 aliqua
910 908 1297 984 aliquantulum
1338 909 1538 966 attrahi
1565 908 1886 990 ficiffiemus,
1915 909 2073 968 Bulla
2102 918 2156 967 in
2189 916 2285 985 filo
2317 932 2473 968 rema.

313 1011 487 1059 nente,
507 994 659 1068 filum
687 1013 742 1049 ex
766 1008 922 1068 parte
939 994 1047 1051 alia
1062 996 1180 1070 fuit
1209 995 1391 1067 abipsa
1404 998 1516 1068 fine
1541 996 1829 1074 difficultate
1854 996 2183 1074 aliquatenus
2213 1000 2472 1074 annisum,

314 1086 369 1139 in
403 1085 546 1136 cuius
562 1079 859 1154 summitate
894 1079 1061 1136 adbuc
1100 1084 1253 1136 etiam
1277 1081 1527 1150 incisionis
1570 1083 1815 1139 indicium
1856 1083 2176 1157 apparebat:
2204 1104 2306 1157 per
2336 1084 2480 1158 quod

313 1162 508 1235 liquid&
546 1162 965 1236 deprehendimus
983 1205 997 1225 ‚
1031 1163 1236 1220 Bullam
1267 1166 1422 1238 ipsam
1464 1186 1521 1220 ex
1552 1167 1671 1222 aliis
1700 1167 1864 1224 literis
1894 1170 2173 1225 extrariam
2198 1168 2384 1249 suff,
2414 1189 2473 1228 ac

313 1251 415 1307 illis
432 1266 533 1324 per
566 1251 746 1305 vitium
763 1247 1013 1322 falsitatis
1050 1251 1288 1319 insertam
1315 1284 1445 1297 .....
1471 1252 1533 1302 In
1564 1257 1758 1306 caeteris
1790 1254 2001 1326 diligens
2033 1257 2303 1330 indagator
2328 1251 2475 1327 fals-i-⁸

314 1349 470 1393 tatem
490 1337 686 1408 poterit
714 1337 903 1387 intueri
920 1368 931 1379 -
957 1369 997 1381 ..
1015 1368 1026 1381 .
1053 1331 1106 1401 st
1127 1328 1284 1386 Bulla
1312 1348 1412 1385 non
1434 1330 1503 1402 fit
1526 1336 1771 1410 aqualis,
1784 1338 1886 1409 fied
1907 1338 2095 1393 alicubi
2128 1343 2287 1410 magis
2323 1339 2476 1408 tami-

315 1426 381 1482 da
411 1458 428 1481 ‚
470 1421 530 1478 (ὅ
565 1414 750 1481 alicubi
778 1420 944 1491 magis
981 1411 1236 1492 depreffa.

488 1503 645 1567 Haec
688 1507 752 1565 ὃς
792 1501 901 1565 alia
954 1501 1033 1562 de
1070 1498 1383 1563 Bullarum
1427 1508 1731 1588 categoria
1766 1506 2115 1572 sufficiant:
2161 1503 2336 1593 plura
2384 1508 2472 1571 ta-

313 1613 456 1658 men
502 1591 611 1679 qui
645 1588 899 1675 desuper
924 1586 1113 1651 ambit
1140 1630 1157 1656 2
1202 1586 1396 1671 segpisls
1445 1588 1676 1656 laudat-i
1725 1595 1785 1656 P.
1816 1593 2124 1660 Bremond
2171 1591 2473 1678 praefatio-

316 1703 456 1745 nem
506 1677 780 1743 consulat
815 1721 831 1746 ,
878 1677 1026 1739 dum
1087 1697 1204 1759 ego
1261 1674 1341 1737 ad
1388 1674 1671 1742 Breviurn
1724 1678 2221 1765 Apostolicorum
2286 1701 2466 1748 mate.

317 1771 468 1832 riam
515 1760 749 1916 terlanseo
775 1806 792 1832 ,
840 1766 1063 1848 pariter
1108 1768 1171 1828 in
1206 1762 1427 1847 Caput
1475 1785 1670 1833 unum
1700 1767 1760 1836 ὃς
1796 1767 2099 1836 Ξεὲὶὶοηες
2141 1765 2338 1852 plures
2384 1771 2473 1831 se-

317 1876 533 1941 gregati
582 1873 680 1915 arn
711 1898 727 1934 9
1733 1879 1735 1881 ·

367 2102 1093 2250 CAPUT
1182 2097 2424 2249 SECUNDUM

557 2371 742 2479 De
845 2353 1412 2480 Brevibus
1503 2349 2236 2515 Apostolieis

710 2628 2077 2738 PRAENOTATJQ

324 2821 629 2986 CUM
651 2822 877 2891 Brevia
901 2824 1258 2911 Apostolica
1291 2822 1503 2911 quoad
1534 2822 1709 2907 plura
1744 2824 2120 2890 conveniant
2156 2841 2301 2884 cum
2328 2816 2471 2882 Bul-

515 2912 586 2974 lis
622 2957 638 2982 ‚
686 2910 884 2976 veluti
927 2910 1064 2976 sunt
1104 2914 1407 2976 idiomatis
1434 2952 1451 2977 ‚
1500 2915 1563 2973 &
1614 2906 1764 2995 styli
1805 2909 2063 2993 qualitas
2099 2950 2117 2976 ‚
2162 2906 2333 2971 tituli
2375 2927 2471 2969 eo-

318 3020 457 3062 rum
503 3040 520 3065 ‚
561 2998 788 3082 quibus
834 2995 1051 3066 Brevia
1100 2996 1509 3062 instribuntur
1542 3042 1559 3068 ,
1606 2997 1940 3084 praepofitio
1986 2994 2320 3063 Pontificiae
2370 2997 2470 3059 Sa-

318 3087 461 3149 lutis
501 3130 518 3156 ‚
562 3093 626 3150 &
687 3086 1134 3150 Bene'difflonis
1170 3130 1186 3155 ,
1230 3084 1495 3148 clausula
1538 3086 1613 3143 ad
1655 3089 1910 3165 futuram
1944 3130 1959 3155 ‚
2003 3085 2096 3142 vel
2144 3097 2471 3163 perpetuam

320 3172 646 3245 memoriam,
685 3174 892 3238 Locus
930 3175 1140 3240 Datae‚
1179 3174 1387 3238 Locus
1420 3173 1605 3238 Loci,
1635 3175 1868 3238 Annus
1915 3169 2316 3238 Pontificatfis
2362 3169 2474 3232 ἃς,

319 3262 490 3327 nulla
534 3261 598 3324 in
640 3259 912 3345 sequenti
942 3261 1164 3346 Capite
1209 3261 1287 3323 de
1333 3262 1403 3322 iis
1449 3260 1554 3323 fiet
1598 3263 1871 3332 menti0,
1907 3283 1990 3323 ne>
2028 3256 2269 3323 crambe
2315 3273 2473 3316 reco-

322 3364 549 3434 quatur
588 3389 604 3415 ‚
649 3346 794 3410 hinc
838 3352 901 3411 &
962 3345 1298 3412 benevolus
1345 3346 1566 3415 Leeior
1624 3347 1708 3412 ad
1770 3347 1933 3413 ditia
1987 3349 2051 3412 in
2111 3341 2470 3432 praecedenti

327 3435 551 3519 Capite
594 3434 748 3500 circa
797 3456 867 3498 ea
908 3437 1238 3499 remittitur
1264 3478 1281 3498 .

1558 3870 1700 3934 dz
2211 3866 2377 3938 SE·
