2658 4244
320 220 407 286 16

240 322 374 365 denda
395 321 610 376 recipere,
642 320 680 362 &
706 319 1061 375 retinerelibere,
1091 326 1130 365 &
1161 324 1274 367 licite

239 381 512 446 postium-nec
536 390 753 436 propterea
778 381 927 437 aliquas
953 383 1138 424 censuras
1156 410 1169 435 2
1191 382 1274 426 sive

238 453 382 494 poenas
412 449 615 482 incurrant
638 469 651 493 ,
683 455 758 483 nec
777 438 980 483 incurrisse
1006 441 1247 484 censeantur
1264 473 1274 484 .

241 503 338 542 Non
355 498 602 542 obstantibus
617 500 759 542 nostris
773 497 969 554 praedic‘tis
984 528 998 550 ,
1013 502 1050 541 δι.
1069 501 1275 553 quibusvis

242 558 329 600 aliis
347 557 476 599 literis
489 586 503 608 ,
519 556 742 615 privilegiis
754 587 768 609 ,
780 560 819 599 δε
835 555 1002 599 indultis
1019 559 1279 611 Apostolicis,

242 615 394 663 eisdem
410 616 614 660 Fratribus
631 619 833 661 Minorum
848 615 901 657 de
917 615 1185 660 Observantia
1209 616 1278 660 sub

243 673 555 740 quibuscumque
573 678 808 726 tenoribus,
834 676 874 716 &
898 674 1036 718 formis
1055 703 1069 727 ,
1093 690 1135 718 ac
1158 690 1279 720 cum...

242 731 442 798 quibusvis
470 733 685 786 clausulis,
709 738 747 778 &
778 732 957 777 decretis
976 762 988 784 ,
1013 735 1134 776 etiam
1167 747 1278 778 motu

242 805 406 848 proprio
430 792 618 835 conceffis
633 822 647 845 ‚
675 794 818 851 quibus
833 792 1019 835 omnibus
1038 791 1203 834 illorum
1221 803 1284 834 te-

242 864 389 901 nores,
404 852 443 892 &
457 850 596 904 datas,
612 866 656 896 ac
674 853 699 894 si
717 854 769 895 de
790 850 915 892 verbo
931 851 979 894 ad
998 851 1164 892 verbum
1180 851 1281 893 nihil

238 910 405 967 penitus
434 909 571 970 omisso
599 939 612 961 ,
654 910 794 954 inserti
825 908 961 951 forent
980 937 994 959 ‚
1020 906 1281 964 praesentibus

241 983 319 1025 pro
334 967 574 1012 sufficienter
585 969 783 1025 expressis
799 967 1016 1016 habentes,
1032 966 1164 1022 quoad
1183 981 1283 1021 prae-

241 1025 352 1070 missa
365 1026 626 1082 specialiter,
657 1029 696 1069 &
729 1023 915 1081 expresse
941 1024 1183 1077 derogamus
1203 1053 1216 1074 ‚
1247 1025 1287 1063 δε

245 1085 441 1129 adversus
457 1084 544 1126 illas
565 1083 803 1128 nullatenus
817 1082 1014 1136 suffragari
1038 1079 1145 1136 posse
1171 1082 1287 1123 volu—

245 1157 332 1186 mus
343 1172 358 1195 ,
383 1142 614 1196 caeterisque
628 1141 844 1184 contrariis
859 1140 1171 1195 quibuscumque
1186 1169 1197 1179 .

305 1204 587 1243 Decernentes
604 1200 856 1255 praesentium
881 1195 1141 1251 transumptis
1168 1211 1286 1240 manu

242 1261 408 1305 Notarii
426 1258 578 1313 publici
604 1257 831 1313 subscriptis
849 1283 864 1306 ,
891 1257 930 1297 δε
956 1254 1098 1309 Sigillo
1113 1255 1279 1312 alicujus

243 1317 433 1364 Personae
458 1317 497 1359 in
521 1317 733 1371 Dignitate
754 1313 1034 1358 Ecclefiastica
1060 1314 1281 1358 constitutae

244 1377 411 1423 munitis
425 1404 440 1427 ,
460 1375 638 1419 'eandem
660 1373 824 1431 prorsus
844 1373 964 1415 fidem
981 1372 1018 1413 in
1030 1373 1190 1427 Judicio
1206 1401 1220 1424 ,
1243 1376 1283 1415 &

246 1448 364 1479 extra
378 1433 647 1477 adhibendam
663 1433 750 1476 fore
770 1461 785 1485 ,
813 1445 896 1488 quae
912 1430 1060 1474 eisdem
1079 1430 1285 1486 praesenti‚

249 1496 322 1540 bus
339 1494 605 1537 adhiberetur
617 1522 631 1544 ,
647 1492 674 1534 fi
690 1491 823 1536 forent
837 1489 1025 1532 exhibitae
1038 1516 1052 1539 ,
1076 1491 1137 1532 vel
1153 1490 1285 1533 osten-

246 1553 293 1596 sae
308 1583 319 1594 .
347 1555 498 1594 Datum
516 1553 653 1594 Romae
680 1550 786 1604 apud
812 1552 1001 1594 Sanctum
1016 1551 1198 1589 Marcum
1216 1549 1283 1591 sub

246 1611 415 1661 Annulo
431 1608 642 1652 Piscatoris
659 1609 725 1650 die
744 1623 810 1657 29.
832 1606 1002 1662 Augusti
1024 1617 1145 1660 1535.
1172 1610 1285 1650 Pon-

247 1669 421 1718 tificatus
437 1667 571 1711 Nostri
585 1671 705 1712 Anno
721 1667 858 1709 Primo
874 1693 884 1709 ρ

765 1782 913 1827 Fabius
939 1782 1053 1836 Vigil-

308 1903 518 1959 Exemplar
534 1904 576 1944 in
583 1911 762 1957 pergam.
789 1903 832 1942 in
850 1899 969 1955 Arch.
988 1900 1173 1942 Generali
1190 1898 1286 1941 Ord-

369 1960 789 2005 Armar.Authentica
802 1962 843 2000 in
847 1957 954 2018 fast.
969 1959 1096 2012 collig.
1111 1970 1284 2012 num.14.

853 2100 1026 2113 ἡ-
1058 2113 1061 2115 .

272 2106 388 2122 ——-.
408 2119 410 2121 .

250 2200 534 2256 Elestionem
555 2200 604 2249 Ρ.
631 2195 899 2248 Bernardini
921 2194 1118 2246 Astenfis
1145 2197 1189 2244 in
1207 2195 1290 2245 Vi-

287 2273 465 2326 carium
502 2270 777 2322 Generalem
805 2265 1047 2319 confirmat
1070 2303 1087 2326 ‚
1130 2265 1179 2316 ὅ(
1209 2263 1289 2318 sub

287 2360 425 2410 poena
444 2339 928 2394 excommunicationis
947 2339 1157 2388 omnibus
1173 2334 1293 2384 inde-

288 2411 415 2463 finite
432 2410 642 2479 prohibet
659 2446 673 2467 ‚
700 2427 753 2458 ne
774 2408 982 2462 habitum
1001 2443 1018 2464 ,
1048 2410 1075 2456 ὲ
1100 2408 1294 2474 Capuci-

287 2485 356 2533 nis
374 2480 541 2531 deferri
556 2480 743 2531 solitum
759 2477 932 2547 gestent
945 2513 961 2535 ,
992 2477 1074 2526 nisi
1093 2475 1173 2526 sub
1192 2475 1295 2524 obe*

289 2553 460 2602 dientia
480 2588 496 2610 ,
525 2551 576 2603 ὅ(
604 2569 713 2606 cura
737 2547 938 2615 ejusdem
961 2551 1011 2604 P.
1029 2545 1295 2599 Bernardini

289 2620 552 2677 consistant.

254 2749 391 2797 Foris.
453 2750 619 2793 Dileffis
649 2751 766 2792 filiis
792 2748 1007 2794 Fratribus
1025 2749 1119 2791 Ord.
1138 2750 1290 2792 Minor.

343 2812 384 2856 S,
397 2809 600 2873 Franciscz·
625 2811 927 2870 capulatorum
949 2814 1180 2863 nuncupatis
1193 2837 1204 2853 ,

395 2954 733 3008 PAULUS
789 2957 997 3010 PAPA
1048 2959 1149 3009 ΙΙΙ.

316 3075 470 3119 1)ὶίσὲἵὶ
502 3074 604 3123 Filii
634 3074 808 3116 Salutem
833 3102 848 3125 ,
895 3075 949 3125 ὠν
978 3074 1234 3132 Apostolicam

609 3134 912 3177 Benediinonem
925 3163 937 3176 .

261 3247 468 3369 CUM
495 3251 631 3309 (ficut
658 3252 773 3294 nobis
797 3265 926 3307 nuper
949 3253 1095 3308 exponi
1112 3249 1295 3311 fecistis)

395 3310 513 3365 altas,
526 3309 732 3367 postquam
748 3309 984 3353 fel.record.
1002 3311 1197 3353 Clemens
1220 3316 1294 3354 Pa-

262 3381 314 3422 pa
330 3373 427 3413 VII.
454 3368 725 3414 Praedeceffor
747 3369 905 3422 noster,
923 3369 1088 3412 Dileffis
1114 3367 1205 3412 filiis
1223 3375 1302 3414 Lu-

267 3426 416 3492 dpvico
429 3457 443 3479 ,
455 3431 493 3471 δε
508 3429 713 3485 Raphaeli
731 3427 1200 3483 Foros‘empronienfibus
1226 3432 1300 3472 Or⁴

266 3483 372 3525 dinis
396 3488 579 3531 Fratrum
597 3490 799 3531 Minorum
813 3517 828 3540 ,
855 3499 900 3531 ut
920 3487 1139 3532 secundum
1154 3491 1297 3544 Regu·

265 3541 348 3588 lam
374 3545 695 3611 Beati-Francisci
724 3548 860 3591 Vitam
887 3547 1150 3591 Eremiticam
1170 3547 1296 3589 duce-

266 3615 315 3642 re
329 3629 343 3652 ,
357 3603 396 3643 ὃς
409 3603 585 3645 habitum
600 3620 688 3648 cum
705 3607 889 3661 Capucio
902 3606 1102 3664 quadrato
1118 3605 1272 3661 gestare
1283 3634 1297 3656 ,

265 3673 430 3701 necnon
462 3675 601 3703 omnes
632 3665 713 3705 tam
739 3667 927 3709 Clericos
956 3664 1176 3709 Saeculares
1201 3692 1215 3714 υ
1258 3666 1308 3708 &2

267 3719 540 3782 Presbyteros
566 3747 580 3769 ,
611 3721 726 3773 quam
746 3726 887 3767 Laicos
911 3724 961 3766 ad
985 3723 1300 3766 eorumconsor-

271 3783 372 3820 tium
387 3779 572 3835 recipere
588 3806 604 3833 2
621 3778 661 3822 ὃς
679 3778 840 3830 barbam
855 3781 1021 3831 deferre
1038 3811 1053 3838 2
1079 3785 1116 3830 &
1129 3782 1177 3831 ad
1195 3784 1298 3830 Ere·

966 207 1127 295 Sub
1194 206 1436 296 Paulo
1504 209 1635 296 III.

1339 326 1498 370 mitoria
1518 327 1581 370 seu
1602 326 1688 368 loca
1702 323 1780 367 alia
1801 319 2377 380 quaecutncjuequm'consen-

1338 384 1379 429 su
1399 388 1669 430 Dominorurn
1689 382 1926 426 eorumdem
1956 381 2137 423 locorum
2163 378 2204 422 se
2218 378 2383 423 confer..

1338 458 1382 486 re
1400 473 1414 495 ,
1438 447 1534 487 &in
1553 447 1609 488 eis
1627 444 1813 486 habitare
1829 469 1843 492 2
1864 442 2069 496 vitamque
2088 437 2277 481 austeram
2295 465 2309 487 ,
2339 440 2380 478 ὃς
2403 482 2406 485 ,

1338 505 1610 547 Eremiticam
1629 501 1754 545 inhibi
1769 515 1887 556 agere
1904 528 1918 551 ,
1947 501 1986 540 δι
2017 500 2055 540 in
2070 494 2380 552 quibuscumque

1341 562 1444 604 locis
1461 564 1696 606 mendicare
1712 590 1726 612 ,
1752 573 1908 604 necnon
1925 558 2110 601 omnibus
2126 583 2140 605 ,
2167 556 2207 595 ὃ(
2226 553 2380 607 singulis

1339 621 1568 677 privilegiis
1581 621 1787 672 ,Induitis
1802 649 1815 671 ,
1829 621 1868 661 &
1881 617 2021 673 gratiis
2034 614 2179 658 Ordini
2192 616 2383 655 Fratrum

1341 679 1549 722 Minorum
1569 679 1824 736 hujusmodi,
1852 692 1895 719 ac
1927 679 2077 718 Eremo
2093 670 2380 716 Camaldulen.

1340 739 1384 779 B.
1412 739 1667 790 Romualdi,
1691 737 1876 793 illiusque
1905 733 2102 777 Eremitis
2129 733 2166 774 in
2197 742 2382 786 genere,

1344 797 1410 838 vel
1437 799 1474 838 in
1496 797 1625 852 specie
1643 807 1811 839 eatenus
1827 794 2011 837 concessis
2026 820 2040 842 ,
2066 793 2103 833 &
2128 791 2165 832 in
2183 789 2384 845 posterum

1343 855 1618 899 concedendis
1632 884 1644 906 ,
1659 869 1766 910 aeque
1783 851 2060 908 principaliter
2075 850 2159 900 uti,
2175 846 2293 903 potiri
2315 875 2328 896 ,
2345 847 2384 884 &

1344 913 1526 965 gaudere
1544 913 1673 954 libere
1693 941 1706 961 ,
1726 911 1894 952 &licite
1910 911 2123 959 valerent3
2145 907 2326 960 plenam,
2345 905 2383 943 ὃς

1347 970 1516 1012 liberam
1550 984 1622 1031 per
1649 969 1736 1011 suas
1756 971 1837 1010 tam
1863 969 1899 1008 in
1918 966 2045 1009 forma
2064 965 2230 1012 Brevis,
2263 963 2383 1016 quam

1347 1025 1416 1068 sub
1450 1027 1623 1070 Plum'bo
1660 1027 1801 1068 literas
1833 1024 2070 1067 facultatem
2103 1018 2346 1064 concesserat
2372 1031 2382 1059 :

1349 1085 1512 1140 ipseque
1532 1084 1762 1128 Ludovicus
1782 1083 1988 1125 facultatis
2015 1083 2223 1124 literarum
2252 1076 2383 1131 hujus-

1346 1143 1453 1186 modi
1486 1144 1650 1199 vigore,
1684 1142 1895 1184 nonnullos
1924 1142 2113 1183 Clericos
2129 1135 2345 1181 Saeculares
2370 1162 2384 1183 ,

1346 1217 1390 1245 ac
1421 1201 1648 1257 Religiosos
1666 1229 1679 1252 ‚
1711 1202 1750 1244 &
1779 1200 1922 1242 Laicos
1950 1199 1998 1241 ad
2024 1198 2109 1253 ejus
2138 1194 2385 1236 consortium

1344 1260 1585 1316 receperat}
1613 1274 1659 1302 ac
1676 1274 1724 1301 cx
1745 1269 1839 1300 tunc
1855 1267 1951 1306 vos',
1965 1257 2031 1298 sub
2055 1255 2168 1309 ipfius
2187 1249 2385 1294 Ludovici

1342 1331 1527 1375 tanquam
1553 1316 1895 1373 Congregationis
1911 1314 2045 1357 vestrae
2065 1315 2102 1354 V
2118 1311 2233 1356 icarii
2251 1337 2264 1360 ,
2290 1320 2388 1351 cura

1345 1380 1383 1423 &
1401 1377 1700 1432 Superioritate
1727 1386 1888 1432 gratum
1915 1372 2116 1415 Altiffimo
2146 1368 2383 1418 famulatum

1345 1437 1540 1481 exhibere
1568 1433 1805 1479 studueratis
1830 1461 1841 1472 .
1874 1435 1979 1474 Cum
2007 1432 2136 1472 distus
2154 1427 2384 1471 Ludovicus

1347 1494 1480 1539 officio
1502 1494 1731 1536 Vicariatus
1746 1491 1969 1547 hujusmodi
1986 1490 2023 1530 in
2037 1486 2233 1543 Capitulo
2247 1487 2389 1526 Gene-

1346 1555 1420 1596 rali
1438 1552 1552 1609 ipsius
1571 1551 1713 1608 Vestre
1729 1547 2074 1605 Congregationis
2091 1547 2127 1588 in
2139 1547 2259 1587 Alma
2277 1544 2387 1585 Urbe

1345 1613 1398 1655 de
1413 1613 1555 1654 Mense
1577 1610 1822 1655 Novembris
1846 1609 1951 1648 Anni
1980 1606 2163 1661 proxime
2192 1600 2384 1659 praeteriti

1349 1670 1559 1712 celebrato
1577 1667 1740 1710 ceffisset
1760 1681 1771 1708 :
1790 1669 1874 1708 Vos
1889 1666 1938 1708 ad
1955 1664 2193 1707 electionem
2208 1661 2299 1703 novi
2314 1660 2388 1701 Vi-

1349 1727 1446 1770 carii
1479 1726 1597 1768 vestri
1625 1724 1891 1781 procedentes
1925 1751 1939 1773 ³
1981 1722 2178 1764 Dilectum
2211 1718 2387 1761 filium„

1350 1785 1641 1829 Bernardinum
1671 1783 1905 1834 Astensem,
1936 1781 2049 1838 ipsius
2074 1779 2238 1822 Ordinis
2270 1775 2387 1818 vestri

1347 1842 1615 1892 Professore'm
1633 1873 1647 1896 ,
1677 1844 1715 1885 in
1742 1842 1948 1885 Vicarium
1964 1839 2142 1896 ejusdem
2157 1841 2393 1890 Congrega-

1347 1903 1469 1947 tionis
1486 1902 1617 1944 vestra:
1638 1901 1863 1955 elegeritis,
1881 1899 2010 1943 Nobis
2025 1895 2234 1940 humiliter
2247 1892 2391 1948 suppli-

1349 1963 1432 2005 cari
1461 1959 1632 2010 fecistis,
1659 1971 1702 2002 ut
1719 1959 1906 2003 electioni
1924 1955 2147 2012 hujusmodi
2175 1967 2247 2009 pro
2277 1952 2387 1992 illius

1349 2020 1589 2064 subsistentia
1604 2018 1799 2069 firmiori,
1829 2019 1951 2060 robur
1964 2014 2197 2071 Apostolicae
2215 2010 2387 2052 firmita-

1348 2082 1400 2123 tis
1427 2079 1605 2134 adjicere
1627 2107 1642 2130 ,
1669 2092 1713 2121 ac
1742 2077 1839 2119 alias
1865 2077 1901 2117 in
1934 2073 2128 2131 praemissis
2156 2066 2389 2126 opportune

1349 2137 1565 2196 providere
1581 2166 1595 2189 ,
1619 2135 1672 2178 de
1689 2135 1938 2191 benignitate
1953 2131 2182 2188 Apostolica
2198 2130 2390 2182 dignare-

1351 2211 1464 2239 mur.
1501 2199 1586 2239 Nos
1603 2196 1726 2250 igitur
1755 2193 1984 2249 prosperum
2005 2218 2018 2240 2
2044 2185 2389 2244 &tranquillum

1353 2255 1492 2299 statum
1509 2283 1522 2306 ,
1546 2257 1584 2296 &
1598 2252 1759 2296 felicem
1775 2249 1985 2294 successum
2006 2251 2136 2291 vestrae
2153 2251 2391 2300 congrega-

1353 2314 1472 2358 tionis
1491 2311 1728 2369 hujusmodi,
1748 2322 1920 2367 paterno
1933 2309 2127 2353 Zelantes
2143 2305 2302 2354 affectu,
2315 2305 2388 2344 hu-

1354 2372 1520 2431 jusmodi
1537 2370 1887 2427 supplicationibus
1907 2367 2116 2418 inclinati,
2144 2364 2389 2408 electionem

1353 2439 1404 2475 de
1433 2431 1598 2486 persona
1628 2429 1719 2471 dini
1751 2427 1984 2470 Bernardini
2023 2426 2103 2482 (ut
2132 2420 2339 2478 praefertur
2369 2418 2392 2475 )

1354 2490 1495 2532 factam
1521 2519 1535 2541 ,
1570 2487 1822 2531 Auftoritate
1841 2484 2069 2539 Apostolica
2085 2511 2099 2533 ,
2123 2494 2265 2524 tenore
2295 2491 2393 2532 pra:-

1354 2548 1525 2591 sentium
1553 2547 1815 2602 approbamus
1836 2573 1849 2594 ,
1878 2545 1917 2583 ἃ.
1944 2540 2246 2585 confirmamus.
2281 2540 2393 2578 Nec-

1353 2623 1434 2650 non
1453 2607 1593 2649 literas
1608 2605 1836 2647 Clementis
1851 2597 2149 2644 Pra’decessoris
2167 2593 2392 2652 hujusmodi

1351 2663 1519 2723 praefato
1534 2663 1784 2707 Ber-nardino
1805 2689 1819 2711 ,
1847 2659 1979 2716 quoad
2003 2657 2241 2700 exercitium
2270 2653 2393 2694 Vica-

1352 2721 1717 2778 riatsrthuiusmodi
1734 2749 1749 2771 ,
1765 2718 1950 2775 perinde,
1965 2731 2010 2758 ac
2026 2715 2050 2757 fi
2065 2716 2103 2757 ei
2123 2715 2279 2756 direetae
2299 2708 2394 2752 fuis-

1353 2782 1466 2834 sent,
1492 2780 1691 2835 suffragari
1719 2779 1903 2828 debere,
1931 2775 2184 2819 decernimus
2214 2784 2228 2823 ;
2263 2769 2396 2813 distri·

1353 2843 1450 2884 &tius
1470 2840 1697 2883 inhibentes
1712 2835 2022 2893 quibuscumque
2038 2829 2224 2875 Personis
2240 2858 2253 2880 ,
2269 2826 2394 2883 cujus.

1350 2913 1521 2954 cumque
1539 2897 1779 2940 conditionis
1795 2890 2056 2943 existant,sub
2071 2889 2394 2934 excommunica-

1350 2959 1471 3006 tionis
1485 2958 1574 3000 latae
1587 2957 1791 3001 sententia
1805 2966 1926 3010 poena
1937 2980 1951 3002 ,
1965 2964 2015 2994 eo
2029 2950 2110 3004 ipso
2127 2945 2366 2992 incurrenda
2380 2974 2395 2996 ,

1354 3034 1405 3064 ne
1432 3018 1610 3061 habitum
1639 3030 1711 3071 per
1739 3015 1826 3056 Vos
1855 3010 2007 3052 deferri
2025 3009 2182 3050 solitum
2200 3035 2214 3058 ,
2242 3005 2306 3047 nisi
2324 3000 2394 3044 sub

1355 3076 1535 3136 ejusdem
1547 3073 1783 3118 Bernardini
1810 3069 1961 3112 Vicarii
1985 3065 2222 3110 obedientia
2241 3071 2278 3106 δε
2293 3077 2392 3104 cura

1355 3143 1616 3194 permaneant
1633 3162 1647 3186 ,
1660 3132 1814 3189 gestare
1827 3142 1990 3184 quoquo
2004 3127 2124 3168 modo
2141 3125 2399 3182 praesumant:

1355 3211 1400 3240 ac
1415 3195 1686 3238 decernentes
1703 3191 1858 3233 irritum
1871 3216 1885 3239 ,
1913 3187 2086 3228 &inane
2102 3214 2117 3237 ,
2133 3181 2323 3240 quicquid
2342 3178 2399 3221 se.

1355 3259 1426 3298 cus
1453 3251 1672 3306 contigerit
1698 3247 1922 3292 attentari.
1955 3249 2128 3288 Necnon
2159 3240 2398 3285 mandantes

1358 3313 1491 3357 Curia:
1505 3308 1725 3354 Causarum
1743 3311 1922 3350 Camerae
1950 3303 2187 3357 Apostolicae
2216 3304 2403 3342 Genera-

1361 3374 1391 3416 li
1407 3370 1596 3415 Auditori
1614 3398 1628 3420 ,
1643 3382 1716 3424 pro
1733 3376 1917 3420 tempore
1935 3363 2119 3407 existenti
2142 3391 2154 3412 ,
2173 3371 2216 3402 ut
2237 3358 2350 3401 vobis
2365 3357 2403 3396 in

1362 3429 1559 3488 praemiffis
1585 3426 1761 3470 efficacis
1786 3422 2024 3467 defenfionis
2041 3420 2218 3477 praefidio
2235 3416 2404 3461 assisten-

1358 3491 1413 3533 do
1427 3487 1547 3531 faciat
1561 3515 1576 3538 ,
1589 3485 1825 3529 auctoritate
1839 3482 2001 3532 Nostra,
2018 3482 2230 3536 praesentes
2246 3478 2402 3526 literas,

1357 3551 1395 3589 &
1420 3548 1458 3589 in
1490 3549 1550 3590 eis
1575 3554 1766 3588 contenta
1789 3540 1959 3583 firmiter
1973 3537 2208 3590 observari3
2231 3540 2404 3579 Contra.

1358 3607 1531 3649 &stores
1559 3604 1764 3661 quoslibet
1783 3630 1796 3653 ,
1819 3602 1857 3642 &
1887 3599 2065 3642 rebelles
2093 3593 2164 3654 per
2187 3594 2402 3642 censura,

1358 3668 1551 3719 &poenas
1571 3660 1868 3708 Ecclesiasticas
1885 3687 1898 3709 ,
1927 3660 1965 3700 ὃς
1994 3657 2072 3700 alia
2092 3666 2317 3711 opportuna
2345 3650 2405 3708 ju-

1360 3725 1415 3766 ris
1444 3721 1625 3764 remedia
1655 3719 1932 3776 appellatione
1961 3714 2175 3772 postposita
2201 3742 2214 3764 ,
2243 3722 2405 3773 compc-

1358 3781 1508 3830 scendo
1525 3808 1539 3833 2
1562 3794 1607 3827 ac
1635 3777 1835 3824 Censuras
1853 3806 1866 3829 ,
1892 3791 1938 3820 ac
1953 3789 2095 3833 poenas
2120 3771 2218 3830 ipsas
2248 3772 2404 3834 iteratis

2253 3841 2349 3872 vici-
