2658 4244
911 222 1068 313 Sub
1119 221 1525 327 „Benediblo
1587 219 1799 306 XIII.

294 345 654 398 Constitutiones
697 347 742 396 S.
778 359 913 392 mem.
951 340 1129 396 Urbani
1165 343 1315 389 VIII.

325 416 406 468 fol.
416 437 499 478 97·
528 416 575 467 δε
590 414 844 466 Alexandri
860 413 979 463 VII.
997 408 1076 459 fol.
1088 429 1106 458 1
1119 419 1184 458 06
1189 408 1319 477 ,posi-

325 503 415 545 tas,
435 491 551 536 circa
564 485 866 542 Bibliothecas
883 480 1142 538 confirmat,
1158 478 1206 531 ἃ
1223 482 1319 530 Mi-

321 557 457 606 nistro
473 556 764 612 Provinciali,
779 573 837 605 ac
854 550 1189 604 Diffinitoribus
1208 568 1316 599 con-

313 629 508 690 junctim
537 661 553 683 ,
589 623 750 672 Libros
787 624 1044 692 duplicatos
1070 658 1087 680 ,
1134 619 1210 670 seu
1247 618 1316 670 su-

316 695 514 764 perfluos
533 693 860 750 commutandi,
881 712 933 742 ac
948 694 1046 743 aliis
1063 693 1322 742 Provinciae'

315 766 612 815 Bibliotheeis
643 764 894 829 applicandi
926 761 1194 813 facultatem
1222 764 1309 812 lar·-

311 836 436 904 gitur
451 870 463 882 .

373 974 806 1028 BENEDICTUS
846 979 1018 1028 PAPA
1056 978 1211 1025 XIII.
1281 984 1290 991 “

468 1105 536 1146 Ad
551 1101 746 1160 suturam
774 1108 833 1146 rei
862 1109 1083 1149 memoriam
1099 1134 1113 1148 .

402 1278 617 1322 modernus
636 1287 881 1328 Procurator
906 1283 1123 1326 Generalis
1147 1280 1309 1323 Ordinis

278 1340 459 1380 Fratrum
478 1339 681 1384 Minorum
704 1343 832 1385 saneti
861 1340 1056 1384 Francisci
1078 1341 1311 1395 Capucino-

279 1410 370 1437 rum
386 1407 714 1452 nuncupatorum
726 1428 739 1451 ,
756 1399 862 1454 quod
878 1399 1031 1442 dudum
1045 1397 1116 1440 fel.
1131 1413 1213 1440 rec.
1228 1400 1309 1440 Ur-

275 1454 397 1497 banus
410 1454 515 1508 Papa
533 1456 651 1500 V111.
670 1456 938 1500 Praedeceslor
956 1459 1089 1498 noster
1104 1484 1119 1504 ‚
1152 1455 1202 1496 ad
1217 1454 1308 1507 sup-

270 1511 538 1565 plicationem
560 1523 657 1557 tunc
687 1513 893 1557 existentis
919 1512 1200 1555 procuratoris
1228 1514 1311 1553 Ge-

269 1569 423 1626 neralis
437 1568 532 1610 dieti
552 1571 713 1614 Ordinis
732 1602 746 1623 a
773 1586 821 1613 ne
840 1572 930 1616 libri
956 1600 970 1622 ,
990 1574 1206 1629 quinterna
1220 1598 1233 1620 2
1251 1567 1311 1610 so—

268 1626 320 1669 lia
336 1655 350 1677 ‚
371 1626 446 1669 five
461 1627 638 1682 impressa
651 1659 665 1680 ,
680 1633 759 1673 slve
773 1629 1046 1683 manuscripta
1061 1656 1074 1678 ‚
1093 1627 1142 1668 ad
1157 1626 1311 1668 Biblio-

269 1685 411 1730 thecas
422 1687 711 1728 Conventuum
726 1685 905 1742 ejusdem
915 1687 1079 1728 Ordinis
1097 1683 1309 1739 speetantia

273 1742 370 1784 inde
394 1740 462 1782 sub
475 1743 615 1796 quovis
636 1745 795 1798 quaesito
811 1744 951 1786 colore
966 1772 980 1794 ,
996 1752 1189 1798 praetextu
1205 1771 1220 1792 ,
1242 1741 1305 1783 vel

271 1801 478 1841 occasione
506 1803 847 1853 extraherentur,
881 1803 945 1843 vel
980 1801 1281 1857 asportarentur
1294 1827 1307 1850 ,

272 1857 339 1899 sub
362 1860 789 1902 excommunicationis
804 1889 818 1910 ,
850 1873 894 1900 ac
927 1860 1165 1914 privationis
1198 1857 1305 1899 vocis

271 1916 468 1965 astina&
481 1916 631 1968 paffivae
646 1921 791 1971 poeniS‚
807 1933 880 1967 per
893 1918 1231 1960 contrafacientes
1248 1917 1305 1956 in-

271 1972 479 2016 currendis
494 2002 509 2022 ,
525 1971 591 2013 sub
604 1976 729 2017 certis
745 1975 868 2016 modo
887 2003 900 2025 ,
919 1978 959 2016 ὃ(
976 1974 1102 2017 forma
1120 1985 1218 2017 tunc
1234 1988 1305 2018 ex-

269 2030 421 2086 pressis,
442 2032 667 2083 interdixit,
680 2037 720 2077 &
733 2035 959 2084 prohibuit:
972 2036 1149 2089 permisit
1167 2045 1303 2075 tamen

268 2090 456 2132 Ministris
484 2091 798 2136 provincialibus
812 2123 827 2143 ‚
862 2094 900 2134 ὃς
921 2093 1210 2134 Definitoribus
1226 2094 1304 2132 Or-

271 2147 379 2190 dinis
397 2147 617 2205 hujusmodi
639 2153 880 2207 conjunftim
898 2151 1242 2205 procedentibus,
1258 2159 1303 2192 ut

269 2220 344 2262 per
367 2220 509 2248 eorum
531 2208 714 2252 Sindicos
738 2239 751 2261 ‚
782 2210 1001 2253 earundem
1028 2211 1303 2252 Bibliotheca-

268 2279 354 2306 rum
371 2264 494 2306 libros
509 2294 522 2316 ,
539 2266 645 2309 dicto
659 2270 804 2311 Ordini
815 2268 974 2310 inutiles·
989 2297 1003 2319 ,
1017 2283 1106 2311 cum
1121 2268 1209 2310 aliis
1223 2268 1303 2309 uti·-

266 2322 443 2373 libus,de
474 2323 636 2369 licentia
659 2339 792 2370 tamen
809 2326 998 2377 illorum,
1027 2328 1095 2382 qui
1106 2325 1300 2369 eosdem„

265 2381 391 2422 libros
406 2409 420 2431 ‚
450 2379 492 2422 ut
513 2382 721 2436 praefertur
735 2415 749 2436 ,
780 2382 988 2428 donassent
1001 2414 1016 2435 ,
1038 2395 1107 2427 aut
1124 2397 1303 2426 eorum..-

267 2440 473 2482 haeredum
492 2468 506 2491 ,
535 2443 560 2481 fi
573 2442 793 2486 extitissent
807 2472 821 2494 ‚
854 2454 1088 2498 permutare
1103 2440 1255 2498 possent
1286 2466 1300 2488 ,

267 2499 308 2537 ἃ.
329 2496 453 2547 alias,
483 2510 603 2551 prout
623 2502 659 2540 in
675 2502 791 2555 ipfius
820 2502 974 2544 Urbani
1002 2495 1302 2542 Praedecessoris

267 2554 396 2595 literis
409 2554 581 2609 desuper
595 2559 635 2597 in
651 2559 762 2599 simili
778 2558 903 2600 forma
919 2558 1056 2599 Brevis
1073 2557 1141 2599 die
1155 2571 1219 2597 xx,
1230 2558 1301 2612 Ju-

266 2613 310 2655 lii
329 2626 552 2655 Mncxxxv1
567 2627 580 2654 ι
599 2616 1022 2671 1.expeditis,uberius
1038 2615 1187 2658 dicitur
1201 2630 1300 2658 con-

269 2670 389 2713 tineri
416 2685 427 2711 ι
455 2673 508 2713 Et
532 2671 696 2717 subinde
722 2690 808 2717 rec.
836 2674 1206 2717 mem.Alexander
1226 2677 1298 2716 Pa-

265 2743 314 2785 pa
331 2730 427 2770 V11.
442 2731 566 2771 etiam
577 2732 845 2775 Praedeceffor
861 2733 1007 2783 noster,
1021 2747 1092 2788 per
1105 2734 1199 2778 alias
1214 2731 1296 2774 suas

263 2789 421 2843 pariter
447 2788 485 2830 in
518 2788 630 2832 simili
654 2789 782 2838 forma
815 2792 951 2834 Brevis
981 2791 1048 2833 die
1083 2805 1124 2833 11
1140 2806 1172 2833 r.
1201 2792 1298 2849 Julii

265 2859 455 2887 Μοοινι.
473 2848 681 2904 expeditas
699 2852 854 2894 Literas
871 2850 1033 2894 similem
1057 2850 1299 2905 prohibitio-

262 2917 359 2945 nem
377 2901 473 2945 fecit
491 2935 504 2957 ,
533 2917 800 2963 praeterquam
817 2910 1018 2951 Fratribus
1035 2909 1205 2963 praediui
1220 2912 1298 2951 Or-

263 2960 365 3003 dinis
387 2991 402 3011 ,
430 2964 498 3017 qui
518 2965 683 3017 quidem
705 2966 831 3008 libros
845 2965 867 3007 ὲ
884 2967 1147 3011 Bibliothecis
1165 2967 1297 3023 hujus-

266 3019 376 3060 modi
391 3020 612 3076 r'especftive
632 3023 685 3066 de
701 3023 926 3079 Superioris
941 3054 954 3076 ,
986 3025 1054 3068 seu
1069 3025 1298 3068 Bibliothe-

262 3078 453 3134 carii‚pro
466 3089 652 3135 tempore
667 3083 870 3127 existentis
887 3083 1049 3127 licentia
1064 3086 1297 3135 extrahere,

265 3137 304 3176 ὃς
325 3138 380 3179 eis
408 3151 482 3192 pro
498 3142 700 3182 communi
716 3145 1006 3185 Conventuum
1020 3173 1036 3194 ,
1066 3144 1103 3183 8(
1123 3144 1299 3197 particu-

260 3193 336 3236 lari
353 3197 536 3237 Fratrum
551 3198 716 3241 Ordinis
736 3202 909 3255 praediffi
928 3198 993 3242 usu
1017 3202 1054 3243 in
1071 3203 1147 3243 suis
1166 3202 1293 3244 cellu-

259 3251 306 3293 lis
321 3281 335 3304 a
349 3254 553 3296 Fratribus
569 3271 731 3313 quoque
747 3259 924 3314 ejusdem
938 3260 1106 3302 Ordinis
1124 3263 1292 3303 verbum

259 3312 338 3354 Dei
363 3312 672 3368 praedicantibus
689 3346 702 3369 ‚
728 3320 931 3372 quietiam
945 3328 1060 3360 extra
1075 3319 1163 3360 suos
1184 3323 1295 3362 Con-

260 3381 402 3412 ventus
429 3372 486 3413 uti
516 3374 671 3427 possent
687 3405 701 3426 ‚
733 3375 799 3420 sed
831 3377 946 3419 finito
973 3377 1038 3419 usu
1069 3377 1296 3428 hujusmodi

260 3426 393 3470 subito
410 3429 457 3471 ad
473 3429 594 3475 dictas
611 3435 882 3479 Bibliothecas
897 3436 964 3478 sub
981 3436 1109 3491 poenis
1122 3435 1297 3492 supradi-

260 3483 331 3553 Etis
347 3499 556 3542 reportare
573 3493 767 3537 deberent
781 3524 794 3546 ,
825 3498 862 3537 δε
887 3496 1122 3550 aliaS,pr0ut
1142 3496 1179 3551 in
1199 3509 1296 3548 prae-

261 3544 375 3612 detis
391 3547 612 3592 Alexandri
630 3553 929 3597 Praedecefforis
948 3553 1075 3597 literis
1090 3553 1207 3596 fusius
1237 3552 1296 3595 as-

259 3601 405 3647 seritur
432 3609 656 3652 contineri.
691 3615 799 3655 Cum
823 3625 959 3655 autem
973 3642 987 3663 ‚
1021 3612 1120 3655 sicut
1151 3613 1295 3655 eadem

260 3663 454 3728 expositio
470 3665 728 3724 subjungebat
743 3701 755 3723 ,
782 3675 890 3715 inter
909 3673 1058 3722 libros,
1093 3673 1211 3728 quiin
1230 3672 1296 3714 di-

257 3723 324 3788 t‘tis
341 3724 601 3767 Bibliothecis
619 3729 813 3772 collocati
830 3731 916 3772 sunt
931 3761 944 3783 ,
959 3730 1113 3786 aliquot
1130 3730 1203 3772 fint
1219 3730 1295 3772 du-

257 3780 423 3834 plicati,
447 3783 524 3827 five
547 3782 737 3842 superflui
754 3816 767 3839 2
789 3790 857 3846 qui
884 3789 924 3832 in
951 3790 1038 3832 aliis
1067 3789 1292 3832 Bibliothe-

278 1223 374 1336 E
392 1219 678 1276 XponiNobis
711 1237 838 1278 nuper
865 1223 964 1267 fecit
994 1224 1165 1267 dilec'tus
1187 1220 1309 1265 Filius

2199 236 2351 324 167

1376 339 1431 380 cis
1457 333 1637 390 ejusdem
1653 337 1817 377 Ordinis
1837 336 2010 379 existunt
2028 338 2236 382 neceffarii
2251 371 2263 392 ,
2290 344 2329 381 &
2357 341 2417 383 vi-

1376 410 1425 438 ce
1443 391 1563 436 versa
1582 393 1878 450 eveniat,qu0d
1893 396 1931 435 in
1949 397 2047 447 illis,
2063 401 2099 440 in
2115 402 2256 453 quibus
2271 399 2418 443 desunt

1377 453 1503 504 libri,
1533 451 1648 508 quiin
1662 452 1752 494 aliis
1766 452 1953 508 superflui
1969 454 2054 496 sunt
2068 484 2081 505 ,
2101 457 2165 497 alii
2182 459 2277 501 libri
2296 472 2418 514 repe-

1376 514 1529 555 riantur
1543 510 1761 567 superflui,
1784 511 1931 568 quibus
1947 510 2141 568 ejusmodi
2157 518 2418 559 Bibliothecae

1376 569 1607 624 indigerent
1622 598 1636 621 ,
1665 571 1794 613 dietus
1814 572 1912 612 verb
1926 570 2150 614 modernus
2174 577 2419 617 Procurator

1375 628 1591 671 Generalis
1614 630 1783 672 utilitati
1807 629 2044 672 earumdem
2071 630 2419 677 Bibliothecarum

1374 684 1583 731 consulere
1613 691 1779 745 cupiens
1801 716 1815 739 ‚
1845 688 2038 730 Ministris
2063 691 2386 734 provincialibus
2402 722 2419 742 ,

1370 748 1408 789 &
1455 745 1751 790 Definitoribus
1783 746 1947 790 Ordinis
1980 747 2134 802 praefati
2175 750 2421 806 conjunciim

1368 806 1836 862 procedentibus21ibros
1848 804 2123 861 duplicatoS,fi
2133 822 2180 850 ve
2199 807 2419 862 superfluos
2491 836 2493 839 v

1366 863 1651 921 asportandi2&
1672 864 1900 921 applicandi
1925 863 2015 906 aliis
2040 866 2312 908 Bibliothecis
2327 869 2421 908 sua-

1366 938 1457 968 rum
1484 924 1705 978 respective
1735 923 2044 969 Provinciarum
2060 954 2075 975 ‚
2108 938 2192 980 quae
2227 922 2420 965 similibus

1364 983 1476 1026 libris
1506 983 1715 1039 indigeant
1730 1012 1744 1035 ‚
1776 980 2051 1026 facultatema
2070 983 2199 1026 Nobis
2211 981 2384 1024 concedi
2399 993 2416 1032 3

1368 1041 1498 1085 Nobis
1513 1053 1733 1098 propterea
1750 1043 1960 1085 humiliter
1978 1040 2191 1095 supplicari
2207 1038 2306 1083 fecit
2322 1070 2337 1090 ,
2371 1050 2418 1081 ut

1368 1101 1408 1143 in
1427 1100 1622 1156 praemiffis
1637 1101 1863 1156 opportune
1986 1100 2104 1140 idere
2118 1130 2134 1150 ,
2149 1102 2188 1141 ὃς
2200 1129 2215 1150 ,
2248 1098 2291 1141 ut
2311 1099 2416 1140 infra

1368 1159 1586 1215 indulgere
1602 1189 1615 1211 ,
1638 1158 1691 1201 de
1707 1160 1959 1216 benignitate
1974 1158 2205 1213 Apostolica
2226 1157 2420 1214 dignare-

1369 1234 1460 1262 mur
1475 1249 1486 1260 .
1509 1222 1595 1261 Nos
1615 1218 1742 1274 igitur
1763 1220 1888 1276 ipsum
1904 1218 2148 1260 modernum
2164 1220 2420 1260 Procurato-

1369 1293 1457 1320 rem
1476 1278 1726 1320 Generalem
1740 1276 1982 1335 specialibus
2001 1275 2200 1320 favoribus
2215 1305 2230 1327 ‚
2258 1277 2298 1316 &
2328 1289 2417 1330 gra-

1371 1338 1437 1380 tiis
1454 1335 1636 1393 prosequi
1654 1337 1841 1380 volentes
1859 1366 1872 1388 ,
1902 1338 1942 1378 &
1964 1336 1985 1378 εἰ
2013 1335 2419 1390 quibusvisssxcom-

1367 1396 1652 1438 municationis
1666 1426 1681 1445 ,
1715 1394 1970 1451 suspensionis
1987 1422 2001 1445 ‚
2026 1395 2066 1435 δε
2085 1393 2322 1443 interdicti,
2338 1391 2416 1433 ali-

1371 1452 1480 1506 isque
1497 1452 1786 1493 Ecclesiasticis
1801 1452 2267 1503 sententiis‚censuris,&
2283 1451 2417 1505 poenis

1372 1509 1502 1565 aJure
1521 1537 1533 1559 ‚
1568 1508 1633 1550 vel
1654 1508 1704 1549 ab
1722 1510 1886 1551 homine
1915 1510 2052 1565 quavis
2072 1509 2280 1552 occasione
2296 1539 2311 1558 ‚
2348 1507 2416 1549 vel

1372 1565 1488 1610 causa
1503 1566 1595 1608 latis
1610 1596 1625 1616 ,
1657 1568 1684 1606 fi
1700 1568 1844 1622 quibus
1862 1566 2175 1622 quomodolibet
2192 1569 2412 1610 innodatus

1371 1624 1501 1666 existit
1516 1651 1530 1672 2
1563 1624 1610 1665 ad
1628 1623 1812 1665 effectum
1830 1624 2083 1678 praesentium
2098 1625 2252 1668 tantum
2267 1623 2414 1666 conse-

1371 1695 1491 1738 quen.
1519 1682 1661 1722 harum
1677 1679 1777 1723 serie
1797 1682 2055 1724 absolventes
2073 1711 2086 1733 ‚
2117 1685 2153 1723 δε
2181 1682 2412 1726 absolutum

1367 1739 1456 1782 fore
1472 1737 1680 1781 censentes
1695 1769 1707 1791 ‚
1732 1738 1954 1797 hujusmodi
1970 1739 2329 1796 supplicationibus
2352 1740 2414 1783 in-

1368 1798 1506 1840 clinati
1524 1825 1537 1847 ,
1569 1811 1674 1840 nunc
1692 1826 1706 1848 2
1731 1799 1771 1839 δε
1814 1812 1889 1854 pro
1921 1809 2110 1854 tempore
2147 1799 2414 1842 existentibus

1369 1855 1559 1900 Ministris
1590 1857 1943 1909 Provincialibu5‚
1978 1860 2018 1899 δι
2043 1856 2285 1900 Definitorio
2311 1872 2416 1900 con-

1366 1915 1529 1974 junctim
1546 1916 1696 1966 pariter
1711 1916 2032 1969 procedentibus
2050 1946 2066 1965 ,
2095 1915 2219 1959 libros
2234 1916 2416 1972 duplica-

1366 1986 1429 2016 tos
1448 2001 1461 2023 ,
1493 1971 1561 2013 seu
1589 1972 1812 2028 superfluos
1852 1974 2063 2028 praediffi‘tos
2097 1973 2118 2015 ἃ
2147 1974 2412 2017 Bibliothecis

1365 2033 1522 2074 suarum
1564 2031 1787 2087 respeffl‘ve
1816 2033 2123 2075 Provinciarum
2138 2062 2152 2084 ,
2184 2034 2224 2075 in
2265 2034 2412 2089 quibus

1365 2089 1558 2133 collocati
1575 2091 1831 2144 reperiuntur
1845 2118 1859 2141 ‚
1890 2092 2134 2143 extrahere,
2146 2093 2186 2133 &
2200 2093 2409 2147 asportare

1365 2149 1494 2191 liber‘e
1510 2176 1522 2198 ,
1546 2149 1586 2188 ὃς
1616 2147 1730 2189 licite*
1746 2179 1760 2199 ‚
1782 2148 1928 2203 absque
1955 2149 2076 2191 ullius
2099 2148 2302 2201 censurae,
2335 2148 2407 2192 vel

1363 2206 1552 2262 poenae2in
1569 2205 1802 2260 supradietis
1821 2209 1989 2258 Urbani,
2004 2209 2044 2247 ὃς
2057 2207 2280 2250 Alexandri
2299 2212 2407 2250 Prae-

1362 2263 1615 2307 decessorum
1632 2264 1763 2306 literis
1778 2267 1924 2320 quovis
1941 2265 2064 2308 modo
2091 2266 2274 2320 appositae
2290 2295 2302 2316 ,
2337 2264 2406 2307 seu

1363 2323 1616 2365 comminatae
1632 2321 1787 2365 incursu
1804 2322 1944 2378 possint
1962 2354 1979 2374 ,
2006 2324 2043 2364 &
2062 2324 2224 2367 valeant
2241 2352 2254 2374 ‚
2271 2325 2325 2365 ita
2344 2335 2405 2365 ta-

1361 2395 1454 2424 men
1469 2410 1484 2432 ,
1499 2392 1545 2423 ut
1560 2381 1677 2431 libri,
1694 2380 1744 2422 fic
1761 2379 2003 2423 extrahendi
2018 2381 2105 2422 illic
2122 2382 2160 2422 in
2177 2382 2406 2424 Bibliothe-

1362 2439 1418 2480 cis
1435 2437 1672 2481 earumdem
1686 2440 2013 2489 provinciarum,
2032 2438 2075 2480 ill
2085 2437 2112 2478 is
2131 2439 2403 2496 indigentium

1362 2495 1558 2538 collocari
1576 2524 1602 2546 ‚.
1617 2510 1691 2538 nec
1710 2497 1803 2539 inde
1819 2497 1887 2539 sub
1908 2497 2038 2551 poenis
2051 2496 2246 2550 praedietis
2262 2509 2401 2540 extra-

1361 2555 1430 2606 hi,
1456 2555 1521 2596 vel
1551 2553 1746 2609 asportari
1769 2553 1946 2597 debeant
1962 2583 1976 2606 ‚
2010 2554 2215 2597 licentiam
2233 2584 2247 2607 2
2277 2558 2317 2598 ὃς
2341 2556 2402 2599 fa-

1362 2612 1556 2655 cultatem
1572 2642 1585 2665 ,
1601 2615 1858 2656 Aunoritate
1871 2616 1903 2655 A
1910 2612 2100 2666 postolica
2115 2640 2129 2664 ,
2144 2622 2289 2656 tenore
2302 2628 2401 2670 prae*

1359 2672 1530 2715 sentium
1545 2673 1807 2715 concedimus
1822 2700 1835 2723 ‚
1854 2669 2162 2726 &impartimur
2179 2699 2192 2713 .
2219 2674 2312 2714 Non
2329 2674 2399 2715 ob.

1359 2732 1549 2774 stantibus
1566 2731 1757 2785 praediuis
1778 2731 1928 2774 Urbani
1945 2759 1959 2781 ‚
1974 2732 2012 2771 &
2027 2728 2248 2772 Alexandri
2267 2731 2401 2773 literis

1359 2805 1421 2843 ae,
1437 2801 1633 2846 quatenus
1645 2804 1743 2846 opus
1759 2789 1892 2845 sit2piae
1902 2803 2025 2837 mem.
2037 2786 2151 2830 Pauli
2168 2790 2224 2831 11.
2240 2791 2281 2832 δι
2297 2789 2400 2832 alio-

1359 2863 1446 2893 rum
1460 2852 1737 2892 Romanorum
1754 2846 1994 2892 Pontificum
2012 2875 2027 2899 ‚
2058 2845 2397 2891 Praedecefforum

1359 2909 1513 2964 pariter
1526 2908 1753 2953 nostrorum
1768 2936 1781 2958 ,
1799 2906 1851 2949 de
1865 2907 1985 2950 rebus
1997 2904 2186 2949 Ecclesiae
2198 2921 2279 2949 non
2295 2907 2396 2949 alie-

1356 2967 1497 3011 nandis
1510 2995 1524 3018 ‚
1557 2966 1722 3022 aliisque
1737 2965 2100 3010 Constitutionibu·-
2113 2995 2128 3015 ‚
2165 2968 2204 3008 &
2220 2965 2397 3008 Ordina-

1358 3027 1535 3069 tionibus
1564 3024 1809 3081 Apostolicis
1822 3053 1837 3076 ,
1866 3038 2019 3068 necnon
2046 3025 2353 3067 Provinciarum
2381 3053 2395 3076 ,

1360 3089 1651 3128 Conventuum
1667 3112 1682 3134 a
1708 3086 1748 3126 &
1763 3084 1927 3128 Ordinis
1941 3082 2221 3139 praedfflorum
2235 3113 2251 3133 ,
2267 3082 2395 3124 etiam

1355 3144 1585 3202 juramento
1597 3171 1611 3195 ‚
1628 3142 1933 3187 confirmatione
1947 3142 2194 3197 Apostohca,
2210 3140 2275 3182 vel
2292 3154 2394 3196 qua-

1358 3205 1415 3245 vis
1431 3201 1625 3246 firmitate
1641 3202 1718 3245 alia
1731 3202 1929 3244 roboratis
1946 3200 2099 3242 statutis
2114 3227 2127 3248 ‚
2155 3200 2195 3239 δε.
2225 3198 2394 3240 consue-

1354 3261 1559 3305 tudinibus
1573 3275 1587 3313 3
1600 3261 1821 3315 privilegiis
1837 3272 1997 3317 quoque
2014 3257 2180 3299 indultis
2193 3285 2206 3307 ,
2225 3258 2264 3297 &
2280 3258 2410 3310 Lite-A

1349 3323 1411 3369 ,ris
1425 3319 1721 3374 Apostolicis‚in
1735 3319 1912 3361 contrari
1919 3329 1984 3359 um
1999 3314 2280 3372 praemissorum
2293 3329 2393 3371 quo-

1356 3379 1581 3422 modolibet
1602 3377 1791 3420 conceffis
1810 3403 1824 3425 ,
1850 3374 2097 3418 confirmatis
2113 3402 2127 3424 ‚
2152 3376 2192 3415 &
2224 3375 2394 3417 innova-

1356 3439 1406 3480 tis
1423 3467 1433 3478 .
1461 3439 1616 3496 Qibus
1630 3435 1814 3478 omnibus
1831 3463 1844 3485 ‚
1862 3436 1899 3476 &
1915 3432 2076 3488 singulis
2094 3431 2255 3475 illorum
2271 3441 2393 3475 teno-

1357 3510 1419 3539 res
1446 3495 1700 3549 praesentibus
1716 3508 1790 3549 pro
1818 3492 1965 3549 plene,
1989 3494 2029 3533 <St
2054 3490 2300 3535 sufficienter
2318 3506 2392 3534 ex-

1355 3554 1488 3612 presiis
1503 3583 1517 3606 ‚
1545 3569 1588 3598 ac
1604 3553 1656 3595 de
1674 3553 1802 3595 verbo
1815 3551 1863 3594 ad
1884 3553 2050 3595 verbum
2067 3549 2223 3593 insertis
2237 3551 2392 3593 haben-

1354 3625 1443 3664 tes,
1480 3614 1556 3656 illis
1586 3612 1679 3656 alias
1710 3611 1748 3654 in
1766 3612 1833 3653 suo
1850 3612 1998 3655 robore
2022 3610 2316 3667 permansuriS,
2338 3609 2390 3652 ad

1354 3670 1637 3730 praemissorum
1661 3671 1846 3714 effectum
1873 3672 1947 3713 hac
1964 3671 2053 3713 vice
2077 3668 2273 3712 duntaxat
2300 3667 2391 3725 spe—

1353 3732 1540 3783 cialiter,
1567 3732 1608 3771 &
1630 3730 1814 3784 expresse*
1845 3729 2089 3788 derogamus
2114 3758 2130 3783 ,
2153 3728 2390 3785 caeterisque

1352 3792 1562 3834 contrariis
1578 3789 1877 3847 quibuscunque
1891 3819 1902 3833 .
2236 3849 2276 3890 D

2279 3853 2388 3889 atum
