2704 4296
85 3744 119 3812 ,ν

782 230 1666 332 z?.L.E·]U'C*}15U
1731 240 1829 327 52

285 362 385 413 licis
401 362 644 432 antiquum
664 363 792 412 novis
811 358 1149 425 Martyrologii
1185 356 1343 406 editio-

285 432 419 483 nibus
436 438 632 504 apponi,
662 430 929 482 conceditur
946 465 959 477 .
1229 445 1247 476 1
1259 446 1282 489 3
1295 431 1340 477 8.

355 505 744 556 Constitutionem
765 498 1018 551 Alexandri
1041 501 1131 549 ΡΡ.
1151 499 1339 548 V11.de

287 576 520 643 Fratribus
534 574 590 623 ad
604 574 738 622 aliam
754 572 1046 641 Religionem
1069 567 1340 618 transeunti·

286 646 369 696 bus
398 646 568 696 editam
597 642 645 693 ἃ
674 640 757 691 fol.
787 658 867 690 111.»
893 639 1140 691 videndam
1173 639 1338 690 confir-

287 731 412 767 mat:
428 717 479 763 iis
493 750 508 772 ‚
524 713 603 782 qui
618 714 727 762 tales
744 714 788 761 in
813 713 1068 763 Provinciis
1087 712 1335 769 collocant,

287 788 362 839 vel
377 786 576 834 ‘retinent
592 818 607 841 ,
625 801 809 852 poenam
829 782 969 832 didiat
984 818 1000 841 ,
1017 801 1068 831 ac
1088 782 1193 831 huic
1209 785 1332 832 Con-

286 856 507 908 stitutioni
534 871 766 921 nunquam
792 871 871 922 per
897 851 1119 904 clausulas
1148 868 1333 922 genera-

289 930 351 978 les
375 924 622 994 derogari,
645 923 848 975 declarat
868 962 880 975 .
1220 939 1331 985 139.

354 995 944 1051 Constitutionem'Urbani
961 997 1048 1046 PP.
1070 999 1223 1047 VIII.
1247 995 1332 1044 cir-

286 1086 339 1116 ca
369 1065 607 1116 transitum
638 1063 853 1116 Fratrum
881 1066 938 1116 ad
963 1067 1100 1116 aliam
1130 1067 1332 1136 Religio-

287 1153 394 1187 nem
413 1152 669 1187 emanatam
684 1173 700 1196 ,
727 1136 776 1189 8(
803 1136 884 1188 fol.
904 1157 985 1198 79.
1012 1135 1205 1205 positam
1230 1154 1334 1185 con-

285 1205 442 1257 firmat
459 1244 473 1266 ,
501 1227 553 1257 ac
581 1226 681 1258 eam
710 1211 849 1258 etiam
873 1210 919 1257 in
938 1206 1126 1258 tranfitu
1146 1207 1203 1257 ad
1222 1212 1330 1257 RR.

286 1282 375 1329 ΡΡ.
397 1277 713 1329 Cistercienses
753 1277 1045 1328 Reformatos
1066 1276 1248 1346 (vulgo
1278 1276 1334 1325 de

287 1350 331 1398 la
349 1352 566 1417 Trappe)
593 1346 829 1398 observari
858 1346 1051 1406 debere,
1083 1345 1163 1396 sub
1182 1344 1333 1395 censu-

288 1421 349 1468 ris
376 1417 562 1468 mandat
578 1454 589 1466 .
1221 1434 1332 1479 140.

430 1521 1193 1598 sussctEMENTssxL

350 1631 437 1681 Fr.
460 1635 721 1698 Rupertum
739 1666 754 1688 ,
787 1632 1040 1680 Provinciae
1059 1625 1335 1696 Tyrolenfis

294 1703 574 1759 Alumnum,
596 1699 869 1768 Episcopum
889 1699 1336 1759 Aulonensem,cum

293 1769 643 1842 Suffraganeatu
682 1770 890 1821 Ecclefiae
925 1769 1213 1822 Paffavienfis
1252 1773 1338 1820 in...

296 1843 546 1893 Germania
566 1879 580 1900 ,
611 1857 735 1891 creat
753 1879 764 1891 .
1190 1839 1199 1850 ’
1227 1860 1338 1904 142.

366 1918 442 1963 Fr.
462 1914 697 1981 Angelum
724 1913 1062 1963 Bruxellensem
1091 1914 1342 1963 Provinciae

296 1984 738 2051 Flandro-Belgicae
772 1987 1032 2034 Alumnum
1064 1982 1122 2033 ad
1153 1987 1340 2049 Mytras

296 2053 696 2105 Ruremundenses
736 2054 784 2105 ὅ(
812 2057 1072 2106 Primatum
1100 2055 1342 2110 Geldriae·,

297 2127 452 2176 evehit
469 2162 481 2174 .
1168 2133 1170 2135 ’
1231 2143 1341 2188 143.

305 2217 308 2220 ’
369 2198 487 2247 Tria
506 2201 702 2246 Decreta
718 2232 732 2255 ,
759 2197 922 2264 quibus
942 2198 966 2245 ὲ
982 2202 1118 2248 Sacra
1139 2200 1347 2264 Congre-

299 2269 483 2336 gatione
502 2265 836 2334 Episcoporum
854 2266 902 2319 <St
921 2272 1091 2339 Regul.
1108 2267 1346 2331 Nobisjus

299 2339 521 2389 Tertium
537 2338 767 2389 Ordinem
784 2337 1044 2389 instituendi
1063 2352 1346 2405 competere,

300 2407 390 2459 fuit
406 2407 608 2458 decisum
627 2444 644 2467 ,
675 2408 941 2478 Apostolica
969 2408 1315 2460 confirmatione
1331 2441 1346 2463 ‚

305 2493 567 2527 communit
591 2509 603 2526 .
1234 2494 1345 2538 144.

374 2549 1180 2616 DecretumSac.C0ngreg.Rituum
1196 2545 1251 2594 de
1262 2549 1349 2594 Ca-

306 2619 598 2667 nonizatione
622 2621 673 2665 Β.
694 2618 856 2665 Felicis
887 2619 913 2667 a
942 2618 1201 2670 Cantalicio
1220 2631 1348 2682 expe-

306 2687 394 2738 diri
407 2687 539 2750 jubet
556 2718 568 2736 ε
1235 2702 1347 2748 145.

378 2763 580 2808 Decreto
595 2756 944 2807 Eminentiffimi
959 2758 1149 2806 Domini
1163 2755 1350 2806 Nicolai

309 2827 569 2881 Cardinalis
599 2830 824 2891 Acciajoli
854 2827 1052 2877 Ordinis
1076 2827 1351 2878 Prote-{ioris

309 2899 567 2948 declaratur
594 2933 611 2956 ,
647 2900 726 2953 illa
767 2897 1020 2948 nostrarum
1052 2896 1352 2949 Constitutio-

309 2988 420 3019 num
449 2969 611 3019 verba:
642 2970 754 3037 quod
769 2970 926 3018 Clerici
943 2969 1001 3018 ad
1015 2968 1219 3017 Habitum
1250 2970 1354 3016 reci-

308 3041 448 3108 piendi
466 3044 730 3089 communiter
746 3040 897 3089 habere
908 3039 1077 3088 debeant
1096 3057 1212 3090 XVII.
1230 3057 1353 3087 annos

286 3118 291 3125 ¹
312 3112 532 3177 completos
550 3147 565 3168 ,
587 3112 740 3161 taliter
753 3110 918 3161 debere
938 3112 1165 3180 intelligi,
1193 3125 1245 3160 ut
1270 3113 1355 3158 in..

311 3183 466 3248 aliquo
482 3180 586 3231 casu
612 3183 877 3250 particulari
905 3183 1038 3230 liceat
1067 3199 1141 3230 eos
1159 3183 1354 3249 recipere

313 3265 420 3301 ante
437 3270 606 3302 annum
621 3265 738 3303 xvu.
764 3253 1047 3320 completum
1066 3287 1078 3299 .
1242 3259 1354 3314 146.

385 3326 463 3371 Fr.
481 3325 707 3374 Carolum
736 3320 1076 3372 Bruxellensem
1106 3324 1356 3373 Provinciae

321 3391 756 3463 Mandro-Belgica:
804 3394 1063 3443 Alumnum
1090 3429 1108 3451 ,
1148 3390 1357 3442 Ecclefiae

321 3461 535 3530 Brugenfi
551 3465 828 3533 Episcopum
845 3462 1035 3513 destinat
1052 3499 1064 3512 .
1244 3476 1355 3525 147.

394 3534 641 3584 Sententias
661 3539 770 3585 DD.
792 3533 1140 3591 Cardinalium,
1167 3535 1358 3584 Patria(-

319 3601 542 3659 charum,
573 3604 1037 3674 Archiepiscoporum
1062 3639 1079 3662 ,
1103 3603 1151 3655 ὅ(
1178 3604 1357 3672 Episco-

318 3689 485 3740 porum
516 3669 646 3740 super
673 3677 1035 3729 canonizatione
1061 3680 1114 3727 B.
1142 3677 1305 3726 Felicis
1333 3674 1357 3723 a

322 3743 582 3793 Cantalicio
601 3747 796 3812 exquirit
809 3780 821 3795 .
955 3742 977 3745 ”
1244 3761 1356 3811 147,

2094 247 2388 331 -xxxxL

1474 362 1551 407 Fr.
1582 357 1883 407 Athanasium
1916 357 2164 410 Provinciae
2199 353 2345 412 Parme
2362 359 2448 411 nfis

1404 430 1685 484 Alumnum,
1703 425 1857 476 Insula
1872 425 2094 477 Grassenli
2116 429 2312 502 insignit.
2335 436 2446 495 148.

1474 504 1549 548 Fr.
1588 496 1881 548 Franciscum
1918 500 2117 548 Mariam
2153 502 2208 551 ab
2249 504 2411 551 Aretio
2426 537 2443 560 ,

1399 571 1652 620 Provinciae
1683 566 1863 619 Tusciae
1893 568 2148 619 Alumnum
2166 606 2181 629 ‚
2212 575 2259 622 S.
2292 577 2352 623 R.
2387 575 2443 621 E.

1401 641 1697 691 Cardinalem
1712 654 1837 689 creat
1853 673 1865 688 .
2328 660 2442 704 194.

1465 719 1666 764 Decreto
1693 714 1793 760 Sac.
1815 714 2053 779 Congreg.
2072 713 2266 761 Rituum
2295 717 2332 762 B
2346 749 2356 760 .
2374 716 2439 763 V.

1394 787 1548 836 Maria
1570 782 1650 832 sub
1674 780 1905 848 Mysterio
1922 780 2214 831 Sanffiffimae
2233 818 2248 840 ,
2277 781 2326 832 8(
2344 787 2440 832 Im-

1391 857 1629 908 maculatae
1645 852 1972 921 Conceptionis
1990 849 2066 902 seu
2082 853 2340 920 principalis
2362 856 2442 902 Pa-

1393 943 1524 979 trona
1543 963 1558 985 ‚
1585 924 1841 976 Proteftrix
1859 921 2052 973 Ordinis
2083 920 2334 971 instituitur
2350 958 2364 979 ,

1390 1005 1484 1064 ejus
1504 995 1684 1047 Festum
1713 994 1795 1044 sub
1815 997 1907 1044 ritu
1926 993 2100 1063 duplici
2115 994 2272 1061 primae
2291 991 2442 1042 claffis

1392 1069 1608 1120 celebrari
1623 1065 1888 1116 conceditur
1907 1100 1919 1113 .
2325 1083 2343 1112 1
2356 1081 2440 1126 50.

1463 1138 1708 1206 Rescripto
1723 1139 1846 1188 Patri
1864 1133 2078 1185 Ministro
2113 1135 2327 1185 Generali
2354 1136 2442 1183 ele-

1394 1211 1584 1266 ἑὶίοηεε,
1600 1227 1699 1274 quae
1715 1205 1865 1256 forsan
1883 1208 2057 1256 ratione
2079 1207 2212 1263 Belli,
2231 1219 2311 1254 aut
2330 1206 2441 1254 alio-

1395 1297 1498 1329 rum
1520 1276 1707 1326 casuum
1723 1276 1937 1324 canonice
1954 1274 2079 1323 fac'tae
2096 1294 2186 1324 non
2202 1273 2330 1325 fuere
2342 1311 2357 1331 ‚
2376 1272 2440 1324 sa-

1394 1348 1557 1405 nandi,
1573 1345 1620 1397 ὅ(
1635 1344 1868 1396 validandi
1886 1347 2067 1412 copiam
2086 1342 2195 1392 facit
2210 1380 2222 1391 .
2322 1364 2340 1392 1
2353 1361 2433 1405 52.

1464 1418 1809 1486 indulgentiam
1825 1417 2072 1483 plenariam
2085 1432 2168 1482 pro
2180 1412 2318 1463 Festis
2332 1417 2445 1463 San-

1394 1490 1579 1540 <storum
1596 1485 1820 1539 Paschalis
1837 1487 2039 1552 Baylon,
2051 1484 2296 1553 &joannis
2311 1482 2336 1532 zi
2351 1489 2440 1536 Ca-

1394 1561 1589 1631 pistrano
1611 1561 1656 1608 in
1671 1554 1880 1607 Ecclefiis
1896 1555 2088 1607 Ordinis
2105 1555 2163 1605 ad
2184 1570 2440 1625 perpetua..

1395 1648 1603 1701 tempora
1625 1628 1827 1679 extendit
1849 1662 1862 1676 .
2329 1644 2441 1689 152.

1467 1707 1518 1754 P.
1547 1700 1788 1752 Ludovico
1820 1697 2061 1748 Francisco
2101 1697 2155 1746 de
2181 1701 2395 1763 Mornay
2422 1731 2440 1755 ‚

1398 1775 1649 1827 Provinciae
1680 1768 1931 1822 Parifienfis
1958 1768 2201 1820 Definitori
2219 1804 2233 1825 ‚
2263 1767 2446 1835 Episco-

1399 1861 1557 1915 patum
1586 1839 1935 1893 Eumeniensem
1962 1859 2068 1890 cum
2095 1838 2444 1891 Coadiutoria...

1402 1913 1610 1967 Ecclefiae
1627 1910 1930 1978 erecenfis
1946 1908 2124 1960 confert
2137 1947 2149 1959 .
2329 1927 2349 1962 1
2363 1926 2387 1970 5
2398 1927 2444 1970 3.

1473 1985 1816 2054 Indulgentiam
1832 1984 2076 2049 plenariam
2091 1998 2174 2049 pro
2196 1977 2326 2029 Festo
2341 1983 2450 2029 San·-

1404 2058 1483 2107 &ae
1514 2055 1771 2107 Catharinae
1819 2052 2114 2102 Bononiensis
2151 2054 2195 2099 in
2236 2049 2447 2100 Ecclefiis

1406 2129 1754 2197 Capucinorum
1772 2123 1929 2173 eretstis
1946 2160 1961 2182 ,
1983 2123 2030 2175 ὅ(
2047 2120 2298 2191 erigendis,
2312 2120 2369 2169 ad
2382 2118 2452 2169 fu·-

1405 2215 1508 2250 tura
1525 2213 1731 2265 tempora
1748 2209 1988 2264 perpetuat
2003 2232 2016 2243 .
2337 2211 2360 2240 1·
2371 2209 2452 2254 54.

1478 2268 1822 2338 Indulgentiam
1841 2268 2090 2334 plen-ariam
2102 2265 2148 2314 in
2170 2262 2301 2312 Festo
2319 2267 2456 2313 &Fe-

1408 2342 1505 2390 licis
1531 2340 1586 2389 de
1613 2338 1872 2390 Cantalicio
1902 2334 2111 2386 Ecclefiis
2146 2340 2361 2385 Fratrum
2403 2330 2453 2382 ὃς

1407 2411 1685 2460 Monialium
1716 2425 1810 2457 tam
1840 2408 1999 2455 creetis
2018 2442 2032 2463 ,
2060 2406 2199 2470 quam
2227 2401 2455 2470 erigendis

1407 2480 1464 2527 ad
1477 2494 1693 2545 perpetua
1706 2492 1911 2542 tempora
1925 2478 2089 2541 pariter
2104 2473 2359 2522 concedit.1
2373 2490 2454 2535 54.

1478 2551 1554 2595 Fr.
1565 2547 1868 2596 Timotheum
1886 2546 1910 2594 ἂ
1927 2546 2079 2593 Flexia
2097 2545 2345 2593 Provinciae
2358 2544 2458 2590 Bri-

1409 2619 1572 2666 tanniae
1589 2615 1778 2664 minoris
1801 2616 2079 2669 Alumnum,
2101 2610 2310 2661 Ecclefiae
2334 2614 2457 2660 Beri-

1409 2687 1519 2737 tenfi
1546 2685 1733 2754 praeficit
1756 2721 1771 2742 ,
1799 2701 1989 2750 eumque
2016 2683 2350 2733 Coadiutorem
2371 2687 2456 2732 Ec-

1410 2756 1549 2808 clefiae
1563 2756 1877 2808 Patriarchalis
1894 2751 2221 2820 Babylonenfis
2248 2771 2356 2802 cum
2388 2751 2457 2803 fu-

1411 2844 1516 2879 tura
1530 2825 1796 2877 succeffione
1811 2826 2000 2892 deputat
2018 2863 2028 2874 .
2345 2844 2363 2872 1
2377 2842 2402 2887 5
2412 2842 2457 2887 5.

1424 2923 1428 2926 ·
1481 2896 1775 2948 Franciscum
1802 2901 1848 2948 S.
1868 2901 1928 2945 R.
1949 2900 2002 2946 E.
2029 2896 2328 2947 Cardinalem
2353 2899 2460 2945 Bar-

1410 2971 1618 3020 berinum
1652 3005 1670 3029 ,
1708 2968 1902 3019 Ordinis
1935 2969 2252 3018 Protetstorem
2285 2984 2458 3016 nuncu-

1413 3056 1492 3111 pat
1513 3074 1525 3092 0
2345 3054 2459 3123 155.

1533 3183 1661 3238 SUB
1698 3182 2155 3234 INNOCENTIO
2194 3181 2350 3232 XIII.

1485 3330 1560 3376 Fr.
1581 3323 1916 3375 Bernarclinum
1944 3324 1970 3370 ὲ
2002 3328 2049 3374 8.
2072 3324 2259 3392 Angelo
2292 3322 2336 3368 in
2367 3322 2462 3369 Va·

1417 3396 1503 3479 do,
1531 3395 1723 3447 Ordinis
1744 3396 1985 3446 Vicarium
2008 3394 2284 3444 Generalem
2303 3387 2461 3439 consti-

1416 3481 1562 3587 thi‘.
1582 3538 1770 3587 Petrum
1800 3538 2000 3587 Mariam
2029 3533 2085 3584 de
2108 3538 2232 3584 Luca
2264 3475 2460 3583 Ordinis

1416 3611 1763 3659 Procuratorem
1781 3608 2055 3657 Generalem
2073 3604 2263 3673 deputat
2277 3640 2288 3653 .
2347 3604 2459 3664 158.
2557 3634 2560 3638 -

1488 3678 1801 3747 Indulgentiae»
1826 3677 1872 3727 <St
1890 3679 2145 3726 Facultates
2170 3693 2253 3743 pro
2270 3673 2461 3726 Oratio·-

1417 3768 1472 3802 ne
1489 3768 1574 3815 40.
1593 3752 1807 3869 hora}um
1827 3784 1843 3808 ,
1867 3749 2119 3801 Provinciis
2140 3748 2461 3826 Ultramonta-

2325 3834 2392 3866 ms
