2658 4244
0 1001 20 1219 ssaexrcrer:²rr·.·,m⁷
3 1019 6 1021 ·
2 927 23 1004 :11-
0 903 1 907 Α
0 818 23 887 ¹:251·
8 779 11 799 κ

8 1497 11 1504 v
0 1213 18 1482 22·‘“‘15''‹-''.⁴⁴25‘3²2'='}⁵³”·35

863 231 1020 323 Sub
1083 235 1453 348 Gregorio
1496 232 1707 321 XIII.
2173 239 2229 342 '3
2256 273 2291 336 9

203 350 380 403 ,amitam
393 374 406 395 ,
431 351 603 391 decretum
619 374 632 396 ,
656 349 988 397 &ordinatamfuit
999 373 1011 390 ,
1028 355 1134 395 prout
1155 350 1193 383 in
1207 350 1354 396 quadam
1365 349 1490 398 papyri
1502 349 1622 386 cedula
1639 358 1701 396 per
1714 347 1954 386 Secretarium
1969 348 2062 388 diffiae
2078 350 2187 399 sacrae
2206 354 2358 405 Congre.

237 400 386 445 ationis,
396 400 460 451 fab
471 401 525 440 die
537 402 643 440 tertia
655 400 785 438 Martii
804 411 814 434 ι
823 409 900 445 592.
907 397 1103 445 subscripta
1116 422 1128 440 ,
1142 396 1334 444 hujusmodi
1338 399 1406 446 sub
1419 407 1535 433 tenore
1554 397 1738 435 videlicet:
1759 398 1968 433 Moneantur
1986 402 2046 436 iub
2063 413 2159 447 poena
2173 404 2359 441 ablationis

247 448 362 495 apucii
386 449 492 496 prima
511 450 628 487 Martii
648 459 745 496 ¹59²·
767 446 955 494 Gregorius
969 445 1154 483 Palearius
1167 445 1371 496 subscripsi.
1397 445 1444 482 Et
1459 445 1593 494 exposito
1608 444 1723 484 Nobis
1736 453 1800 494 pro
1808 454 1910 494 parte
1923 469 1936 488 ,
1961 447 2002 487 Θ
2031 449 2075 484 ad
2097 449 2294 498 instantiam
2308 463 2360 488 ρο.

211 496 364 534 eumdem
387 497 472 534 RR.
488 499 573 537 ‘'PP.
589 499 840 546 Capucinorum
853 493 1036 539 ,videlicet
1051 492 1089 531 V
1085 497 1189 531 icar-ii
1205 495 1248 535 Θ
1262 495 1509 532 Procuratoris
1523 494 1747 533 Generalium
1761 518 1774 538 ,
1798 495 1888 542 quod
1910 494 2020 544 aliqui
2042 508 2081 532 ex
2105 499 2357 539 Confisatrihus

210 548 240 585 S
242 548 396 585 ocietatis
411 547 562 598 &oannis
577 546 670 591 Dei,
694 544 862 594 &forsan
876 541 1033 580 nonnulli
1048 542 1111 579 alii
1124 544 1300 580 Habitum
1316 556 1392 579 cum
1406 544 1557 591 Capucio
1574 543 1791 594 oblongosive
1804 553 1903 580 acuto
1919 568 1932 588 ‚
1953 544 2075 592 absque
2090 546 2230 586 licentia
2247 549 2296 586 R.
2313 549 2358 587 P.

213 593 352 632 Vicarii
364 594 543 634 Generalis
558 594 708 631 Ordinis
726 594 979 642 Capucinorum
990 616 1004 636 ,
1016 601 1138 629 contra
1145 592 1294 640 formam
1307 593 1564 629 ordinationum
1578 617 1592 638 ,
1619 593 1662 634 Θ
1682 592 1959 641 constitutionum
1979 594 2197 640 praefatorum
2212 596 2358 647 summo-

211 656 288 680 rum
298 644 514 692 Pontificum,
527 645 567 678 in
584 644 766 678 maximum
780 643 899 678 animae
912 640 1059 689 ipsorum
1072 642 1412 678 contravenientium
1431 640 1675 679 detrimentum
1690 665 1703 685 ‚
1718 642 1757 678 in
1769 641 1913 678 dedecus
1925 667 1939 686 ,
1962 643 2004 683 Θ
2018 642 2242 691 vilipendium
2249 648 2358 696 sacrae

210 691 404 742 Religionis
420 691 673 739 Capucinorum
686 716 700 735 ,
722 691 765 732 Θ
786 688 1002 737 Populorum
1013 689 1218 738 scandalum
1233 689 1364 738 gestare
1377 689 1509 727 audent
1521 715 1533 735 ‚
1557 691 1600 732 Θ
1609 689 1819 739 praesumunt
1833 716 1843 727 .
1870 691 2086 739 Cupientesq.
2099 695 2250 739 praediffti
2271 694 2358 731 RR.

208 744 286 782 PP.
309 740 347 780 V
342 742 472 777 icarius
482 763 494 783 ‚
517 738 730 776 Procurator
746 763 759 782 ‚
782 737 826 778 Θ
850 735 1102 787 Commiffarius
1123 738 1299 787 generalis
1327 737 1503 786 prasdifiias
1527 738 1648 776 literas
1670 739 1880 790 Apostolicas
1891 763 1903 783 ‚
1930 740 1973 781 Θ
1993 740 2178 779 Decretum
2192 743 2359 791 praedielae

197 793 308 841 sacra
320 787 711 835 Congregationissuum
737 789 754 835 (
766 787 807 823 ut
814 794 881 834 par
893 786 964 837 est)
978 788 1129 824 debitum
1134 787 1262 837 sortiri
1277 787 1424 838 effefiium
1439 810 1451 830 ‚
1462 788 1677 837 debitamque
1693 790 1921 826 executionem
1936 788 2111 837 consequi,
2122 791 2167 826 ad
2181 790 2259 832 Nos
2273 802 2358 828 tam·

208 842 307 889 qutun
310 837 469 888 similium
482 835 715 880 Executorem,
727 835 902 884 recursum
918 836 1116 874 habuerunt
1129 861 1141 880 ‚
1157 846 1198 875 ut
1223 838 1261 872 in
1271 836 1442 886 praemiffis
1455 837 1496 873 de
1519 845 1703 886 opportuno
1715 838 1810 887 juris
1828 837 1974 873 remedio
1991 839 2175 885 providere
2191 863 2204 883 ‚
2228 841 2271 881 Θ
2284 842 2357 875 im

207 888 432 925 executionem
446 879 686 936 praemifforum
706 884 994 932 contrafacientes
1010 884 1195 932 brachium
1199 884 1357 932 saeculare
1370 910 1383 929 ,
1409 887 1452 929 Θ
1473 886 1672 925 mandatum
1687 887 1934 935 exequutivum
1959 885 2140 923 decernere
2155 911 2168 930 ,
2186 889 2229 930 Θ
2242 899 2358 923 conce-

207 937 288 974 dere
299 936 520 983 dignaremur
536 958 546 969 .
572 932 651 972 Nos
676 934 789 983 igitur
804 934 1019 972 attendentes
1042 935 1290 984 requisitionem
1304 935 1495 987 hujusmodi
1512 935 1591 983 fore
1600 935 1723 986 justam
1736 959 1748 979 ,
1769 936 1812 977 Θ
1825 935 1958 972 rationi
1982 935 2157 983 consonam
2168 960 2182 979 ‚
2209 936 2252 976 Θ
2266 934 2357 983 quod

201 985 292 1035 justa
301 983 431 1034 petenti
445 994 514 1019 non
524 981 567 1031 est
577 983 796 1029 denegandus
810 979 965 1031 assensus,
980 982 1371 1032 volentesilue‚mandata
1382 983 1572 1070 Apssolica
1588 986 1645 1030 (ut
1657 985 1837 1030 convenit)
1853 993 2054 1021 reverenter
2068 985 2204 1032 exequi,
2216 983 2259 1024 Θ
2263 983 2359 1033 stan-

205 1042 240 1069 te
253 1033 436 1070 monitione
449 1056 460 1075 ,
474 1044 514 1067 ac
528 1033 745 1070 intimatione
756 1032 1034 1080 praeinfiertorum
1048 1033 1286 1069 ‘Decretorum
1298 1032 1431 1069 Rever.
1477 1058 1487 1068 .
1504 1032 1670 1071 Generali
1682 1034 1722 1071 S.
1737 1031 1891 1082 ‘Joannis
1906 1033 1976 1070 Dei
1989 1057 2003 1077 ,
2015 1034 2158 1070 monitos
2174 1057 2187 1077 ,
2214 1032 2257 1074 Θ
2270 1031 2357 1068 inti·

204 1092 310 1119 matos
326 1105 338 1125 ‚
355 1094 395 1117 ac
407 1082 510 1118 etiam
524 1082 563 1116 in
577 1081 649 1130 ipsis
661 1082 788 1117 iterum
799 1082 918 1118 citatis
931 1081 976 1117 ad
986 1081 1167 1117 dicendum
1178 1091 1298 1119 contra
1308 1082 1476 1131 praes'atas
1487 1083 1624 1119 Literas
1635 1081 1914 1132 Apostolicas‚-&
1925 1080 2066 1118 illarum
2080 1082 2357 1129 exequutionem,

202 1130 401 1166 mandatum
411 1131 669 1178 exequativum,
679 1130 722 1172 Θ
733 1130 910 1166 bracthm
917 1129 1075 1178 seculare
1089 1139 1211 1166 contra
1228 1142 1338 1166 omnes
1351 1128 1496 1168 Fratres
1516 1130 1609 1167 diffie
1621 1130 1828 1179 Religionis,
1837 1129 2006 1180 gestantes
2019 1131 2185 1179 Capucios
2200 1128 2357 1176 oblongos

203 1178 247 1220 ἐν
259 1188 388 1222 acatos,
401 1180 523 1216 contra
528 1179 676 1227 formam
687 1179 851 1216 ditiorum
863 1179 1102 1223 Decretorum,
1113 1179 1156 1220 Θ
1167 1180 1208 1216 de
1223 1179 1297 1216 :illis
1311 1180 1495 1228 auferendo
1511 1179 1675 1224 decerni,
1689 1180 1732 1220 Θ
1745 1178 1898 1217 relaxari
1910 1203 1918 1212 .
1934 1180 2157 1229 Comparente
2171 1190 2284 1215 coram
2298 1189 2358 1212 no·

202 1228 256 1265 bis
268 1226 316 1264 R.
331 1227 385 1263 5⁰.
397 1227 532 1263 “Priore
553 1227 664 1272 Romae
678 1228 759 1264 dieti
781 1228 932 1264 Ordinis
945 1229 985 1265 S.
1001 1226 1155 1276 ‘Joannis
1166 1253 1180 1273 ,
1205 1229 1248 1270 Θ
1259 1227 1461 1276 offerentes&
1468 1237 1633 1275 paratum
1648 1227 1719 1264 una
1742 1241 1817 1264 cum
1831 1228 1911 1264 aliis
1925 1226 2110 1267 Fratribus
2121 1236 2184 1276 pro
2206 1235 2356 1275 tempore

201 1276 276 1325 ejus
292 1277 490 1313 obedientiae
497 1275 670 1325 subjeEiis‚
678 1276 808 1326 gestare
823 1278 1011 1324 Capucium
1027 1275 1212 1311 rotundum
1224 1300 1235 1317 ‚
1248 1279 1291 1317 Θ
1299 1277 1402 1324 juxta
1407 1276 1554 1323 formam
1567 1275 1710 1313 Modelli
1724 1275 1810 1315 alias
1824 1277 1900 1313 dati
1913 1302 1923 1313 .
1939 1275 2018 1317 Nos
2028 1286 2156 1321 autem,
2163 1275 2256 1324 faeta
2271 1286 2356 1311 com-

196 1326 382 1372 paratione
398 1324 449 1361 Ca
472 1326 545 1360 ucii
559 1349 571 1368 ‚
591 1326 681 1372 quod
694 1324 761 1373 ipse
773 1323 823 1359 R.
835 1324 877 1361 P.
893 1324 1000 1360 Prior
1013 1349 1026 1368 ,
1047 1323 1090 1364 Θ
1107 1322 1180 1370 ejus
1193 1322 1476 1372 Sociusgestabat
1489 1347 1501 1367 ‚
1514 1326 1700 1372 reperimus
1713 1322 1772 1376 effe
1787 1324 1931 1362 Modelli
1940 1348 1953 1367 ,
1976 1326 2018 1365 Θ
2026 1326 2145 1372 format
2168 1325 2257 1360 datae
2270 1347 2283 1366 ‚
2311 1323 2356 1364 Θ

201 1372 391 1421 affignatae:
446 1382 463 1408 t
476 1371 590 1420 stante
615 1372 703 1408 difia
729 1371 920 1416 oblatione,
943 1383 982 1407 ac
994 1371 1160 1421 juribus,
1186 1370 1227 1407 de
1250 1373 1374 1420 quibus
1377 1372 1487 1421 fitpra
1501 1396 1514 1415 ‚
1533 1373 1732 1411 mandatum
1747 1375 1992 1420 exequutivum
2009 1382 2130 1412 contra
2155 1383 2265 1408 omnes
2278 1396 2291 1414 ‚
2313 1371 2358 1411 Θ

193 1421 344 1471 fingulos
361 1420 648 1467 contrafacientes
668 1445 680 1464 ,
707 1421 750 1461 Θ
768 1420 1023 1468 inobservantes
1043 1444 1057 1465 ‚
1089 1420 1344 1468 Capuciumque
1358 1419 1534 1468 oblongum
1550 1445 1563 1464 ‚
1583 1422 1626 1462 Θ
1646 1431 1786 1457 acutum
1807 1445 1820 1465 ‚
1845 1433 1936 1457 nunc
1960 1445 1973 1463 ‚
2006 1421 2053 1462 Θ.
2081 1429 2142 1469 pro
2175 1427 2356 1466 tempore)

195 1470 363 1520 gestantes
379 1467 628 1504 decernendum
645 1493 658 1512 ‚
681 1468 958 1509 &relaxandum
980 1468 1141 1505 duximus
1154 1492 1166 1511 ‚
1190 1468 1404 1505 decrevimus
1422 1494 1435 1514 ‚
1461 1470 1504 1511 Θ
1528 1468 1761 1506 relaxavimus
1775 1493 1789 1513 ,
1808 1478 1914 1517 prout
1939 1469 2175 1513 decernimus,
2203 1468 2246 1509 Θ
2264 1466 2358 1503 γνεῖα-

200 1529 321 1556 xamus
329 1526 392 1565 per
407 1516 589 1564 praesentes
601 1542 612 1552 .
629 1518 720 1567 Q
734 1518 847 1552 omnia
862 1516 1049 1564 &singula
1052 1516 1247 1564 supradiffa
1265 1518 1362 1556 vobis
1377 1519 1531 1554 omnibus
1544 1518 1587 1559 Θ
1591 1517 1738 1567 singulis
1741 1517 1954 1566 supradiffiis
1969 1518 2169 1555 intimamus
2180 1541 2192 1560 ,
2206 1516 2356 1566 institua-

201 1579 275 1605 mus
286 1590 300 1610 ‚
320 1566 364 1608 Θ
374 1565 587 1612 notificamus
597 1590 611 1610 ,
637 1578 676 1601 ac
688 1565 734 1600 ad
747 1564 888 1615 vestram
899 1589 912 1608 ‚
937 1565 980 1606 Θ
991 1566 1170 1617 cujustibet
1185 1565 1332 1617 vestrum
1347 1569 1507 1604 notitiam
1521 1566 1719 1604 deducimus
1733 1592 1746 1611 ‚
1771 1568 1814 1610 &³
1829 1567 1953 1604 deduci
1972 1566 2127 1604 volumus
2139 1575 2201 1614 per
2211 1564 2357 1613 praesen-

200 1625 252 1654 tes
263 1641 274 1651 .
335 1627 378 1660 uo
390 1616 484 1650 circa
496 1625 556 1649 vos
580 1613 838 1651 lnvifflffimum
855 1614 1091 1650 Romanorum
1110 1616 1347 1662 Imperatorem
1362 1639 1375 1660 ‚
1399 1617 1441 1657 Θ
1453 1615 1678 1664 Serentffimos
1692 1615 1803 1663 Reges
1816 1641 1830 1661 ‚
1853 1628 1892 1652 ac
1905 1615 1989 1651 alios
2012 1616 2097 1656 DD.
2116 1612 2328 1663 Temporales
2340 1638 2356 1658 ,

196 1664 450 1716 jurisdiFiiones
465 1672 658 1699 exercentes
669 1687 684 1707 ,
705 1674 745 1699 ac
761 1662 989 1712 Illustriffimos
1004 1663 1088 1700 DD.
1102 1664 1246 1710 Legatos
1259 1666 1298 1699 in
1313 1664 1457 1701 Domino
1471 1662 1603 1700 attente
1618 1676 1774 1712 rogamus
1786 1688 1798 1705 ‚
1821 1665 1865 1705 Θ
1879 1663 2058 1701 hortamur
2079 1690 2092 1709 ‚
2112 1673 2282 1712 quatenus
2295 1673 2358 1698 ve·

193 1714 302 1766 stram
314 1715 353 1749 in
367 1712 430 1747 hac
441 1719 542 1759 parte
559 1710 733 1747 dexteram
743 1711 961 1748 extendentes
972 1735 985 1753 ,
1007 1721 1179 1758 tamquam
1185 1711 1326 1762 justitia
1340 1736 1352 1755 ‚
1372 1713 1415 1754 Θ
1421 1711 1507 1760 fidei
1517 1711 1696 1750 Zelatores
1712 1725 1724 1753 3
1755 1709 1860 1749 Vobis
1873 1712 1955 1748 vero
1970 1712 2052 1748 aliis
2067 1711 2238 1762 praedifiiis
2265 1722 2352 1747 com-

202 1763 370 1800 mittimus
379 1784 393 1804 ,
405 1760 448 1801 Θ
467 1759 506 1794 in
518 1760 653 1796 virtute
667 1759 791 1808 sancia:
805 1759 1002 1797 obedientia
1013 1758 1157 1809 districte
1164 1762 1392 1809 praecipiendo
1403 1761 1605 1798 mandamus
1613 1762 1702 1809 ‚sub
1714 1762 2094 1806 excommunicationis,
2122 1761 2164 1803 Θ
2171 1758 2355 1810 suspensio-⁴

201 1814 259 1848 nis
276 1809 295 1846 ἃ
306 1810 454 1848 Divinis
471 1809 599 1857 poenis,
614 1818 782 1855 quatenus
800 1808 918 1858 statim
935 1808 1012 1857 visis
1021 1833 1033 1853 ,
1047 1809 1090 1851 Θ
1112 1812 1254 1857 receptis
1265 1809 1489 1858 praefintibus
1499 1835 1512 1854 ,
1526 1811 1570 1853 Θ
1578 1810 1749 1860 postquam
1763 1812 1882 1858 vigore
1901 1811 2121 1859 praesentium
2144 1818 2206 1857 pro
2218 1817 2353 1857 parte,-

201 1860 290 1898 DD.
302 1857 467 1895 Fratrum
483 1857 739 1905 Capucinorum
753 1882 767 1902 ,
779 1867 843 1894 aut
853 1856 1003 1905 alicujus
1021 1869 1135 1894 eorum
1145 1857 1292 1905 fueritis
1312 1859 1486 1909 requisiti,
1498 1860 1562 1908 sen
1577 1859 1665 1897 alter
1685 1859 1831 1910 vestrum
1838 1859 1955 1906 fuerit
1973 1859 2153 1908 requisitus
2162 1882 2175 1902 ,
2198 1867 2239 1893 ex
2249 1865 2353 1905 parte

200 1907 335 1958 nostra,
359 1908 424 1942 imo
436 1906 579 1950 verius,
593 1904 783 1954 Apostolica
797 1904 1016 1943 Aufioritate
1033 1917 1142 1942 omnes
1152 1931 1166 1950 ‚
1189 1908 1232 1949 Θ
1244 1906 1458 1956 quoscunque
1474 1908 1675 1956 Confratres
1685 1908 1870 1947 Societatis
1895 1906 2051 1957 ‘’Joannis
2072 1907 2141 1945 Dei
2154 1931 2166 1951 ,
2196 1906 2239 1947 Θ
2263 1903 2349 1953 alios

200 1955 422 2006 quast-umque
433 1966 525 1990 nunc
538 1978 550 1996 ‚
565 1954 609 1994 Θ
621 1962 683 2001 pro
696 1962 845 2002 tempore
858 1954 1144 2002 contrafacientes
1155 1979 1167 1998 ,
1180 1955 1223 1997 Θ
1234 1957 1272 1991 in
1287 1955 1464 2004 quibusvis
1476 1957 1556 1992 locis
1563 1956 1730 2008 gestantes
1743 1957 1934 1999 Habitum,
1947 1968 2022 1992 cum
2034 1956 2186 2003 Capucio
2199 1952 2354 1999 oblongo,

191 2007 266 2057 five
276 2013 376 2041 acuto
388 2004 572 2039 carceretis
587 2026 600 2046 ‚
622 2002 665 2043 Θ
675 2004 714 2038 in
728 2003 925 2038 carceribus
938 2002 1123 2040 detineatis
1129 2010 1191 2050 per
1204 2005 1392 2052 captionem
1405 2014 1580 2054 corporum
1591 2031 1604 2050 ,
1629 2006 1672 2047 Θ
1682 2005 1904 2054 personarum
1914 2028 1927 2048 ‚
1952 2017 1991 2040 ac
2003 2003 2169 2040 ditiorum
2185 2002 2354 2053 Capucio-

200 2065 280 2092 rum
292 2052 496 2090 ablationem
516 2052 668 2099 cogatis,
690 2052 734 2093 Θ
749 2050 952 2099 compellatis
967 2052 1014 2087 ad
1033 2051 1277 2091 dimittendum
1291 2077 1311 2096 ,.
1325 2054 1368 2095 Θ
1381 2053 1605 2091 relaxandum
1617 2053 1743 2090 dietum
1757 2054 1932 2090 Habitum
1956 2066 2031 2090 cum
2050 2053 2200 2102 Capucio
2224 2059 2324 2086 acuto
2336 2072 2352 2093 ‚

192 2104 265 2154 five
277 2100 416 2149 oblongo
425 2125 439 2145 ,
458 2101 502 2141 Θ
522 2102 561 2137 in
578 2101 746 2150 praemtffis
761 2112 827 2136 non
846 2098 972 2152 ceffetis
983 2125 997 2144 ,
1020 2113 1080 2136 nec
1093 2098 1214 2151 ceffare
1221 2101 1369 2150 faciatis
1382 2127 1396 2147 ‚
1417 2103 1525 2140 donec
1542 2103 1667 2141 dietam
1680 2103 1856 2142 Habitum
1870 2103 2067 2151 dimiserint
2079 2126 2092 2145 ,
2112 2102 2155 2143 Θ
2175 2100 2352 2137 Habitum

201 2162 279 2190 cum
297 2151 447 2199 Caputio
466 2151 612 2187 rotundo
621 2149 725 2199 juxta
739 2148 888 2198 formam
900 2149 1222 2199 praeinsertaesacrae
1238 2151 1524 2202 Congregationis
1550 2151 1743 2190 detulerint
1754 2177 1767 2196 ‚
1790 2151 1833 2193 Θ
1847 2153 1958 2188 omnia
1967 2149 2167 2200 supradicio
2186 2147 2354 2196 adimple-

200 2200 351 2245 verint,
370 2211 411 2235 ac
430 2197 502 2234 illis
513 2200 701 2247 paruerint
724 2225 734 2234 .
760 2199 798 2234 ln
809 2198 977 2283 praemiffis
1005 2210 1065 2234 vos
1088 2199 1208 2236 taliter
1229 2199 1390 2237 habentes
1404 2225 1416 2245 ‚
1441 2202 1530 2249 quod
1552 2211 1632 2239 nota
1658 2200 1866 2249 contemptus
1879 2224 1892 2244 ‚
1905 2200 1977 2249 five
1999 2198 2217 2236 contumacia
2252 2197 2351 2233 vobis

201 2247 400 2286 nullatenus
413 2247 631 2298 adscribatur
647 2274 658 2284 .
684 2249 724 2284 ln
737 2259 880 2296 quorum
888 2246 923 2295 fi
943 2259 994 2284 em
1005 2271 1018 2290 ‚
1035 2248 1215 2297 praesentes
1228 2246 1354 2297 nostras
1366 2248 1488 2287 literas
1498 2276 1512 2296 ,
1533 2262 1572 2287 ac
1585 2250 1672 2287 alias
1684 2252 1722 2286 in
1731 2251 1855 2299 papyri
1863 2249 1948 2299 folio
1960 2245 2129 2299 impreffas
2142 2271 2155 2291 ‚
2176 2255 2217 2283 ut
2236 2246 2275 2280 in
2288 2245 2345 2280 di·-

200 2309 266 2335 ver
277 2311 304 2333 ts
318 2297 440 2333 mundi
453 2298 615 2346 partibus
636 2297 829 2346 transmitti
838 2297 956 2381 poffnt
966 2321 979 2340 ,
1003 2296 1046 2337 Θ
1054 2305 1117 2345 per
1135 2296 1330 2335 Notarium
1351 2298 1496 2349 nostrum
1510 2324 1522 2342 ‚
1546 2300 1589 2341 Θ
1603 2301 1721 2338 Curiae
1750 2298 1864 2349 nostrae
1880 2298 2141 2348 infrascriptum
2145 2294 2320 2345 subscribi
2332 2317 2348 2337 ,

192 2346 226 2396 fi
245 2346 334 2394 iliq.
356 2344 567 2382 Reverendae
590 2347 741 2384 Camerae
755 2345 876 2396 Aposto
891 2348 975 2388 ica,
998 2357 1062 2392 quo
1086 2348 1125 2381 in
1139 2345 1267 2383 talibus
1288 2348 1421 2384 utimur
1434 2349 1624 2398 ‚juffimus‚
1646 2347 1845 2394 &fecimus
1867 2347 2057 2397 appensione
2081 2346 2237 2383 muniri.
2259 2343 2347 2379 Dat.

201 2359 317 2433 {omae
327 2396 366 2430 in
379 2394 508 2430 aedibus
521 2394 641 2444 nostris
643 2396 714 2443 sub
727 2395 849 2431 vinno
863 2392 1088 2432 Nativitatis
1109 2395 1263 2431 ‘Domini
1284 2408 1325 2432 no
1339 2396 1386 2432 Iri
1401 2395 1488 2446 “Jesu
1505 2397 1632 2446 Christi
1656 2395 1859 2444 Willefimo
1871 2394 2127 2443 quingentefimo
2142 2390 2346 2439 nonagefimo

192 2443 344 2492 ¹secundo
355 2467 369 2487 ,
394 2442 580 2479 Indiffi‘one
594 2446 718 2490 quinta
731 2468 744 2487 ,
767 2442 835 2479 Die
853 2454 934 2479 vero
947 2442 1144 2478 duodecima
1159 2445 1277 2493 'mensis
1350 2446 1400 2480 aii
1418 2468 1429 2486 ‚
1451 2444 1678 2491 Pontificatus
1695 2444 1889 2494 Janfiitffimi
1912 2445 1952 2480 in
1968 2441 2099 2493 Christo
2127 2439 2249 2480 Patris
2264 2462 2279 2484 ,
2303 2437 2348 2486 Θ

204 2490 254 2528 D·
267 2487 323 2529 IV.
337 2491 387 2528 D.
400 2489 587 2529 'Clementis
602 2491 727 2528 divina
737 2491 963 2540 providentia
975 2490 1077 2538 Papae
1093 2491 1220 2526 Ofiiavi
1231 2492 1339 2527 Anno
1352 2492 1471 2528 Primo
1481 2516 1493 2527 .

668 2588 719 2629 A.
746 2586 877 2643 Justus
909 2589 1209 2630 Locumtenens
1229 2616 1241 2628 .

987 2693 1135 2731 Marcus
1147 2693 1343 2732 :Antonius
1355 2695 1491 2732 Brutus
1504 2697 1621 2734 Curiae
1637 2697 1829 2748 Causarum
1844 2698 1942 2737 Cam.
1956 2694 2076 2747 Apost.
2090 2692 2293 2735 Notarius.

297 2801 415 2850 Hujus
428 2802 588 2840 Mandat?
603 2803 696 2850 aequ&
708 2826 720 2845 ,
730 2815 769 2839 ac
782 2803 925 2838 alterius
936 2826 949 2845 ‚
963 2813 1095 2838 necnon
1113 2803 1352 2847 Decretorum,
1365 2804 1397 2839 in
1410 2817 1455 2840 eo
1467 2804 1696 2843 adductorum
1710 2805 1922 2855 exemplaria
1935 2802 2162 2850 Authentica‚
2174 2803 2211 2840 in
2224 2812 2342 2852 perga-

201 2860 298 2889 mena
309 2852 392 2888 &in
404 2853 532 2898 charta,
544 2853 580 2888 in
591 2850 700 2888 Arch.
713 2851 883 2888 Generali
895 2852 984 2889 Ord.
1003 2851 1036 2887 in
1051 2850 1132 2887 fasc.
1146 2852 1265 2897 collig.
1277 2862 1431 2900 num.47.
1444 2864 1504 2900 45.
1521 2865 1577 2900 5¹·
1594 2854 1664 2891 &c-

2084 2969 2321 2985 ——

434 3080 464 3127 S
503 3080 527 3126 1
562 3080 614 3130 X
652 3079 698 3128 T
737 3082 781 3128 V
820 3081 850 3128 S
924 3080 990 3127 V,
1278 3034 1285 3040 ·
1330 3062 1541 3114 Ecclefiis
1576 3063 1768 3116 Ordinis
1797 3062 1959 3114 Nostri
1989 3062 2084 3114 &m
2117 3076 2213 3110 tam
2255 3075 2340 3127 pro

1325 3134 1592 3194 Fratribus,
1631 3136 1943 3194 Monizffibus,
1986 3135 2123 3200 quitm
2170 3130 2340 3178 caeteris

196 3196 378 3239 Italusex
391 3198 563 3252 Oppido,
591 3210 693 3240 nunc
707 3200 879 3240 Ciuitate
912 3198 1059 3238 Montis
1090 3194 1239 3239 Altiin
1331 3203 1560 3273 utriusque
1582 3204 1724 3256 Sexfis
1756 3205 1925 3256 Christi
1945 3201 2214 3256 Fideljbusj,
2247 3200 2341 3265 ple..

254 3257 648 3357 utxrazzn
1327 3277 1504 3397 ἕξω
1539 3275 1886 3347 managam
1930 3271 2143 3324 anem
2170 3285 2340 3338 pern

254 3372 629 3423 Cardinalis,Romae
648 3388 731 3416 ΧΧι
742 3387 781 3415 ν.
800 3373 930 3429 April.
946 3387 993 3414 M.
1014 3388 1057 3414 D.
1074 3388 1093 3414 ι
1107 3385 1232 3414 xxxv.

253 3430 428 3470 Summus
446 3430 621 3491 Pontifi’x
634 3440 787 3473 creatus
804 3461 814 3471 .
847 3430 953 3474 Obiit
979 3444 1133 3474 xxvu.
1154 3433 1238 3471 Aa·

246 3485 887 3550 gastim-oxmpostquamfidzffit
902 3493 1032 3532 Annos
1048 3504 1090 3533 v.
1121 3491 1238 3531 Men·-
1361 3474 1394 3526 S
1431 3483 1456 3529 I
1494 3482 1545 3532 X
1582 3480 1629 3531 T
1666 3481 1713 3528 V
1750 3480 1781 3527 S
1851 3479 1890 3527 P
1926 3478 1972 3525 A
2009 3475 2046 3524 P
2081 3476 2126 3524 A
2197 3473 2264 3522 V.

240 3545 309 3604 β’
323 3558 382 3588 ¹V'
397 3547 491 3589 Dm
505 3563 564 3592 w·
1296 3595 1407 3713 [J
1425 3593 1951 3641 NiverfisChristifidelibus
1966 3593 2175 3652 praesentes
2192 3579 2338 3634 liberas

194 3680 287 3728 Pro
305 3674 825 3740 festisss-Francisc1‚
860 3683 1054 3733 Aaron
1084 3679 1138 3731 de
1155 3683 1238 3731 Pa·
1292 3649 2333 3770 „ed,a³2:¹55&{manasffiaez‘sssffiffitsa132:

227 3748 318 3798 dua
335 3785 352 3807 ,
367 3754 722 3811 Bonaventurae,
742 3754 971 3803 Ludovici
993 3750 1231 3821 Episcopi,
1289 3773 1389 3826 gulae
1403 3775 1511 3816 Beati
1532 3773 1729 3817 Francisci
1745 3803 1759 3826 ,
1783 3784 1864 3816 tam
1880 3773 1934 3816 ob
1962 3772 2069 3815 illius
2096 3774 2136 3812 &
2163 3770 2330 3812 Sancto-

228 3817 277 3871 &
291 3817 591 3881 ConfefforiS,
606 3824 870 3873 Bel-nardini
884 3859 900 3882 ,
918 3823 966 3876 ὃς
981 3827 1131 3876 Clarae
1151 3860 1168 3882 ,
1183 3824 1230 3872 in
1287 3845 1380 3874 rum
1394 3835 1560 3878 Antonii
1577 3835 1629 3877 de
1659 3833 1791 3880 Padua
1806 3860 1820 3887 2
1847 3832 2053 3878 Ludovici
2082 3828 2267 3931 Epigopi
2291 3830 2335 3870 δι

2203 3901 2276 3932 ΟΠ·
