2658 4244
343 193 433 256 18

314 322 689 377 PAULUS
744 323 1301 381 EPISCOPUS

413 435 556 474 Servus
576 433 783 475 Servorum
803 434 884 473 Dei
900 432 956 474 ad
968 440 1205 489 perpetuam

633 504 694 534 ret
723 494 972 534 memoriam.

282 586 323 636 ᾧ.
341 589 372 628 Ι.
517 584 787 640 Xponinobis
805 595 935 638 nuper
968 580 1156 625 fecerunt
1183 583 1334 626 Dileffl

532 644 621 687 Filii
641 643 829 685 Vicarius
852 640 1071 684 modernus
1086 671 1099 694 ,
1114 644 1154 684 &
1169 646 1333 686 Fratres

282 701 451 745 Ordims
480 703 696 746 Minorum
730 701 1038 758 Capucinorum
1077 713 1333 756 nuncupato-

282 776 374 803 rum
400 791 414 813 ,
433 761 544 818 quod
563 789 579 813 4
612 761 817 818 postquam
841 759 912 802 fel.
928 760 1093 802 record.
1125 762 1340 804 Clementi

282 823 400 876 Papae
412 821 598 877 Septimo
616 817 894 864 Praedeceffori
915 817 1050 858 nostro
1070 833 1146 876 pro
1161 831 1335 876 parte-2

282 880 573 924 nonnullorum
591 890 691 923 tunc
708 877 979 932 expressorum
996 879 1188 925 Fratrum
1207 878 1334 923 Ordi-

285 940 344 982 nis
361 940 570 982 Minorum
589 968 602 990 ‚
632 940 854 994 expolitum
875 934 1010 978 fuerat
1026 963 1040 985 ‚
1070 935 1111 977 se
1125 935 1333 982 desidera-

285 1012 334 1039 re
350 1013 424 1054 pro
439 998 664 1040 animarum
680 997 807 1040 salute
824 1024 838 1046 ,
858 1009 903 1036 ac
926 993 1004 1034 Dei
1024 994 1155 1047 gloria
1171 995 1332 1038 Eremi-

286 1057 415 1098 ticam
436 1056 562 1098 vitam
579 1055 763 1106 ducere,
793 1056 830 1095 δι
847 1052 1041 1107 quantum
1072 1052 1240 1096 humana
1264 1064 1333 1104 pa-

287 1115 473 1156 tiebatur
509 1111 709 1168 fragilitas
727 1142 740 1164 ‚
773 1109 977 1165 Regulam
1001 1106 1334 1152 BeatiFrancisci

287 1172 512 1214 observare
529 1198 543 1220 ‚
575 1171 758 1212 Dileftus
790 1169 912 1211 Filius
939 1166 1130 1221 Magister
1165 1167 1336 1210 Provin-

287 1230 400 1273 cialis
448 1230 676 1271 Provinciae
706 1227 896 1271 Marchiae
931 1226 1198 1271 Anconitanae
1231 1227 1338 1267 Ord.

288 1289 393 1331 Min.
431 1287 1122 1339 Conventualiumnuncupatorum
1138 1312 1152 1335 ‚
1180 1283 1229 1325 ad
1248 1286 1336 1326 Ro-

287 1362 443 1389 manam
462 1347 636 1388 Curiam
655 1345 908 1395 accedendi,
924 1344 963 1384 &
977 1341 1027 1384 ab
1044 1343 1127 1398 iplo
1143 1343 1335 1386 Clemen.

286 1415 332 1447 te
349 1401 644 1448 Pra‘deceffore
660 1434 674 1456 ,
695 1419 740 1448 ac
756 1403 863 1448 Sede
881 1401 1111 1455 Apostolica
1128 1430 1142 1453 ³
1154 1415 1337 1458 quaecun-

287 1478 369 1521 que
385 1464 432 1507 ad
450 1463 670 1507 animarum
686 1463 843 1509 suarum
864 1459 1047 1504 Salutem
1062 1474 1107 1502 ac
1136 1462 1215 1503 Dei
1246 1461 1335 1517 glo-

287 1523 391 1566 riam
420 1521 616 1578 petendi,
644 1524 684 1565 86
714 1519 991 1579 impetrandi,
1022 1519 1248 1562 Licentiam
1276 1521 1333 1562 eis

287 1579 571 1630 concesserat,
602 1596 647 1623 ac
682 1582 774 1623 bon.
800 1593 921 1623 mem.
944 1577 1128 1620 Andreas
1153 1578 1333 1621 tit.San-

285 1642 356 1681 6}ae
373 1639 510 1682 Priscae
528 1639 634 1679 dum
666 1640 827 1681 viveret
844 1666 858 1687 ,
890 1636 1112 1689 Presbyter
1129 1635 1333 1677 Cardina-

288 1698 366 1748 lis,
393 1699 430 1738 &
446 1696 540 1738 dieti
555 1696 721 1739 Ordinis
742 1695 956 1740 ProteStor
971 1722 985 1745 ,
1008 1703 1104 1735 tunc
1131 1693 1169 1735 in
1196 1695 1336 1737 huma-

287 1757 354 1799 nis
370 1769 489 1811 agens
506 1783 519 1806 ,
534 1755 591 1796 eis
606 1783 619 1806 ,
634 1765 677 1797 ut
693 1755 863 1799 similem
882 1753 1213 1808 impetrationem
1228 1751 1337 1797 face-

292 1825 416 1856 rent:
443 1814 497 1856 ita
514 1825 648 1856 tamen
670 1843 684 1866 ,
718 1813 825 1870 quod
844 1827 964 1854 unum
987 1824 1037 1852 ex
1067 1824 1209 1853 eorum
1234 1825 1335 1854 con-

295 1873 425 1916 sortio
447 1899 461 1919 ,
498 1873 675 1913 omnium
707 1873 881 1929 ipsorum
906 1869 1099 1921 nomine,
1144 1870 1336 1926 Magistro

290 1930 541 1976 Provinciali
557 1958 571 1981 ‚
590 1929 655 1972 seu
674 1930 871 1987 Capitulo
888 1928 1111 1981 Provincia:
1134 1927 1333 1973 dierorum

291 1991 483 2043 Fratrum
500 1991 850 2035 Conventualium
866 2017 879 2040 ‚
907 1987 945 2028 in
973 2001 1050 2044 qua
1077 1987 1337 2041 habitarent,

289 2049 453 2103 singulis
477 2048 614 2098 annis,
645 2050 684 2091 in
713 2053 863 2104 signum
893 2044 1143 2100 subjectionis
1172 2049 1337 2103 praesen-

293 2119 381 2150 tare
397 2116 667 2149 tenerentur.
701 2112 756 2151 Et
775 2106 856 2163 ipse
875 2104 1065 2159 Magister
1095 2105 1158 2161 (fi
1182 2106 1250 2148 fibi
1280 2109 1339 2151 vi÷

290 2166 492 2219 deretur)
519 2163 643 2207 semel
670 2167 708 2209 in
725 2181 830 2212 anno
850 2194 863 2217 ‚
883 2165 922 2206 &
938 2178 1015 2205 non
1033 2163 1140 2208 ultra
1156 2165 1247 2207 illos
1279 2168 1337 2209 vi-

290 2226 411 2269 fitare
428 2253 442 2275 ,
463 2225 538 2265 &sl
555 2225 765 2270 invenerit
786 2240 856 2267 eos
876 2222 1078 2278 Regulam
1111 2224 1337 2277 praediffltm

287 2298 372 2325 non
404 2282 650 2336 observare,
684 2284 732 2327 ad
754 2299 844 2327 eam
860 2281 1014 2339 plenius
1041 2281 1337 2328 observandam

292 2341 387 2386 illos
402 2341 653 2394 admonere,
683 2358 730 2386 ac
750 2342 901 2387 debitis
930 2341 1058 2383 modis
1083 2342 1337 2397 compellere

292 2397 448 2458 poffet.
481 2403 635 2457 Prteter
671 2403 753 2444 haec
783 2410 948 2451 autem,
971 2413 1047 2441 nec
1075 2400 1166 2441 illos
1179 2401 1338 2446 deloco

294 2458 346 2502 ad
375 2458 511 2499 locum
544 2458 802 2511 transferre,
831 2474 907 2501 nec
938 2457 1092 2513 aliquid
1120 2457 1229 2500 aliud
1260 2461 1338 2504 illis

295 2516 539 2573 injungere,
565 2526 636 2560 aut
666 2520 717 2562 ab
749 2519 828 2561 illis
853 2517 1018 2572 exigere
1050 2514 1208 2558 valeret
1233 2546 1247 2569 ‚
1269 2520 1338 2563 sed

294 2575 541 2633 potiusillos
558 2578 691 2629 tueri,
722 2575 1002 2620 &defendere
1029 2584 1266 2630 teneretur,
1293 2587 1338 2622 ut

295 2636 340 2680 in
368 2647 464 2687 pace
496 2631 649 2688 poffent
676 2636 883 2679 Altiffimo
900 2630 1112 2691 famularij
1128 2646 1248 2689 prout
1265 2637 1337 2680 in.)

297 2690 452 2746 Literis
468 2693 702 2746 patentibus
718 2694 956 2737 eorumdem
988 2693 1218 2737 Cardinalis
1237 2696 1337 2738 Pro-

299 2750 464 2793 tenoris
478 2777 492 2800 ,
517 2751 557 2791 δε
571 2753 749 2808 Magistri
766 2752 1029 2796 Provincialis
1049 2752 1225 2809 desuper
1240 2769 1338 2798 con-

299 2806 414 2862 feetis
428 2838 442 2860 ,
474 2808 630 2864 plenius
647 2812 864 2855 dicebatur
881 2811 1109 2854 contineri.

359 2867 399 2930 ᾗ.
416 2871 473 2911 ΙΙ.
537 2870 643 2912 Cum
670 2883 806 2915 autem
825 2900 838 2923 ‚
866 2873 964 2915 ficut
982 2870 1128 2913 eadem
1152 2873 1348 2928 expositio

298 2925 593 2984 subjungebat,
624 2931 853 2974 Literarum
871 2929 1149 2984 praedietarum
1178 2933 1346 2988 vigore,

300 2987 485 3032 nonnulli
502 2986 657 3031 Clerici
676 2990 898 3033 Saecuiares
917 3018 932 3042 2
961 2991 998 3031 &
1016 2990 1242 3045 Regulares
1260 3021 1275 3044 ,
1300 3006 1345 3035 ac

297 3046 413 3093 Laici
431 3047 481 3088 ab
498 3046 584 3101 ipfis
600 3049 807 3093 Fratribus
822 3077 836 3101 ‚
851 3061 896 3093 ut
916 3048 1144 3104 praefertur,
1163 3053 1347 3098 nominae

296 3106 355 3149 tis
371 3133 384 3155 ‚
411 3105 476 3148 vel
494 3120 574 3148 uno
586 3121 633 3150 ex
651 3109 708 3152 eis
722 3138 736 3161 ,
762 3124 807 3151 ac
826 3110 875 3151 ab
891 3108 980 3151 aliis
999 3109 1051 3152 de
1067 3124 1206 3153 eorum
1218 3113 1347 3154 Com-

298 3163 480 3212 miffione
494 3167 652 3221 recepti
671 3167 1050 3224 Congregationem
1067 3170 1251 3212 Fratrum
1266 3173 1347 3213 Or-

298 3224 406 3270 dinis
423 3223 627 3268 Minorum
655 3228 963 3284 Capucinorum
991 3237 1348 3283 nuncupatorum,

299 3284 775 3342 ¹constituerint,ipsique
806 3289 970 3329 Fratres
999 3286 1161 3338 cupiant
1188 3288 1348 3330 Literas

299 3341 509 3398 ¹praediffitas
525 3342 655 3400 quoad
674 3344 930 3400 infrascripta
949 3343 1207 3396 confirmari,
1223 3348 1262 3387 &
1279 3361 1351 3389 ex-

308 3401 449 3463 tendi,
475 3405 514 3443 &
529 3413 745 3458 propterea
762 3405 891 3448 Nobis
910 3401 1118 3446 humiliter
1146 3402 1346 3460 supplica-

310 3470 344 3498 ri
371 3455 570 3513 fecerint,
598 3464 641 3504 ut
657 3462 1032 3517 hujusmodieorum
1061 3461 1166 3504 votis
1195 3477 1346 3506 annue-

310 3529 356 3561 re
376 3515 428 3556 de
445 3517 691 3575 benignitate
709 3522 937 3580 Apostolica
953 3522 1212 3577 dignaremur
1225 3549 1237 3561 .

369 3574 406 3622 ᾗ.
425 3577 501 3616 111.
564 3581 649 3621 Nos
678 3581 943 3625 attendentes
979 3583 1124 3624 ubeaes
1155 3580 1301 3622 fruetus
1331 3609 1346 3634 ‚

311 3646 411 3687 quos
421 3633 532 3675 Ordo
548 3634 624 3688 ipse
639 3640 840 3683 Minorum
855 3641 893 3682 in
911 3643 1020 3696 Agro
1035 3638 1251 3682 Militantis
1267 3636 1346 3681 Ec·-'

313 3692 437 3740 Clellae
458 3693 643 3735 hafflffnus
659 3699 862 3751 produxit,
876 3699 967 3740 &in
983 3699 1182 3756 posterum
1196 3697 1346 3754 produ-

313 3750 466 3813 §kurum
483 3780 496 3803 ,
520 3753 585 3808 spe
616 3752 726 3807 firma
754 3757 951 3813 speramus
968 3787 981 3812 ,
1007 3755 1232 3813 acdignum
1247 3771 1343 3812 cen:

1020 170 1182 266 Sub
1250 169 1500 262 Paulo
1561 173 1690 261 III.
1757 150 1774 174 ’

1402 293 1535 335 sentes
1552 318 1566 342 ‚
1593 300 1635 334 ut
1665 288 1774 331 circa
1788 289 1866 342 ea3
1893 302 1976 347 quae
1991 288 2108 346 ipsius
2124 283 2288 336 'Ordinis
2303 287 2434 333 incre-'

1398 360 1582 396 mentum
1601 358 1855 397 concernunt
1871 377 1885 400 ,
1901 351 2093 406 benignos
2108 349 2259 394 favores
2274 350 2431 405 impen-

1397 413 1541 455 damus
1557 435 1572 459 ,
1602 405 1828 462 hujusmodi
1845 407 2204 464 supplicationibus
2221 407 2432 460 inclinati,

1396 471 1558 513 Literas
1581 466 1811 509 Clementis
1834 466 2137 513 Praedecefforis
2163 463 2389 521 hujusmodi
2415 495 2431 519 ,

1383 526 1566 585 'quarum
1591 537 1758 568 tenores
1782 526 2041 582 praesentibus
2065 525 2206 570 haberi
2247 523 2432 568 volumus

1398 601 1473 645 pro
1485 583 1674 640 expreffis
1691 612 1705 636 ,
1731 587 1974 630 auetoritate
1988 585 2221 642 Apostolica
2235 609 2249 633 ‚
2277 595 2327 624 ex
2343 594 2433 624 cer-

1397 658 1437 690 ta
1450 644 1592 687 Nostra
1606 643 1804 696 Scientia‚
1821 659 1894 700 per
1913 642 2434 700 praesentesapprobantes,

1394 701 1759 754 &confirn1antes,
1783 703 1874 746 illas
1896 703 2050 748 dileeto
2068 703 2175 748 Filio
2206 701 2436 752 modernos,

1399 767 1437 807 &
1453 775 1526 817 pro
1541 772 1725 816 tempore
1740 762 1924 806 existenti
1937 763 2102 807 Vicario
2111 759 2307 807 Generali
2321 763 2436 803 Con-

1400 820 1646 876 gregationis
1660 822 1964 875 Capucinorum
1978 821 2203 881 hujusmodi
2217 827 2231 869 3
2253 833 2300 862 ac
2315 818 2437 875 ipsius

1396 878 1736 932 Congregationis
1765 881 1972 924 Fratribus
1998 910 2014 932 ,
2044 879 2213 936 perinde
2237 891 2282 919 ac
2306 879 2331 918 fi
2361 876 2436 918 111ae

1394 936 1546 978 eisdem
1575 938 1902 992 Congregationi
1929 967 1945 990 2
1970 942 2010 981 ὃς
2040 939 2248 981 Fratribus
2273 935 2434 979 direttae

1395 991 1715 1049 fuitsem,.q,uoad
1731 997 1864 1039 onmia
1879 1025 1893 1047 ‚
1907 998 1946 1038 δε
1960 996 2128 1050 fingula,
2142 999 2180 1040 in
2203 995 2291 1050 ipsis
2307 993 2438 1036 literis

1396 1060 1593 1097 contenta
1608 1079 1623 1103 ,
1643 1050 1844 1108 suffragari
1858 1054 2018 1098 ,debere
2040 1054 2296 1098 decernimus
2310 1081 2322 1092 .

1460 1109 1499 1157 ξ.
1513 1110 1586 1150 lV.
1649 1112 1704 1152 Et
1720 1111 1979 1155 nihilominus
1992 1112 2293 1163 auffiloritate2&
2308 1107 2437 1151 scien-

1397 1168 1453 1211 tia
1468 1166 1658 1227 similibus
1677 1196 1690 1219 ,
1717 1181 1789 1224 per
1802 1168 1962 1213 easdem
1978 1170 2185 1225 pra-‚sentes
2200 1169 2404 1210 statuimus
2422 1194 2438 1217 ,

1396 1229 1436 1268 &
1451 1225 1683 1270 ordinamus
1699 1254 1713 1277 ‚
1736 1227 1844 1282 quod
1879 1227 2077 1282 deinceps
2096 1227 2279 1270 Vicarius
2294 1229 2437 1267 Gene-

1400 1285 1496 1327 ralis
1530 1282 1705 1339 ipsorum
1728 1287 1914 1329 Fratrum
1950 1287 2257 1342 Capucinorum
2299 1284 2440 1326 circa,

1398 1343 1520 1387 finem
1535 1344 1729 1394 triennii,
1757 1358 1805 1386 ex
1821 1358 1902 1401 quo
1920 1345 1970 1388 ad
2000 1343 2189 1392 Officium
2206 1340 2438 1390 Vicariatfis

1400 1400 1625 1460 hujusmodi
1639 1402 1789 1444 eleetus
1806 1403 1928 1446 fuerit
1943 1432 1958 1456 ,
1991 1402 2056 1446 vel
2075 1403 2200 1445 etiam
2215 1402 2325 1458 prius
2342 1428 2356 1451 ,
2368 1409 2440 1444 aut

1396 1459 1591 1520 posterius
1607 1489 1620 1512 ‚
1642 1459 1752 1517 juxta
1775 1456 1945 1518 praefatae
1962 1461 2127 1517 Regulae
2154 1472 2340 1504 tenorem
2355 1488 2369 1509 ,
2393 1473 2439 1503 ac

1396 1521 1568 1578 ipsorum
1593 1522 1777 1563 Fratrum
1808 1519 2033 1563 laudabiles
2067 1519 2389 1563 constitutiones
2421 1545 2436 1569 ‚

1395 1580 1583 1622 vicarios
1599 1607 1613 1630 ,
1631 1577 1839 1626 Discretos
1855 1607 1868 1630 ,
1881 1581 1918 1621 8(
1932 1578 2130 1622 Custodes
2141 1607 2155 1630 ‚
2172 1591 2312 1620 vocem
2327 1580 2440 1619 Con-

1399 1637 1649 1694 gregationis
1668 1638 1864 1679 habentes
1877 1665 1891 1688 ³
1904 1636 2181 1692 quarumlibet
2198 1635 2436 1678 Provincia-

1398 1711 1484 1740 rum
1503 1724 1516 1747 ‚
1536 1697 1573 1736 &
1595 1694 1882 1737 Custodiarum
1898 1696 1966 1737 fibi
1981 1694 2259 1752 Subje&arum
2276 1720 2291 1745 ,
2317 1693 2358 1733 in
2379 1692 2441 1734 lo·

1397 1768 1584 1811 cum,per
1602 1752 1725 1808 ipsum
1742 1752 1950 1794 Vicarium
1967 1753 2216 1796 Generalem
2230 1752 2437 1806 deputan-

1395 1815 1490 1857 dum
1505 1842 1520 1865 ‚
1544 1811 1595 1855 ad
1607 1811 1844 1868 Capitulum
1860 1824 2090 1854 convocare
2105 1810 2217 1868 poffit
2233 1824 2245 1853 :
2262 1822 2437 1866 quorum

1396 1876 1422 1916 fi
1438 1873 1504 1930 qui
1520 1872 1704 1926 legitimo
1716 1868 2013 1928 impedimento
2024 1869 2188 1913 detenti
2202 1898 2215 1920 ‚
2229 1869 2294 1924 ipfi
2309 1867 2439 1923 Capi,

1398 1932 1486 1976 tulo
1501 1928 1689 1973 interesse
1705 1943 1784 1972 non
1802 1929 2037 1984 potuerint,
2068 1943 2139 1985 per
2155 1927 2338 1970 Nuncios
2359 1954 2373 1977 ‚
2390 1928 2440 1969 ab

1400 1994 1460 2034 eis
1491 1989 1710 2044 deputatos
1723 2015 1739 2038 ‚
1765 1988 1830 2030 vel
1859 1986 2052 2042 suppletis
2080 1986 2183 2029 votis
2207 2014 2221 2037 ‚
2253 1997 2395 2028 eorum
2423 2013 2438 2040 ,

1399 2050 1511 2109 juxta
1526 2047 1700 2103 ipsorum
1718 2045 2088 2099 Consuetudinem,
2110 2043 2317 2103 praesentia
2345 2041 2439 2100 sup-

1430 2109 1562 2151 leatur
1574 2138 1586 2149 .

1401 2124 1426 2166 p
1457 2168 1494 2218 ξ.
1511 2168 1561 2209 V.
1624 2163 1710 2224 Qti
1728 2163 1777 2206 fic
1796 2164 2064 2220 congregati,
2079 2162 2211 2205 omnia
2226 2190 2240 2213 ,
2255 2163 2293 2203 &
2308 2159 2442 2216 fingu-

1398 2226 1436 2270 la
1453 2255 1467 2278 ,
1489 2238 1572 2281 quae
1587 2223 1655 2266 alii
1673 2226 1834 2267 Fratres
1850 2222 1946 2265 disti
1961 2221 2124 2265 Ordinis
2139 2222 2179 2263 in
2194 2233 2336 2262 eorum
2352 2222 2442 2262 Ge·-

1399 2283 1527 2330 nerali
1543 2281 1738 2340 Capitulo
1762 2280 1915 2338 dejure
1936 2310 1950 2332 ,
1974 2280 2039 2325 vel
2058 2279 2348 2323 consuetudine
2363 2305 2379 2329 ι,
2401 2279 2442 2320 8c

1399 2359 1447 2387 ex
1464 2342 1687 2398 privilegiis
1702 2337 1861 2396 possunt
1878 2369 1892 2391 ‚
1915 2339 2117 2390 faciendi,
2139 2337 2385 2387 ordinandi,
2402 2338 2443 2386 8(

1398 2401 1665 2458 disponendi,
1696 2402 1734 2442 &
1760 2398 1959 2455 potiffime
1975 2397 2152 2453 eligendi
2185 2411 2304 2439 unum
2323 2395 2442 2438 Reli-

1402 2459 1552 2517 giosum
1568 2458 1743 2514 ejusdem
1760 2458 1928 2501 Ordinis
1944 2487 1958 2509 ,
1983 2460 2022 2499 δι
2038 2455 2385 2511 Congregationis
2403 2454 2443 2498 in
2497 2464 2499 2468 “

1400 2532 1540 2564 eorum
1572 2517 1734 2561 ssmilem
1752 2518 1959 2560 Vicarium
1988 2515 2238 2559 Generalem
2269 2512 2446 2554 faculta-

1399 2590 1484 2623 tem
1501 2577 1674 2620 habeant
1689 2605 1699 2616 .
1716 2578 1769 2618 Et
1785 2576 1898 2632 iplius
1913 2575 2066 2619 Vicarii
2085 2572 2365 2625 Electionemj,
2379 2569 2402 2612 fi
2421 2569 2444 2620 ὲ

1400 2636 1544 2692 majori
1560 2645 1679 2691 parte
1694 2635 1932 2690 eligentium
1949 2634 2188 2676 celebretur
2202 2660 2216 2682 ,
2236 2629 2446 2686 quampri-

1400 2708 1506 2739 mum
1523 2694 1736 2736 commode
1752 2692 1841 2735 fieri
1857 2693 2026 2748 poterit,
2037 2689 2236 2734 Generali
2253 2688 2446 2743 Magistro

1401 2754 1598 2797 diuorum
1616 2755 1801 2794 Fratrum
1820 2749 2166 2794 Conventualium
2194 2757 2448 2802 nuncupato-

1408 2827 1520 2864 rum,
1537 2811 1633 2853 ficut
1651 2811 1839 2853 haetenus
1854 2809 2053 2853 servatum
2071 2805 2145 2849 fuit
2159 2835 2171 2857 ‚
2185 2805 2316 2848 donec
2334 2804 2446 2848 aliud

1405 2871 1577 2924 desuper
1607 2868 1836 2912 ordinatum
1853 2870 1874 2911 a
1889 2867 1996 2912 Sede
2024 2865 2257 2921 Apostolica
2288 2862 2415 2907 fuerit
2430 2892 2446 2920 ‚

1407 2930 1650 2990 prael'entent
1666 2957 1679 2979 ‚
1698 2927 1762 2971 seu
1780 2926 2006 2984 praesentari
2023 2923 2172 2967 faciant
2190 2950 2203 2963 ·
2450 2979 2452 2981 ι

1465 2991 1502 3040 ξ.
1519 2991 1599 3033 VI.
1655 2987 1824 3044 Ipseque
1853 2984 2068 3031 Generalis
2086 2981 2278 3037 Magister
2307 2982 2447 3024 intra-³

1407 3049 1584 3098 triduum
1610 3047 1631 3089 ὲ
1648 3047 1951 3104 praesentatione
1977 3043 2049 3085 fibi
2065 3039 2164 3084 faeta
2181 3040 2355 3083 electum
2373 3039 2447 3081 Vi-

1406 3108 1558 3152 carium
1573 3106 1813 3150 confirmare
1828 3114 2018 3150 teneatur
2030 3131 2045 3154 2
2077 3098 2347 3143 concedendo
2378 3098 2416 3140 ei
2433 3125 2447 3154 ³

1407 3171 1446 3211 δι
1468 3165 1763 3211 committendo
1780 3164 1961 3221 plenarie
1978 3161 2088 3203 vices
2115 3158 2199 3201 suas
2216 3187 2230 3210 ,
2256 3157 2448 3223 tribuen-

1408 3228 1463 3272 do
1477 3225 1674 3270 videlicet
1691 3225 1862 3268 liberam
1879 3220 2116 3281 potestatem
2130 3248 2144 3270 ,
2174 3219 2212 3259 δε
2228 3219 2450 3258 auctorita-

1408 3298 1491 3330 tem
1506 3314 1520 3338 ‚
1551 3300 1597 3328 ac
1621 3283 1895 3328 omnimodam
1923 3279 2160 3326 facultatem
2191 3276 2298 3319 suam
2333 3275 2450 3330 snper

1407 3358 1549 3388 omnes
1565 3373 1579 3396 2
1609 3346 1646 3387 &
1682 3342 1853 3397 fingulos
1878 3344 2038 3385 Fratres
2070 3334 2248 3392 ejusdem
2280 3333 2446 3383 Ordinis

1407 3405 1638 3459 Capucinos
1657 3411 1906 3457 nuncupatos
1924 3427 1938 3450 2
1956 3393 2106 3442 etiamfi
2122 3394 2203 3436 alio
2216 3395 2359 3451 quovis
2379 3406 2451 3435 no-.

1407 3463 1516 3505 mine
1536 3468 1815 3518 nuncupentur
1830 3489 1844 3513 ,
1859 3461 1941 3502 tdm
1960 3457 2000 3498 in
2015 3453 2230 3511 Capitibus
2244 3482 2258 3504 ‚
2271 3452 2390 3510 quam
2407 3451 2447 3492 in

1409 3521 1600 3565 membris
1619 3550 1633 3573 ,
1651 3519 1812 3577 publice
1827 3548 1842 3571 ,
1863 3519 1900 3560 δε
1916 3513 2105 3572 privatim
2124 3512 2324 3564 vifitandi‚
2338 3515 2452 3554 Con-

1406 3580 1674 3638 gregationes
1692 3579 1731 3622 in
1750 3574 1972 3622 Provinciis
1987 3603 2001 3626 ,
2031 3588 2077 3616 ac
2093 3571 2297 3615 Custodiis
2320 3568 2452 3613 omni-

1406 3640 1478 3683 bus
1501 3667 1514 3690 ,
1541 3639 1599 3681 eis
1616 3636 1796 3694 subjectis
1815 3665 1829 3689 ‚
1861 3632 1940 3676 five
1960 3647 2032 3687 pro
2050 3632 2250 3674 elestione
2266 3626 2454 3674 Vicario-

1409 3712 1497 3741 rum
1511 3725 1526 3748 ,
1546 3695 1822 3750 Discretcrum
1837 3723 1851 3746 ‚
1871 3691 2094 3735 Custodum
2112 3719 2126 3742 ,
2139 3693 2177 3732 &
2192 3687 2449 3734 Guardiano-

1405 3771 1493 3813 rum
1511 3784 1524 3816 ἓ
1551 3753 1629 3799 sive
1654 3768 1729 3812 pro
1752 3754 1840 3799 aliis
1859 3750 2023 3805 ,utIlibus
2053 3749 2225 3807 negotiis
2243 3743 2418 3844 faciiendi
2435 3771 2448 3797 ,

1659 3818 1662 3823 .
2325 3846 2329 3853 .
2338 3816 2387 3852 eu
