2658 4244
898 216 1056 307 sub
1121 214 1544 302 Innocentio
1605 215 1744 301 XI.

252 347 377 390 vitam
394 344 651 387 Eremiticam
669 335 864 386 ducendi,
889 334 953 378 vel
982 333 1062 374 fine
1089 332 1251 373 licentia
1269 358 1283 380 ,

247 407 317 449 vel
343 421 433 448 cum
460 403 613 446 licentia
633 400 749 449 falia,
774 407 841 439 aut
865 393 1079 448 illegitima
1109 391 1283 432 induun-

221 467 232 485 ⁸
250 475 316 507 tur
333 464 445 507 dietae
463 461 685 515 Religionis
702 457 850 501 Habitu
865 485 880 506 ,
906 454 945 494 &
965 450 1130 507 quidem
1146 450 1283 505 potio-

247 539 293 567 re
309 539 356 566 ex
376 532 492 579 parte
512 533 600 562 cum
622 516 803 573 Capucio
817 544 832 567 ‚
855 525 934 570 quo
961 510 1094 565 postea
1110 523 1183 566 per
1202 511 1282 551 Ur-

246 585 316 625 bes
334 612 347 634 ,
374 585 414 624 δι
437 582 579 622 Terras
611 585 802 632 vagantur
816 605 831 625 ‚
857 576 893 615 &
909 572 949 613 in
964 569 1168 624 Cauponis
1184 581 1280 609 con-

249 641 455 685 versantes
475 667 490 690 ,
513 637 698 693 pecunias
711 633 953 688 colligentes
966 660 982 680 ‚
1009 626 1187 684 aliosque
1211 640 1281 668 ex-

247 697 369 744 celsus
410 695 710 740 committentes
732 722 747 742 ,
781 687 955 735 Habitus
988 687 1254 743 vilipendium
1270 713 1284 736 ,

245 756 477 801 &scandala
498 753 688 796 continua
713 752 820 793 in-et
845 759 960 792 extra
984 746 1283 803 Religionem.)

242 813 423 860 causant.
459 812 573 854 Malo
590 822 671 853 tam
688 809 800 863 gravi
821 818 865 852 ut
887 808 1126 852 obviaretur
1141 834 1155 856 ,
1185 808 1284 847 San-

241 873 399 919 stiffimo
417 869 522 915 Zelo
538 873 650 925 Papae
666 869 859 924 Gregorii
875 871 948 911 lx.
965 867 1079 909 Pauli
1099 867 1151 908 11.
1166 865 1206 904 &
1220 863 1284 904 ul-

240 933 341 978 timo
359 930 514 972 Urbani
535 930 653 972 vm.
673 931 766 971 San.
781 943 903 971 mem.
921 923 994 968 fuit
1016 923 1284 968 remedium-2

239 991 437 1052 politum,
467 988 651 1031 tollendo
667 986 837 1029 cuilibet
863 987 931 1028 alii
957 1015 973 1036 ,
1006 995 1150 1041 praeter
1167 980 1283 1024 Reli-

237 1053 399 1108 gionem
427 1047 581 1104 ipsam,
607 1045 850 1088 facultatem
881 1043 1029 1087 talibus
1056 1040 1280 1090 Eremitis‚

240 1110 439 1154 Habitum
475 1103 779 1149 Franciscanum
807 1101 1043 1147 conferendi
1070 1131 1085 1153 ,
1123 1102 1162 1141 &
1191 1100 1278 1152 ipsis

236 1167 433 1212 Eremitis
456 1194 470 1216 ,
503 1174 570 1206 aut
601 1165 801 1219 pra-tensis
828 1163 1071 1212 Tertiariis‚
1094 1159 1161 1201 sub
1189 1171 1279 1213 gra-

240 1229 351 1270 vium
365 1223 624 1268 censurarum
638 1251 651 1273 ,
668 1224 707 1263 &
721 1223 896 1266 carceris
912 1222 1040 1277 poenis
1056 1218 1278 1275 prohiben-

237 1287 294 1328 do
307 1313 322 1335 ‚
348 1298 400 1325 ne
415 1281 492 1325 fine
509 1281 671 1324 licentia
689 1283 949 1338 superiorum
964 1280 1075 1321 dieta·
1096 1274 1276 1329 Religio-

237 1345 298 1386 nis
316 1341 507 1384 Habitum
535 1339 757 1395 hujusmodi
782 1350 944 1395 portare
965 1338 1247 1392 praesumerent
1263 1362 1274 1373 .

230 1404 322 1458 Jam
339 1399 461 1448 vero,
483 1398 544 1440 vel
564 1425 576 1446 ,
601 1396 707 1452 quod
739 1399 842 1440 tales
872 1395 1090 1440 Pontificiae
1114 1391 1276 1436 Consti-

235 1458 413 1501 tationes
427 1454 723 1511 negligantur,
756 1456 818 1498 vel
835 1456 992 1505 penitus
1009 1456 1249 1508 ignorentur
1260 1476 1293 1498 ι,4

233 1516 331 1565 vel,
357 1515 463 1570 quod
479 1516 523 1554 iis
538 1514 776 1568 derogatum
795 1511 874 1556 effe
892 1542 905 1565 ,
934 1511 1033 1554 salso
1050 1508 1274 1565 praeteuda-

232 1586 332 1622 tura
357 1586 435 1614 1¹0⁰
464 1569 610 1627 absque
637 1572 865 1626 graviffimo
890 1571 1029 1614 Saeculi
1058 1567 1276 1617 scandalo,

234 1635 276 1675 δε
291 1630 515 1687 Religionis
530 1630 764 1686 praejudicio
788 1646 861 1686 per
889 1631 1015 1672 varias
1032 1627 1172 1668 mundi
1188 1639 1276 1679 par·-

223 1694 297 1735 'tes
325 1689 408 1730 tale
437 1703 559 1743 genus
589 1690 794 1729 hominum
823 1717 838 1739 ,
872 1687 941 1730 seu
971 1685 1276 1727 Eremitarum..

234 1745 500 1801 multiplicari
532 1744 777 1800 corspicitur
802 1773 814 1796 ‚
850 1746 958 1800 qui,
993 1755 1036 1786 ut
1069 1741 1276 1799 majore-a

236 1804 495 1850 mendicandi
514 1817 661 1858 panem
675 1804 866 1845 libertate
879 1803 1091 1858 potiantur
1111 1829 1126 1852 ,
1154 1799 1277 1841 etiam

232 1864 306 1908 sub
324 1862 518 1906 ementito
543 1861 693 1914 titulo,
716 1861 823 1917 quod
851 1864 924 1903 fint
956 1861 1146 1915 Religiosi
1177 1861 1278 1900 Pro-

229 1923 314 1965 feffi
332 1951 346 1973 ‚
374 1923 411 1963 in
439 1920 582 1962 effraeni
610 1919 673 1962 sua
706 1921 867 1963 vivendi
888 1919 1012 1961 forma
1040 1917 1277 1972 persistunt,

234 1984 273 2023 &
295 2009 310 2031 ‚
337 1975 442 2033 quafi
459 1976 480 2018 ἃ
496 1980 602 2019 Foro
618 1977 801 2018 Saeculari
822 2005 835 2028 ‚
859 1979 897 2019 &
929 1976 1120 2032 Regulari
1149 1973 1276 2015 essent

233 2035 446 2089 exempti,
474 2034 717 2091 gravissimos
761 2036 1023 2078 committunt
1069 2033 1276 2083 defe6tus3

233 2111 322 2154 quae
347 2094 480 2136 omnia
514 2095 550 2134 in
579 2093 831 2137 manifestum
861 2095 1091 2149 Religionis
1123 2092 1277 2136 cedunt

234 2162 542 2208 contemptum.
569 2152 759 2196 Nascitur
773 2154 843 2196 hic‘
856 2151 1034 2197 excelsus
1059 2183 1074 2203 ,
1103 2151 1278 2208 partim,

232 2212 342 2270 quod
363 2211 534 2269 praesatae
549 2212 868 2257 constitutiones
890 2212 1132 2268 “Apostolicae
1163 2211 1277 2265 igno-

233 2282 412 2322 rentur,
442 2270 508 2320 vel¹
535 2271 820 2326 negligantur,
847 2285 944 2313 cum
977 2272 1076 2313 varii
1110 2273 1276 2313 Fratres

234 2330 382 2376 subditi
408 2329 690 2372 &Guardiani
720 2330 997 2373 indifferenter
1010 2331 1062 2372 ob
1076 2329 1164 2372 suos
1178 2326 1277 2369 fines

234 2389 498 2434 Saecularibus
517 2416 532 2438 ‚
544 2385 692 2439 insciis,
705 2388 799 2445 quid
815 2389 956 2432 dicere
973 2389 1072 2432 velit
1089 2388 1277 2441 Religio,

234 2448 434 2491 Habitum
450 2447 731 2490 Tertiarorum
749 2447 979 2501 conferant;
996 2449 1157 2502 partim,
1168 2445 1276 2500 quod

237 2506 355 2547 multi
383 2505 614 2554 ordinarii,
635 2520 680 2546 ac
699 2509 822 2548 etiam
840 2520 980 2547 eorum
996 2502 1210 2547 Secretarii
1230 2500 1277 2541 si-

235 2577 288 2605 ne
313 2561 396 2604 ulla
424 2561 620 2602 facultate
637 2588 650 2610 ‚
675 2564 716 2601 δε
736 2565 890 2616 pariter
905 2564 959 2603 ob
974 2567 1060 2606 suos
1077 2560 1276 2616 respectus

234 2619 464 2675 dispensent
489 2617 657 2660 diverfis
681 2620 871 2663 Patentes
891 2622 1160 2662 Eremitarum
1185 2633 1276 2660 cum

236 2678 421 2728 Habitu3
446 2678 620 2732 partim,
647 2677 754 2732 quod
786 2679 852 2720 alii
880 2693 931 2720 ex
957 2680 994 2723 se
1023 2679 1094 2720 tali
1122 2676 1199 2720 sese
1216 2677 1275 2718 in-

232 2738 363 2780 duant
392 2736 471 2776 fine
497 2735 662 2777 licentia
689 2765 702 2786 ,
733 2747 777 2778 ut
804 2737 968 2780 liberius
1002 2736 1175 2793 vagandi
1202 2737 1275 2778 ha-

238 2797 359 2838 beant
375 2802 610 2848 praetextum
630 2822 641 2832 .

293 2851 360 2893 Ad
375 2851 566 2892 evitanda
582 2850 675 2893 talia
693 2851 1017 2897 inconvenientia
1035 2853 1056 2896 a
1072 2856 1149 2896 ΡΡ.
1166 2857 1276 2897 Gre-

235 2911 353 2965 gorio
369 2911 442 2951 lx.
465 2923 537 2964 per
552 2909 725 2951 Constit.
744 2913 862 2967 incip.
874 2916 984 2972 Qia
1006 2912 1173 2968 confusio
1191 2915 1271 2961 &c-

230 2971 272 3010 &
299 2967 320 3010 aA
352 2967 480 3009 Paulo
496 2970 548 3009 11.
570 2981 643 3022 per
659 2970 878 3012 Constitut.
905 2975 1024 3026 incip.
1042 2973 1273 3025 Regularem

229 3030 358 3092 vitant
382 3029 468 3091 ζφσ.
502 3027 570 3069 sub
596 3040 717 3081 poena
742 3030 1169 3071 excommunicationis
1195 3029 1273 3072 fuit

229 3083 508 3142 prohibitum,
534 3098 584 3125 ne
608 3083 714 3125 ullus
743 3089 928 3130 Eremita
955 3098 1024 3130 aut
1044 3089 1270 3130 Tertiarius

230 3143 512 3186 franciscanus
543 3142 736 3185 Habitum
770 3144 935 3189 similem
959 3147 1122 3188 Habitui
1147 3149 1270 3190 Fran-

228 3201 388 3243 ciscano
403 3211 567 3255 portare
582 3201 844 3257 praesumeret
861 3233 876 3256 2
902 3205 1061 3260 &quod
1093 3205 1192 3247 tales
1218 3207 1270 3248 ab

228 3259 450 3326 Ordinariis
471 3259 657 3303 locorum
678 3260 727 3302 ad
743 3263 859 3307 illum
883 3262 1171 3318 deponendum
1202 3263 1271 3308 sub

227 3318 415 3385 gravibus
437 3317 613 3361 censuris
628 3317 839 3374 conpelli,
857 3336 903 3366 ac
932 3323 1270 3366 excommunicati

227 3376 373 3418 diebus
389 3376 616 3422 festisinter
632 3375 831 3424 Miffarum
853 3379 1042 3424 solemnia
1057 3379 1272 3425 denuntia-

229 3435 266 3476 ri
290 3433 518 3480 deberent:
550 3437 601 3479 ab
631 3438 796 3483 Urbano
825 3442 942 3483 vm.
974 3450 1108 3481 autem
1138 3439 1179 3480 in
1206 3441 1270 3484 sua
1323 3439 1325 3441 ’

227 3493 398 3559 ςοηίὶιῐ.
414 3495 532 3550 incip.
550 3500 646 3540 Cum
658 3526 671 3546 ‚
682 3497 790 3554 ficut
806 3498 983 3542 nileffus
998 3498 1087 3549 &a
1105 3496 1180 3540 suit
1200 3498 1268 3542 ad-

226 3552 408 3606 ,anetum
423 3582 437 3604 ,
460 3555 565 3608 quod
584 3555 716 3599 nullus
729 3589 743 3610 ,
774 3561 1003 3614 quicunque
1020 3557 1064 3599 fit
1078 3587 1091 3607 ,
1123 3559 1269 3601 Frater

222 3625 308 3653 non
339 3610 534 3654 Professus
549 3614 714 3658 Ordinis
733 3647 746 3671 ‚
776 3619 973 3661 Tunicam
993 3617 1055 3660 vel
1071 3617 1268 3660 Habitum

223 3683 319 3711 cum
332 3692 352 3701 -
369 3671 450 3737 vel⁵
467 3670 692 3738 fine-Pallio
702 3703 715 3725 ‚
746 3691 838 3719 cum
850 3707 869 3714 -
886 3675 950 3717 vel
970 3675 1048 3718 fine
1060 3677 1239 3730 Capucio
1252 3705 1267 3729 ,

225 3728 373 3795 abstine
404 3731 585 3772 Licentia
612 3734 871 3787 Superiorum
902 3735 1068 3777 Ordinis
1106 3735 1143 3774 in
1171 3735 1268 3778 scri-

224 3798 302 3843 ptis
324 3798 491 3845 portare
512 3788 626 3846 poffit
642 3817 656 3841 2
685 3792 724 3833 &
749 3792 1034 3854 delinquentes
1050 3792 1072 3835 εἲ
1098 3795 1265 3838 Nuntiis

1341 331 1582 388 Apostolicis
1598 358 1611 379 ,
1642 329 1703 371 vel
1717 332 1916 371 Locorum
1930 331 2145 375 ordinariis
2162 346 2381 375 carcereu-

1342 404 1432 441 tur,
1461 391 1498 430 &
1525 389 1575 430 ad
1593 389 1787 430 Habitum
1813 387 2089 441 deponendum
2112 392 2231 433 variis
2247 394 2378 446 poenis

1339 449 1665 501 constringantur
1681 475 1692 486 .
1725 446 1812 486 Iino
1828 446 1932 487 circa
1953 452 2174 502 Capucium
2189 450 2381 506 exprem-

1341 509 1435 552 {ime
1452 507 1668 549 ordinatur
1683 533 1696 556 ‚
1727 502 1834 559 quod
1854 503 1953 546 illud
1969 520 2041 547 nec
2058 509 2079 549 ἃ
2095 510 2380 564 superioribus

1341 567 1525 616 Ordinis,
1542 580 1615 607 nec
1631 565 1683 607 ab
1698 562 1921 605 Ordinariis
1936 593 1950 613 ‚
1966 577 2040 605 nec
2057 566 2078 607 ἃ
2094 570 2253 609 Nuntiis
2267 571 2381 623 Apo-

1341 627 1490 671 stolicis
1519 623 1634 681 poflit
1661 620 1833 666 concedi
1858 650 1874 670 ‚
1906 623 1944 663 ὃς
1971 622 2253 680 delinquentes
2268 657 2283 677 ,
2317 626 2383 668 seu

1342 687 1428 730 tale
1443 695 1651 741 portantes
1669 680 1975 725 irremifibiliter
1989 683 2038 724 ab
2054 684 2139 737 iplis
2155 685 2382 726 Ordinariis

1343 746 1410 788 vel
1439 743 1602 788 Nuntiis
1626 750 1923 790 carcerentur,
1951 741 2105 784 Habitu
2129 744 2382 798 spolientur,

1342 808 1381 848 &
1401 805 1486 847 aliis
1503 803 1633 859 poenis
1653 800 1920 842 muletentur.
2372 837 2374 839 ,

1402 863 1663 920 Supplicatur
1678 861 1791 915 proin
1807 857 2014 901 Sanftitati
2031 859 2182 902 Vestrae
2195 889 2209 912 ‚
2241 868 2385 916 quate-

1341 939 1416 968 nus
1433 938 1506 980 pro
1521 921 1589 964 suo
1603 923 1746 965 sancto
1760 948 1773 970 ‚
1805 920 1843 959 δι
1859 917 2095 973 Apostolico
2114 919 2223 961 Zelo
2239 918 2386 972 praedi-

1342 988 1423 1027 etas
1448 981 1771 1025 Constitutiones
1797 976 1992 1031 Gregorii
2022 978 2103 1017 IX.
2133 977 2251 1019 Pauli
2272 978 2325 1017 11.
2346 975 2388 1014 &

1340 1043 1498 1088 Urbani
1513 1043 1633 1084 V111.
1651 1050 1850 1081 renovare
1867 1037 2059 1090 dignetur
2075 1063 2088 1086 ,
2113 1035 2297 1093 adjuncta
2313 1047 2387 1076 ex-

1339 1101 1468 1161 pressa
1491 1098 1771 1144 declaratione
1785 1125 1797 1137 .

1397 1166 1432 1206 Ι.
1464 1159 1591 1220 Qod
1610 1156 1781 1200 Habitus
1797 1154 1892 1197 talis
1905 1183 1919 1207 ‚
1933 1154 2053 1198 etiam
2068 1154 2148 1194 fine
2165 1151 2387 1210 Capucio‚'

1337 1233 1454 1267 extra
1467 1219 1728 1274 Religionem
1755 1229 1832 1256 non
1852 1214 1967 1271 poffit
1992 1208 2173 1255 conferri
2195 1240 2209 1263 ‚
2238 1225 2312 1253 nec
2330 1213 2383 1264 ab

1335 1279 1564 1325 Ordinariis
1589 1277 1794 1333 (excepto
1819 1284 1953 1315 tamen
1971 1301 1985 1324 ,
2008 1275 2034 1314 fi
2066 1273 2103 1312 &
2129 1271 2166 1313 in
2184 1271 2328 1312 colore
2345 1270 2384 1311 &

1337 1340 1446 1385 fimul
1464 1340 1500 1381 in
1517 1336 1647 1378 forma
1661 1335 1710 1378 ab
1727 1333 1881 1374 Habitu
1897 1328 2163 1374 Franciscano
2178 1329 2383 1383 discrepa-

1337 1403 1436 1455 ret)
1468 1411 1543 1439 nec
1573 1395 1594 1438 ἔὶ
1615 1393 1816 1438 Fratribus
1833 1389 2001 1433 subditis
2019 1418 2031 1441 ‚
2059 1403 2132 1431 nec
2151 1386 2173 1429 ἃ
2191 1387 2386 1442 superio-

1337 1461 1446 1502 ribus
1467 1454 1680 1497 Localibus
1706 1449 1851 1505 absque
1882 1450 2068 1492 Licentia
2084 1444 2355 1488 Provincialis
2370 1472 2387 1495 ,

1339 1517 1405 1560 vel
1431 1513 1599 1557 Ministri
1625 1509 1872 1558 Generalis,
1899 1509 1935 1548 ὃς
1966 1508 2130 1562 quidem
2162 1503 2231 1547 sub
2261 1516 2384 1557 poena

1336 1569 1780 1618 excommunicationis,
1796 1578 1879 1608 tam
1895 1567 1945 1608 ab
1958 1566 2154 1609 Habitum
2169 1561 2389 1605 conferen-

1335 1637 1466 1683 tibus,
1488 1629 1609 1683 quam
1620 1629 1669 1671 ab
1691 1627 1808 1669 illum
1825 1623 2047 1668 ferentibus
2079 1621 2163 1678 ipso
2192 1619 2298 1664 facto
2324 1621 2388 1662 in-

1337 1688 1537 1736 currenda
1558 1717 1569 1727 .

1395 1754 1451 1792 Π.
1484 1744 1606 1806 Qod
1646 1742 1798 1787 Habitu
1822 1771 1836 1793 ‚
1883 1742 2021 1795 aliquo
2060 1739 2182 1782 modo
2214 1737 2387 1780 Habitui

1340 1808 1600 1854 Franciscano
1611 1802 1723 1844 simili
1738 1801 1877 1843 taliter
1895 1800 2153 1849 vestiti,nullo
2169 1797 2388 1853 privilegio

1339 1883 1414 1911 nec
1443 1862 1798 1918 Indulgentiarum
1815 1888 1829 1910 ,
1853 1874 1928 1901 nec
1948 1858 2070 1908 Pori,
2104 1870 2178 1900 nec
2199 1855 2381 1897 Canonis

1339 1927 1571 1984 potiantur,
1602 1923 1640 1962 δε
1656 1919 1764 1975 quod
1783 1918 1884 1960 tales
1909 1919 1950 1959 in
1965 1916 2286 1971 supplementum
2307 1916 2388 1955 Ec-

1337 1982 1541 2028 clefiastici
1567 1979 1661 2020 Fori
1691 1977 1714 2019 ἃ
1740 1977 1978 2031 Magistratu
2005 1974 2182 2017 saeculari
2207 1973 2386 2015 debeant

1337 2041 1567 2087 carcerari.

1397 2105 1477 2145 ῘΠ.
1511 2098 1634 2159 Q¹⁰d
1654 2094 1840 2150 Episcopi
1855 2090 2038 2150 legitime
2054 2090 2076 2134 a*
2093 2087 2383 2147 Superioribus

1339 2157 1636 2212 requisititales
1651 2155 1805 2198 Habitu
1836 2158 1995 2207 privare
2023 2150 2234 2200 debeant,
2263 2148 2387 2191 modo

1337 2224 1377 2263 &
1390 2217 1516 2263 forma
1539 2214 1748 2260 Sane‘titati
1765 2211 1911 2254 Vestra?
1929 2213 2033 2252 bene
2051 2209 2141 2251 vifis
2159 2239 2170 2249 .

1399 2281 1471 2321 IV.
1504 2273 1629 2332 Quod
1658 2270 1989 2324 haecApostolica
2005 2268 2207 2323 provino,
2238 2273 2387 2321 quate-

1338 2354 1408 2383 nus
1437 2336 1620 2381 omnibus
1647 2329 1898 2382 innotescat,
1924 2329 1964 2369 &
1988 2327 2095 2370 illius
2126 2325 2353 2382 ignorantia
2370 2350 2386 2373 ‚

1339 2409 1405 2442 aut
1440 2395 1609 2438 abolitio
1634 2422 1650 2442 ‚
1682 2402 1749 2433 aut
1783 2389 1986 2430 contraria
2020 2384 2272 2439 praescriptio
2303 2395 2385 2422 non

1339 2454 1452 2509 pnffit
1486 2450 1653 2504 allegari
1681 2477 1695 2497 .,
1727 2447 1764 2487 in
1797 2447 1982 2487 omnibus
2018 2443 2136 2484 Locis
2162 2471 2175 2493 ‚
2207 2440 2346 2483 Terris
2368 2467 2386 2490 ,

1338 2509 1589 2554 Civitatibus
1623 2503 1712 2546 bina
1739 2501 1829 2542 vice
1864 2516 1936 2555 per
1968 2514 2141 2551 annum,
2174 2500 2210 2541 in
2242 2498 2384 2555 primis

1338 2567 1559 2613 Dominicis
1592 2559 1803 2605 Adventus
1844 2561 1884 2600 δε
1915 2558 2243 2618 Qadragefimae
2272 2558 2383 2600 inter

1339 2627 1539 2671 Miffarum
1561 2621 1754 2665 solemnia
1768 2618 1918 2662 debeat
1933 2618 2133 2673 publicari
2149 2646 2162 2659 .

1336 2692 1472 2749 Qam
1488 2683 1662 2741 gratiam
1675 2681 1752 2720 &c-

1447 2862 1520 2905 Fr.
1538 2854 1767 2910 Francisbus
1789 2855 1924 2896 Maria
1945 2853 2178 2893 Procurator
2203 2854 2376 2895 Genera-

1563 2919 1611 2960 tis
1636 2919 1842 2960 Minorum
1869 2911 2167 2970 Obftrvantt‘um
2186 2939 2199 2951 .
2220 2949 2223 2950 γ

1447 3099 1518 3142 Fr.
1537 3091 1764 3150 Francistus
1783 3093 1917 3133 Maria
1931 3088 1960 3130 ἅ
1971 3091 1999 3131 s
2008 3101 2121 3143 mgro
2138 3090 2370 3128 Procurator

1557 3153 1758 3194 Generalis
1790 3145 2092 3205 Reformationis
2120 3147 2367 3189 Mitrorumm

1557 3209 1858 3268 Obstrvante'um
1872 3234 1887 3250 .

1445 3391 1516 3434 Fa·
1549 3389 1825 3432 Bonaventura
1854 3382 1883 3423 ἄ
1912 3383 2090 3424 Κιτῖησῑο
2128 3380 2366 3419 Procurator·

1560 3444 1763 3488 Generalis
1799 3444 2006 3485 Minorum
2049 3439 2363 3494 capuanorum.

1559 3503 1706 3558 ⁸Quoad
1742 3500 2062 3558 conſsrvationem
2088 3523 2104 3548 ,
2142 3496 2197 3549 &-
2234 3493 2366 3555 obstr-

1558 3567 1735 3605 vantram
1751 3561 1986 3619 Bullarum.
2014 3613 2029 3629 0

1384 3741 1558 3795 Exempl.
1582 3738 1704 3783 Aurh.
1717 3741 1759 3782 in
1775 3735 2038 3794 Aah-gener.
2063 3733 2177 3777 ΟΜ·
2193 3736 2297 3777 Tom.
2313 3701 2370 3774 (ἕξ

1439 3813 1544 3844 num.
1583 3813 1675 3856 133·
2242 3847 2311 3892 Ad
