2658 4244
366 266 388 307 1
418 245 453 306 8
473 263 514 305 0
924 227 1086 319 Sub
1109 228 1114 230 ‘
1150 223 1592 318 Βὲηὲἅίἑῖο
1614 225 1826 319 XIII.

293 347 350 387 nis
368 371 382 396 2
410 341 643 399 caeterisque
655 371 669 394 3
698 341 749 386 ad
764 358 864 401 quos
883 345 1034 401 spectat
1048 377 1064 398 ,
1079 356 1122 390 ut
1137 348 1339 391 Commis—
1398 349 1495 391 teris
1511 347 1755 403 apostolicis
1773 375 1787 399 ,
1801 348 1838 389 in
1856 345 2105 388 contrarium
2118 348 2438 402 premifforum

291 403 442 453 sarius,
467 405 547 444 sive
577 399 778 446 Ministros
809 406 1115 456 Provinciales,
1144 421 1336 450 necnon„
1398 407 1710 463 quomodolibet
1725 405 1916 449 concessis
1933 435 1946 458 ,
1971 403 2249 457 confirmatis,
2267 411 2445 455 &inno--

291 459 550 504 Guardianos
576 457 774 504 dir-‘tarum
803 466 1029 506 Domorum
1069 465 1333 521 Regularium

293 521 433 574 vigore
445 521 696 577 praesentium
709 551 725 573 ,
741 535 816 577 pro
831 533 1019 578 tempore
1033 523 1248 581 deputatos
1271 538 1336 566 re-

290 579 443 634 cipiant
470 608 485 631 ,
514 581 557 622 ἃ
585 579 807 623 admittant
829 609 843 634 ,
887 582 1047 639 illisque
1080 594 1272 637 pareant,
1293 584 1334 624 δε

289 637 485 681 obediant
499 666 515 688 ,
548 652 594 680 ac
610 638 774 680 illorum
790 638 962 684 salubria
981 644 1130 685 monita
1146 671 1160 694 2
1173 643 1213 683 &
1226 655 1336 684 man-

288 697 380 738 data
415 697 613 753 recipiant
642 698 853 741 humiliter
868 729 883 755 2
904 702 946 741 &
968 700 1191 743 efficaciter
1203 701 1333 743 adim-

285 755 405 812 plere
426 766 643 811 procurent
659 785 670 798 .
688 759 974 804 Decernentes
989 760 1254 801 nihilominus
1273 759 1327 799 ir-

284 816 410 857 ritum
425 843 439 867 ‚
463 816 638 858 &inane
650 845 665 866 ‚
697 815 720 857 fi
748 814 860 858 secus
878 817 993 871 super
1008 818 1068 859 his
1083 817 1104 858 ἐ
1123 829 1325 873 quoquam

282 874 424 929 quavis
464 874 707 917 auctoritate
752 873 954 925 scienter,
985 876 1050 918 vel
1091 875 1327 929 ignoranter

281 933 508 987 contigerit
525 932 715 976 attentari
732 962 743 973 .
788 937 882 977 Non
899 932 1147 976 obstantibus
1163 933 1328 977 Consti-

283 992 508 1038 tutionibus
522 1022 536 1042 ,
567 994 605 1034 81.
620 991 952 1034 ordinationibus
969 992 1213 1048 Apostolicis
1227 1020 1241 1043 ‚
1268 1006 1333 1042 ac,

281 1049 481 1104 quatenus
497 1065 596 1105 opus
613 1052 657 1091 fit
675 1079 687 1100 ,
712 1050 878 1093 Ordinis
905 1051 1213 1094 Provinciarum
1243 1080 1258 1100 ,
1294 1051 1331 1091 &

281 1112 510 1150 Domorum
532 1107 798 1162 Regularium
820 1108 1064 1163 hujusinodi,
1080 1108 1331 1164 etiamjura-

281 1176 423 1208 mento
456 1195 471 1216 ,
513 1165 829 1207 confirmatione
860 1166 1095 1222 Apostolica
1125 1195 1138 1218 ,
1165 1166 1230 1209 vel
1247 1166 1328 1208 alia

279 1224 422 1281 quavis
440 1223 638 1266 firmitate
655 1224 853 1266 roboratis
868 1225 1023 1269 statutis
1036 1255 1051 1276 ,
1076 1226 1114 1270 &
1143 1226 1330 1270 Consue-

278 1282 490 1326 tudinibus
506 1311 521 1334 ‚
536 1283 766 1342 privilegiis
778 1296 938 1341 quoque
953 1314 968 1338 ,
989 1282 1159 1327 indultis
1173 1311 1188 1335 2
1202 1286 1242 1327 δε
1257 1284 1327 1328 Li-

1069 1432 1295 1497 ΝΟ

1396 468 1527 509 vatis.
1555 467 1715 525 Qibus
1743 466 1928 508 omnibus
1947 493 1960 516 ‚
1988 466 2029 506 &
2057 462 2441 519 fingulisillorunu,

1395 535 1563 568 tenores
1590 524 1852 580 praesentibus
1864 538 1943 580 pro
1955 521 2078 579 plene
2091 551 2106 574 ,
2138 524 2179 564 δι
2191 522 2436 573 sufficienter

1393 583 1581 639 expreffis
1593 613 1608 635 ,
1633 585 1673 626 &
1689 584 1739 626 ad
1753 583 1923 626 verbum
1939 581 2099 626 insertis
2115 582 2312 625 habentes
2331 610 2346 634 ,
2361 585 2442 630 illis

1394 643 1494 685 alias
1511 644 1549 685 in
1568 641 1638 683 suo
1652 643 1801 685 robore
1817 641 2089 699 permansuris
2104 669 2118 692 ‚
2148 640 2201 683 ad
2223 641 2442 698 praemiflb-

1393 715 1480 743 rum
1497 701 1681 754 effefium
1695 701 1891 745 duntaxat
1906 698 2138 758 specialiter
2150 727 2164 751 ‚
2192 701 2232 742 &
2247 701 2440 758 express'e

1388 759 1880 816 derogan1u52caeterilque
1895 759 2112 803 contrariis
2123 759 2443 816 quibuscunque.

1389 817 1551 860 Datum·
1567 820 1705 862 Romae
1727 819 1833 874 apud
1862 822 2052 862 sanetum
2082 822 2253 862 Petrum
2266 818 2334 860 sub
2351 822 2442 862 An-

1386 874 1488 916 nulo
1516 874 1728 918 Piscator-is
1751 877 1831 919 Die
1865 891 1955 920 ιιι.
1987 878 2129 921 Martii
2155 887 2446 921 mcccxxvii.

1392 931 1658 976 Pontificatus
1687 934 1826 978 Nostri
1855 937 1982 978 Anno
2003 937 2178 980 Tertio.
2437 931 2445 935 ”

1860 1054 1910 1094 F.
1946 1051 2066 1094 Card.
2101 1054 2297 1097 oliverius
2313 1084 2324 1095 .

1451 1166 1702 1221 Autograpb.
1730 1170 1772 1207 in
1801 1167 1924 1209 Arch.
1955 1171 2099 1210 Secret.
2128 1172 2245 1214 Brev.
2267 1170 2439 1230 Apcstol.

1507 1229 1603 1282 Reg.
1621 1227 1669 1274 ἐς·
1685 1223 1767 1284 fol.
1776 1225 1965 1283 fitpcriuls
1989 1235 2123 1270 notato
2140 1255 2152 1269 .

1383 1434 1639 1502 TA.

276 1572 347 1662 F
363 1575 544 1615 Acutmes
566 1578 600 1614 in
626 1577 837 1625 suprapofito
865 1575 998 1623 duplici
1024 1575 1129 1613 Brevi
1153 1574 1363 1622 Apostolico
1388 1578 1610 1615 mentionatae
1638 1579 1746 1627 prima
1775 1580 1855 1618 v1ce
1877 1581 1963 1618 datae
1999 1582 2139 1619 fuerunt
2166 1584 2206 1620 Ρ.
2235 1581 2395 1621 Antonio
2422 1583 2445 1619 Α

376 1625 539 1670 Mutina,
567 1628 620 1662 uti
649 1626 766 1661 videre
791 1626 837 1661 est
858 1625 959 1670 supra
987 1625 1050 1659 fol.
1078 1623 1135 1671 89-
1161 1627 1193 1658 &
1222 1633 1279 1665 92.
1306 1629 1341 1659 &
1365 1624 1409 1659 ab
1435 1625 1499 1660 illo
1527 1636 1683 1672 tempore
1706 1627 1775 1664 fine
1797 1635 2006 1676 exceptione
2034 1631 2178 1668 cuilibet
2205 1633 2245 1669 P.
2277 1630 2441 1668 Ministro

279 1673 447 1708 Generali
484 1673 592 1718 usque
619 1674 662 1709 ad
688 1673 727 1708 P.
743 1674 1002 1708 Hartmannum
1027 1670 1194 1707 inclusive
1216 1670 1402 1715 conceffae,
1429 1673 1480 1707 uti
1506 1673 1670 1709 Brevium
1696 1674 1731 1708 in
1760 1676 1919 1711 Archivo
1960 1680 2126 1715 Gener-ali
2153 1679 2440 1718 affervatorum..

276 1731 422 1756 acervus
455 1720 619 1757 exhibet.
658 1722 726 1756 Eas
754 1730 872 1756 autem
903 1719 941 1756 P.
969 1719 1216 1756 Bonaventura
1242 1719 1262 1754 ἃ
1285 1719 1440 1755 Ferraria
1476 1731 1544 1755 non
1570 1721 1672 1767 petiit
1693 1745 1707 1765 ,
1743 1733 1822 1758 cum
1846 1724 1866 1759 a
1889 1722 2096 1762 vilitationis
2119 1726 2283 1763 facienda
2308 1726 2444 1770 debito,

276 1768 323 1806 ob
334 1767 534 1815 Apostolici
549 1769 732 1806 Conciona
749 1767 819 1803 oris
843 1779 971 1803 munus
985 1766 1087 1803 fuerit
1101 1778 1307 1815 exemptus,
1334 1768 1498 1816 aliterque
1512 1768 1552 1804 Εἰ
1577 1768 1613 1804 in
1637 1771 1735 1808 vices
1760 1770 1882 1807 talium
1897 1771 2061 1809 Brevium
2072 1797 2088 1820 ‚
2114 1783 2180 1822 pro
2200 1771 2366 1821 gubernii
2389 1773 2443 1810 sui

282 1816 486 1854 auetoritate
498 1817 676 1865 provisum
692 1843 701 1853 .

540 1945 894 1962 *ffl—

280 2047 333 2097 P.
374 2047 653 2115 Angelicum
676 2046 856 2114 Viglini
875 2082 891 2105 ,
933 2046 1187 2096 Provinciae
1213 2048 1332 2096 Nea-

290 2118 526 2186 ·politanae
565 2117 864 2178 Alumnum‚
897 2115 1182 2189 Episcopum
1209 2119 1331 2168 Tro-

310 2184 519 2256 peensem
536 2185 772 2237 constituit
785 2223 805 2250 .,-

366 2319 803 2372 BENEDICTUS
851 2319 1220 2373 EPISCOPUS
1236 2353 1250 2366 .

529 2438 680 2480 Servus
711 2438 936 2480 Servorum
969 2438 1051 2481 Dei
1068 2468 1081 2479 .

280 2553 438 2596 Dilebl'o
455 2554 559 2597 Filio
573 2550 764 2610 Angelico
779 2553 804 2595 a*
820 2555 986 2611 Neapoli
1001 2554 1127 2597 Εῖεὲῗο
1146 2554 1323 2608 Tropt'en.

339 2615 517 2656 Salutem
544 2615 598 2665 ὠ·
625 2613 887 2670 Apostolicam
913 2614 1223 2664 Benedifflioncm
1236 2644 1247 2658 .

418 2697 646 2743 Postolatfis
663 2698 1034 2749 Officiun12meritis
1050 2698 1146 2741 licet
1163 2697 1330 2755 impari·

279 2702 400 2815 A
435 2758 540 2799 ribus
570 2759 699 2801 Nobis
734 2771 786 2799 ex
811 2757 896 2799 alto
921 2755 1169 2800 commissum
1202 2788 1216 2810 ‚
1248 2772 1329 2813 quo

278 2815 556 2860 Ecclesiarum
582 2819 764 2860 omnium
791 2817 979 2872 regimini
1004 2817 1153 2860 Divina
1167 2816 1329 2873 disposi-

279 2877 394 2919 tione
411 2875 664 2932 praefidemus
682 2905 695 2928 ,
708 2875 870 2918 utiliter
888 2876 1036 2932 exequi
1050 2903 1065 2926 2
1079 2876 1329 2935 coadjuvan-

280 2941 323 2978 te
357 2935 534 2978 Domino
557 2935 774 2991 cupientes
798 2963 813 2987 ,
844 2934 1008 2978 solliciti
1036 2935 1161 2978 corde
1190 2934 1330 2978 reddi·

279 3007 371 3037 mur
384 2994 425 3035 &
439 2992 609 3038 solertes
626 3025 640 3045 ‚
672 3005 716 3036 ut
734 3023 748 3045 ‚
763 3008 855 3037 cum
868 2993 925 3037 de
940 2994 1213 3037 Ecclefiarum
1226 2993 1328 3052 ipsa-

279 3067 366 3097 rum
382 3052 643 3108 regiminibus
658 3055 791 3108 agitur
803 3054 1128 3106 committendis,
1141 3053 1245 3096 tales
1269 3054 1329 3096 eis

279 3113 320 3156 in
334 3112 518 3155 Pastores
531 3110 737 3169 preficere
753 3112 977 3155 studeamus
993 3141 1007 3164 ,
1023 3114 1091 3169 qui
1105 3113 1298 3170 populum
1313 3142 1328 3166 ,

276 3173 353 3216 suae
370 3186 474 3215 curae
487 3171 692 3214 creditum
704 3200 719 3221 ,
733 3168 856 3213 sciant
873 3186 950 3213 non
971 3172 1098 3215 solum
1113 3172 1327 3216 doctrina,

280 3230 428 3284 verbi,
460 3230 529 3274 sed
549 3230 673 3273 etiam
691 3228 882 3282 exemplo
908 3230 1005 3271 boni
1033 3232 1170 3286 operis
1198 3230 1330 3274 infor-

279 3304 420 3341 mare,
456 3287 758 3343 commissasque
798 3286 866 3328 fibi
906 3289 1104 3331 Ecclefias
1145 3290 1183 3330 in
1223 3289 1326 3332 statu

277 3348 450 3406 pacifico
463 3345 740 3404 &tranquillo
755 3345 942 3390 velint&
957 3346 1149 3398 valeant,
1164 3349 1330 3393 auctore

282 3407 490 3460 Domino,
535 3405 744 3451 salubriter
774 3417 946 3460 regere,
976 3405 1014 3446 δε
1047 3404 1222 3449 feliciter
1253 3421 1328 3464 gu-

281 3466 456 3515 bernare
471 3495 484 3507 .

342 3522 450 3570 Sane.
489 3523 669 3567 Ecclesia
713 3525 920 3581 Tropeen.
949 3521 999 3565 ad
1021 3534 1168 3578 quam,
1198 3521 1327 3567 dum..

278 3579 353 3623 illa
369 3592 446 3637 pro
459 3587 643 3636 tempore
659 3593 792 3635 vacat,
804 3581 1031 3626 nominatio
1046 3582 1222 3637 personae
1237 3581 1324 3624 ido-

283 3653 365 3682 neae
395 3640 582 3681 Romano
607 3641 796 3683 Pontifici
826 3656 900 3694 pro
923 3651 1112 3695 tempore
1138 3640 1323 3683 existenti

284 3694 538 3747 facienda,ad
549 3698 836 3742 Chariffimum
852 3700 890 3742 in
906 3698 1071 3741 Christo
1085 3698 1231 3742 Filium
1245 3702 1331 3743 No-

283 3754 406 3796 strum
446 3754 643 3796 carolum
685 3758 964 3813 Hispaniarum
997 3758 1261 3800 Catholicum
1288 3761 1326 3800 &

288 3813 570 3870 Romanorum
593 3815 755 3871 Regem
771 3817 809 3859 in
827 3819 1124 3873 Imperatorem
1150 3817 1324 3862 elet‘tum

767 1828 786 1852 e
812 1827 885 1864 quo
903 1817 938 1853 &
964 1815 1008 1853 de
1031 1815 1157 1864 quibus
1184 1815 1331 1865 plurima
1349 1814 1456 1854 infra.

1392 2047 1554 2092 ratione
1586 2051 1724 2106 Regni
1756 2051 1955 2108 Neapolis
1973 2079 1986 2102 ,
2017 2049 2132 2107 cujus
2153 2050 2236 2108 ipse
2263 2049 2441 2094 Carolus

1390 2108 1485 2150 Rex
1501 2108 1539 2150 in
1555 2110 1853 2166 Imperatorem
1871 2110 2026 2153 eleftus
2043 2110 2167 2153 etiam
2182 2112 2278 2153 Rex
2291 2107 2440 2158 existit,

1391 2180 1443 2208 ex
1460 2167 1675 2223 privilegio
1690 2169 1951 2225 Apostolico,
1983 2169 2048 2212 cui
2062 2183 2143 2213 non
2163 2169 2220 2213 est
2250 2169 2444 2211 haetenus

1392 2228 1435 2269 in
1452 2226 1586 2284 aliquo
1600 2228 1847 2285 derogatum
1861 2256 1876 2280 ‚
1904 2226 2080 2286 spefitare
2094 2229 2135 2270 δε
2150 2228 2359 2284 pertinere
2376 2227 2441 2269 di-

1389 2284 1597 2340 gnoscitur
1611 2289 1695 2338 ‚,&
1710 2288 1775 2329 cui
1791 2287 1903 2330 bonae
1925 2287 2128 2331 memoriae
2138 2289 2314 2344 Joannes
2333 2287 2442 2329 Lau-

1387 2344 1543 2387 rentius
1571 2347 1715 2388 Hanez
1741 2346 1907 2389 ultimus
1920 2346 2101 2403 ejusdem
2131 2345 2320 2389 Ecclefiae
2338 2345 2442 2401 Epi-

1387 2403 1528 2458 scopus
1546 2433 1559 2456 ,
1574 2404 1670 2446 dum
1687 2406 1874 2456 viveret,
1890 2404 2125 2462 praefidebat
2140 2434 2156 2457 ,
2187 2418 2261 2461 per
2279 2403 2440 2447 obitum

1386 2462 1484 2505 dini
1507 2465 1671 2520 Joannis
1701 2465 1915 2507 Laurentii
1943 2463 2162 2522 Episcopi,
2196 2464 2436 2520 quiextra„

1384 2522 1619 2564 Romanam
1632 2524 1799 2566 Curiam
1815 2524 2000 2567 debitum
2031 2533 2186 2565 naturae
2210 2521 2408 2577 persolvit
2426 2547 2443 2572 2

1388 2581 1561 2624 Pastoris
1590 2580 1734 2624 solatio
1755 2581 1982 2636 destituta,
2010 2584 2098 2625 Nos
2122 2581 2338 2623 vacatione
2365 2580 2444 2623 hu-

1389 2637 1562 2698 jusmodi
1590 2639 1673 2684 fide
1698 2639 1830 2697 dignis
1858 2640 2057 2685 relatibus
2084 2638 2298 2701 intpllecla
2326 2670 2343 2692 ,
2387 2634 2442 2680 ad

1390 2701 1660 2755 provisionem
1693 2698 1874 2755 ejusdem
1910 2699 2100 2743 Ecclesiae
2130 2699 2315 2743 celerem
2341 2725 2357 2749 ,
2399 2697 2441 2737 &

1389 2755 1587 2809 felicem,
1618 2774 1670 2801 ne
1698 2758 1768 2802 illa
1789 2758 1919 2815 longae
1947 2758 2169 2801 vacationis
2203 2763 2440 2811 exponatur

1389 2817 1674 2866 incommodis,
1690 2819 1884 2872 paternis,
1897 2819 1935 2857 &
1946 2816 2126 2859 sollicitis
2142 2814 2276 2857 studiis
2295 2814 2438 2856 inten-

1387 2876 1535 2919 dentes
1552 2903 1566 2927 ,
1594 2876 1679 2930 post
1698 2874 2068 2927 deliberationem,
2098 2887 2220 2930 quam
2239 2873 2292 2915 de
2313 2870 2440 2928 praefi-

1386 2933 1534 2979 ciendo
1579 2933 1715 2977 eidem
1761 2933 1950 2978 Ecclesiae
1993 2933 2205 2990 personam
2238 2931 2383 2975 utilem
2422 2959 2443 2982 ,,

1388 3009 1435 3038 ac
1448 2995 1575 3037 etiam
1589 2990 1834 3037 fructuosam
1847 3008 1940 3036 cum
1953 2992 2270 3043 venerabilibus
2283 2989 2438 3033 Fratri-

1389 3055 1465 3098 bus
1481 3052 1625 3096 nostris
1642 3055 1790 3096 Sanc‘tae
1805 3055 2003 3096 Romanae
2017 3049 2206 3094 Ecclefiae
2232 3049 2438 3092 Cardina-

1389 3113 1495 3157 libus
1510 3111 1720 3156 habuimus
1735 3111 1976 3167 diligentem
1990 3138 2008 3161 ‚
2034 3109 2199 3151 demum
2215 3106 2262 3150 ad
2281 3108 2342 3148 Te
2356 3107 2436 3148 Or·

1389 3172 1493 3215 dinis
1514 3172 1718 3214 Minorum
1743 3170 1877 3212 Sancti
1910 3164 2107 3211 Francisci
2125 3165 2433 3222 Capucinorum

1387 3239 1717 3285 nuncupatorum
1731 3227 1921 3284 expresse
1937 3223 2152 3282 professum
2167 3253 2181 3276 ‚
2212 3223 2265 3266 de
2295 3223 2437 3279 legiti-

1388 3303 1454 3333 mo
1477 3288 1746 3331 Matrimonio
1769 3301 1821 3330 ex
1847 3285 2077 3332 Catholicis
2097 3286 2137 3326 δι
2163 3282 2334 3327 honestis
2354 3283 2432 3325 Pa-

1392 3348 1575 3391 rentibus
1590 3348 1631 3391 in
1661 3346 1846 3390 Civitate
1865 3344 2127 3401 Neapolitan.
2161 3352 2298 3385 ortum
2328 3367 2343 3390 ,
2370 3339 2432 3382 se-

1390 3406 1612 3463 xagenario
1627 3406 1823 3463 majorem
1839 3436 1853 3459 ,
1876 3405 1897 3447 εὶ
1915 3403 2091 3460 pluribus
2114 3401 2228 3443 annis
2243 3400 2282 3442 in
2306 3403 2432 3443 Sacro

1388 3466 1706 3523 Presbyteratus
1720 3465 1876 3508 Ordine
1889 3461 2151 3505 constitutum
2171 3488 2184 3510 ‚
2204 3460 2271 3516 qui
2288 3473 2432 3500 mune-

1388 3540 1432 3568 ra
1454 3525 1796 3574 Concionatoris,
1821 3519 2057 3573 Theologiae
2076 3520 2288 3569 Leonas,
2313 3521 2429 3560 Con-

1386 3583 1529 3628 feffarii
1565 3583 1739 3640 plurium
1774 3578 2114 3624 Monasteriorum
2142 3577 2384 3621 Monialium
2411 3587 2432 3625 5

1384 3645 1422 3685 &
1450 3637 1629 3685 Praefesii
1651 3643 1864 3683 sacrarum
1879 3636 2105 3680 Missionum
2122 3666 2136 3688 ,
2162 3652 2236 3680 nec
2252 3650 2334 3679 non
2353 3635 2426 3677 Vi-

1392 3702 1489 3744 carii
1517 3697 1779 3742 Provincialis
1807 3707 1884 3739 tuae
1910 3696 2131 3739 Provinciae
2159 3689 2422 3752 Neapolitan-

1389 3758 1539 3801 summa
1567 3769 1658 3798 cum
1682 3754 1801 3797 laude
1826 3755 2039 3797 exercuisti
2056 3768 2080 3807 ·‚
2111 3757 2151 3797 δε
2174 3755 2226 3797 ad
2256 3754 2422 3811 praesens

1386 3815 1607 3860 Consultor
1627 3815 1667 3856 &
1695 3814 1960 3859 Examinator
1983 3814 2197 3869 synodalis
2211 3810 2423 3913 Arschiepi·

2275 3883 2363 3923 copi
