2658 4244
345 238 498 286 202

929 207 1090 300 Sub
1116 225 1118 227 ’
1149 209 1524 301 Clemente
1583 211 1760 300 XII.

276 323 364 365 ulla
386 323 666 368 controversia
684 325 924 379 habeanturg,
937 327 1210 385 attentiusque
1230 345 1326 372 con-

1377 334 1540 375 ·vicibus
1573 327 1834 387 aggravan.‚'
1853 326 2043 371 invocato
2069 325 2275 373 etiani'ad
2304 332 2416 386 hoc,

275 380 499 447 sidet-antes
516 411 531 434 ,
564 381 802 428 eorumdem
820 389 1006 430 Fratrum
1022 391 1324 444 Capucinorum
1383 392 1410 432 si
1426 405 1523 448 opus
1540 389 1662 432 fuerit
1681 418 1695 440 ‚
1727 384 1879 431 auxilio
1894 388 2050 430 brachii
2066 385 2297 430 Saecularis.
2319 395 2414 434 Non

274 454 472 496 0s¹g¹nffln
489 471 503 493 2
535 443 604 488 seu
628 447 866 500 principium
881 447 1046 489 illorum
1065 476 1079 499 ‚
1102 446 1182 491 effe
1196 449 1336 490 reali-⁴
1378 450 1625 492 obstantibus
1647 445 1848 506 praemissis
1879 474 1893 497 ‚
1937 461 1981 489 ac
2010 446 2376 491 Constitutionibus
2401 478 2416 502 ‚

274 510 365 550 ter,
396 502 437 541 δε
465 516 555 544 cum
586 502 727 546 effectu
760 501 1074 560 computandum
1093 506 1317 562 atempore

272 559 502 612 primaevae,
531 563 572 604 δι
598 563 803 618 originalis
845 564 1109 607 Institutionis
1151 565 1315 621 Regula:

274 618 503 673 Seraphicae
530 625 546 671 3
584 621 698 677 cujus
729 624 1024 667 observantiam
1052 622 1119 678 ipsi
1154 628 1317 667 Fratres

273 677 476 734 Capucini
517 678 672 734 semper
717 680 797 724 sine
841 681 974 737 aliqua
1011 682 1315 739 interruptione

271 733 591 790 continuarunt3
611 739 854 783 Eorumdem
873 742 1055 782 Fratrum
1081 742 1315 795 Capuciuo-

268 808 359 836 rum
375 795 521 850 quieti,
539 797 733 852 quantum
753 800 879 842 Nobis
894 813 944 840 ex
959 800 1043 840 alto
1058 798 1313 848 conceditur,

271 853 486 897 consulere
502 883 516 906 ,
541 855 784 913 eosdemque
803 859 963 899 Fratres
978 857 1208 910 Capucinos
1223 855 1312 910 spe-

270 908 444 955 cialibus
462 910 698 966 favoribus,
727 918 767 956 &
790 916 929 970 gratiis
960 913 1143 970 prosequi
1173 914 1315 956 volen-

270 981 333 1012 tes
354 1001 368 1022 ‚
399 974 437 1012 &
451 984 593 1015 eorum
624 973 840 1028 singulares
871 973 1056 1028 personas
1072 976 1092 1014 a
1111 973 1312 1028 quibusvis

268 1032 712 1073 Excommunicationis
752 1061 766 1082 ‚
806 1033 1074 1085 Suspensionis
1111 1059 1125 1080 ‚
1166 1033 1206 1072 &
1251 1044 1309 1072 in-

268 1089 428 1130 terdic'ti
453 1117 466 1139 ,
509 1089 673 1144 aliisque
720 1089 1007 1132 Ecclesiasticis
1057 1089 1281 1130 Sententiis
1296 1116 1310 1139 ‚

266 1145 446 1188 censuris
464 1174 479 1196 ,
509 1148 545 1187 8<
576 1147 709 1201 poenis
728 1147 884 1203 ἐμω,
919 1147 989 1190 vel
1017 1147 1066 1187 ab
1093 1147 1310 1191 homine..-

265 1205 405 1259 quavis
432 1203 641 1247 occasione
667 1235 682 1256 ,
729 1206 793 1247 vel
817 1205 929 1248 causa
959 1205 1048 1247 latis
1066 1233 1079 1256 ,
1113 1204 1136 1245 fi
1166 1205 1308 1261 quibus

263 1261 575 1319 quomodolibet
593 1264 791 1307 innodatae
806 1266 980 1308 existunt
995 1293 1009 1315 ,
1040 1265 1090 1307 ad
1122 1264 1310 1306 effestum

265 1321 519 1376 praesentium
539 1323 701 1366 tantum
723 1322 967 1380 consequen.
986 1325 1128 1365 harum
1153 1322 1310 1367 serit)

265 1379 526 1423 absolventes
545 1409 558 1430 a
589 1383 630 1423 &
643 1382 840 1424 absolutas
856 1381 943 1424 fore
958 1379 1165 1424 censentes
1184 1411 1197 1433 ‚
1219 1381 1311 1436 sup-

265 1438 554 1495 plicationibus
571 1440 884 1485 difflFrancisti
912 1442 1194 1482 procuratoris
1223 1444 1309 1483 Ge-

266 1498 414 1539 neralis
430 1498 556 1539 totius
573 1500 755 1549 Ordinis,
770 1498 1007 1542 eorumdem
1026 1500 1212 1540 Fratrum
1228 1501 1308 1539 Ca-

265 1557 508 1611 pucinorum
523 1557 713 1607 nomine,
735 1556 862 1599 Nobis
880 1557 995 1609 super
1008 1557 1084 1598 hoc
1100 1556 1309 1597 humiliter

267 1617 464 1667 porrectis
495 1614 709 1666 inclinati,
741 1618 804 1657 Re
830 1614 937 1668 prius
952 1627 1022 1666 per
1043 1612 1312 1654 Venerabiles

266 1673 433 1713 Fratres
465 1671 615 1711 nostros
642 1675 682 1714 S.
700 1675 751 1715 R.
768 1674 814 1712 E.
840 1670 1106 1720 Cardinales‚
1138 1670 1312 1725 negotiis

265 1728 540 1783 Regularium
557 1730 783 1785 praepofitos
801 1721 822 1780 ‚'
835 1729 989 1771 mature
1003 1727 1178 1771 discussa
1194 1758 1206 1780 ³
1221 1729 1312 1772 de)

265 1788 509 1830 eorumdem
524 1789 808 1831 Cardinalium
826 1788 998 1829 confilio
1013 1816 1027 1838 ‚
1059 1789 1130 1831 hac
1149 1788 1311 1830 nostra-2

265 1848 470 1902 perpetuo
487 1845 658 1890 valitura
676 1847 980 1890 Constitutione
995 1875 1008 1896 ,
1042 1848 1202 1890 Fratres
1231 1849 1313 1888 Ca-

266 1907 435 1962 pucinos
465 1901 677 1959 praefatoe,
714 1904 855 1956 fuisse,
886 1902 1079 1947 &esseex
1112 1921 1206 1949 vera
1229 1935 1243 1957 ‚
1274 1908 1311 1947 &

267 1978 469 2018 nunquam
490 1963 714 2019 interrupta
731 1965 865 2014 linea,
891 1978 938 2005 ac
965 1978 1111 2017 veros,
1142 1967 1179 2006 &
1195 1965 1311 2007 indu—

266 2023 419 2065 bitatos
453 2024 615 2064 Fratres
651 2023 819 2065 Ordinis
847 2023 977 2065 Sancti
1003 2023 1204 2067 Francisci
1226 2053 1240 2075 ‚
1272 2026 1310 2065 &

267 2081 375 2124 illius
390 2080 558 2136 Regula:
575 2082 857 2125 observatores
874 2109 886 2130 ,
902 2082 1056 2138 subque
1072 2083 1188 2138 iplius
1208 2087 1310 2126 Bea-

267 2142 300 2182 ti
331 2138 530 2183 Francisci
557 2140 719 2196 Regula
754 2137 937 2183 militasse
956 2169 970 2192 ,
1001 2142 1040 2182 &
1062 2142 1110 2183 ad
1143 2141 1309 2198 praesens

267 2213 431 2256 quoque
458 2197 665 2251 militare,
697 2199 830 2255 sicque
857 2198 908 2240 ab
935 2201 1122 2242 omnibus
1139 2231 1152 2253 ,
1184 2203 1314 2243 &fin-

268 2259 373 2316 gulis
391 2258 574 2302 censeri,
603 2259 643 2298 ἃ.
661 2259 870 2314 reputari,
896 2271 943 2300 ac
958 2259 1126 2314 judicari
1142 2262 1313 2313 debere,

268 2317 511 2370 irritumque
526 2343 540 2365 ,
556 2316 595 2355 &
613 2315 730 2360 inane
743 2345 757 2366 ,
774 2315 798 2358 fi
813 2314 925 2358 secus
941 2318 1059 2372 super
1077 2319 1135 2360 his
1151 2347 1164 2369 ,
1182 2320 1203 2360 a
1218 2333 1314 2374 quo.

269 2389 405 2432 quam,
419 2374 556 2429 quavis
572 2376 827 2426 auctoritate,
842 2373 1033 2427 scienter,
1048 2378 1111 2419 vel
1129 2378 1317 2432 ignoran-

270 2445 335 2477 ter
363 2433 585 2487 contigerit
614 2436 837 2485 attentari,
873 2434 1101 2490 Apostolica
1129 2438 1315 2479 Austori-

271 2503 387 2543 ταῖς,
410 2500 556 2533 tenore
571 2492 823 2545 praesentium
845 2493 1104 2537 decernimus
1133 2523 1146 2546 ,
1178 2497 1215 2537 &
1241 2497 1315 2539 de-

270 2552 467 2595 claramus
483 2580 493 2591 .
527 2553 738 2609 roirca
755 2552 940 2594 omnibus
956 2583 969 2605 ‚
1000 2553 1215 2610 &lingulis
1233 2557 1316 2597 Ve-

268 2610 520 2655 nerabilibus
550 2610 759 2653 Fratribus
778 2612 1028 2654 Patriarchis
1046 2641 1060 2663 ,
1094 2615 1313 2669 Archiepi-

270 2668 426 2723 scopis,
459 2667 696 2723 Epist-opis,
728 2683 773 2712 ac
805 2670 966 2714 dilectis
996 2671 1107 2714 Filiis
1138 2673 1315 2726 nostris,

269 2730 308 2768 &
340 2727 578 2782 Apostolicae
612 2727 731 2770 Sedis
763 2731 935 2772 Nunciis
977 2745 1053 2786 per
1095 2730 1311 2787 praesentes

272 2786 562 2827 committimus
586 2814 600 2837 ‚
631 2787 671 2826 ὃ(
696 2787 931 2831 mandamus
964 2817 978 2840 ‚
1021 2801 1218 2845 quatenus
1246 2790 1313 2847 ipfi

269 2857 344 2902 per
358 2842 397 2884 se
412 2871 426 2893 a
443 2843 508 2885 vel
524 2844 646 2886 alium
665 2874 679 2897 ‚
692 2843 754 2889 seu
767 2846 865 2888 alios
878 2878 894 2900 ,
911 2850 1128 2904 praesentes
1143 2850 1284 2892 literas
1298 2879 1313 2902 ,

269 2902 364 2945 &in
381 2902 437 2945 eis
453 2912 644 2945 contenta
663 2918 908 2962 quaecunque
921 2936 935 2959 ,
964 2906 1062 2959 ubi,
1095 2910 1135 2949 &
1150 2910 1312 2964 quando

269 2975 369 3017 opus
400 2958 554 3009 fuerit,
585 2963 621 3002 δι
649 2965 809 3017 quoties
835 2979 907 3020 pro
941 2977 1056 3021 parte
1088 2969 1310 3012 Fratrum-.-

270 3021 577 3075 Capucinorum
592 3021 868 3072 praedictorum
882 3023 1036 3068 fuerint
1052 3027 1312 3083 requisiti2so-

271 3079 467 3122 lemniter
482 3077 737 3132 publicantes
752 3111 767 3130 ‚
799 3082 955 3139 illisque
974 3084 1010 3125 in
1037 3086 1236 3140 praemissis
1253 3084 1312 3128 ef-

271 3136 408 3181 ficacis
434 3135 676 3178 defenfionis
690 3137 866 3193 praefidio
885 3143 1104 3186 affistentes
1119 3176 1134 3196 ‚
1166 3145 1311 3188 faciant

273 3195 518 3239 auctoritate
535 3196 665 3237 nostra
683 3223 698 3246 ‚
723 3210 790 3237 eos
807 3202 1004 3251 praemiffis
1022 3205 1208 3247 omnibus
1225 3234 1239 3257 ,
1271 3206 1311 3246 &

271 3252 450 3309 fingulis,
466 3252 576 3308 juxta
594 3253 845 3310 praesentium
861 3254 1149 3304 continentiam
1163 3289 1176 3311 a
1189 3259 1229 3304 &
1245 3274 1311 3304 te-

272 3327 415 3356 norem
432 3310 598 3367 pacifice
613 3313 721 3365 frui,
752 3315 1011 3370 &gaudere:
1029 3333 1107 3361 non
1140 3321 1307 3375 permit-⁷

272 3381 411 3414 tentes
426 3383 499 3412 eos
516 3370 689 3428 desuper
704 3373 725 3414 a
742 3388 967 3430 quoquam,
979 3378 1118 3430 quavis
1133 3382 1307 3424 auetori-

274 3439 361 3468 tate
376 3456 391 3478 ,
423 3429 732 3483 quomodolibet
753 3432 935 3475 indebite
950 3433 1149 3475 molestari
1168 3465 1182 3486 ,
1212 3452 1307 3480 con-

274 3487 519 3527 tradietores
533 3490 738 3543 quoslibet
755 3518 769 3540 2
800 3493 838 3532 &
853 3491 1031 3534 rebelles
1047 3506 1119 3547 per
1134 3495 1308 3536 Senten-

276 3545 354 3587 tias
371 3573 386 3596 ‚
415 3543 602 3588 censuras
622 3577 636 3598 ,
666 3550 703 3589 &
722 3562 858 3602 poenas
877 3550 1165 3594 Ecclesiasticas
1179 3580 1193 3602 ‚
1210 3551 1307 3594 alia·

275 3617 355 3657 que
375 3613 600 3658 opportuna
617 3605 712 3660 juris
727 3634 741 3658 ,
772 3609 809 3648 &
826 3607 914 3650 faffi
932 3609 1112 3651 remedia
1132 3640 1145 3660 ,
1168 3611 1308 3666 appel-

276 3659 430 3701 latione
442 3662 661 3725 ·postposita
678 3689 691 3712 2
705 3667 1000 3720 compescendo
1014 3695 1028 3717 ‚
1042 3667 1307 3724 legitimisque

278 3717 396 3781 super
412 3717 470 3758 his
486 3719 678 3762 habendis
694 3722 857 3764 servatis
875 3725 1135 3779 processibus,
1149 3724 1308 3768 senten-

278 3784 352 3817 tias
367 3802 381 3826 ,
397 3774 583 3819 censuras
599 3806 615 3828 ,
636 3779 675 3819 &
699 3792 840 3833 poenas
871 3782 994 3839 ipsas,
1010 3787 1130 3827 etiam
1147 3786 1303 3827 iteratis

1374 510 1415 551 &
1431 509 1760 552 Ordinationibus
1772 504 2015 562 Apostolicis
2029 533 2043 557 ,
2075 503 2310 560 caeterisque
2321 517 2421 554 con-

1375 569 1509 610 trariis
1554 567 1858 624 quibuscunque
1873 594 1883 604 .
1926 563 2136 607 Volumus
2179 573 2354 614 autem,·
2377 573 2424 616 ut

1376 627 1624 681 pra-sentium
1641 624 1915 680 transumptiS,
1927 625 2052 676 etiam
2069 620 2282 677 impreffis‚
2303 634 2422 664 manu

1377 684 1544 741 alicujus
1570 685 1730 728 Notarii
1759 682 2203 739 publicisubscriptis,
2232 679 2422 736 &figillo

1375 738 1576 798 perso'nae,
1611 743 1649 784 in
1666 742 1941 785 Ecclefiassica
1956 741 2163 797 dignitate
2194 739 2424 782 constitutae

1373 802 1540 843 munitis
1555 811 1568 852 5
1585 801 1730 843 eadem
1747 802 1905 856 prorsus
1919 799 2020 843 fides
2035 829 2050 853 ‚
2067 812 2152 843 tam
2179 799 2220 841 in
2236 797 2393 856 judicio
2405 823 2423 849 ,

1372 859 1488 913 quarn
1506 860 1738 900 extraillud
1756 859 1905 915 ubique
1932 859 2206 909 adhibeatur,
2222 869 2306 914 quae
2332 854 2423 911 ipsis

1375 915 1632 971 praesentibus
1649 917 1918 958 adhiberetur
1932 948 1947 967 ,
1979 918 2003 959 fi
2039 917 2175 961 forent
2203 915 2392 959 exhibitae
2406 941 2423 965 ‚

1375 973 1442 1016 vel
1470 972 1651 1016 ostensae.
1686 976 1839 1014 Datum
1868 975 2010 1015 Romae
2037 977 2142 1030 apud
2175 979 2215 1018 S.
2247 975 2426 1016 Mariam

1373 1031 1576 1089 Maiorem
1600 1031 1670 1074 sub
1694 1029 1859 1072 Annulo
1882 1031 2097 1073 Piscatoris
2129 1032 2197 1073 die
2234 1045 2343 1073 xxvi
2360 1045 2423 1071 11.

1367 1091 1475 1149 Junii
1518 1102 1725 1134 mncxxvi
1742 1103 1774 1131 ι.
1823 1088 2086 1132 Pontificatus
2130 1088 2268 1133 Nostri
2302 1093 2424 1132 Anno

1371 1153 1550 1210 Qarto.
1571 1151 1607 1192 V.
1633 1148 1812 1191 Theatin.
1829 1151 1925 1190 Loco
1941 1149 1991 1199 »Β
2008 1149 2162 1192 Annali
2183 1147 2393 1204 Piscatori:
2405 1174 2418 1187 .

1431 1211 1543 1251 Cum
1566 1219 1704 1251 autem
1722 1235 1735 1258 ‚
1763 1206 1860 1248 sicut
1875 1207 2046 1250 dilectus
2066 1207 2190 1250 Filius
2209 1209 2424 1249 Bonaven-

1371 1279 1458 1310 tura
1477 1267 1704 1309 §Ferraria
1736 1265 1919 1308 Minister
1952 1265 2168 1309 Generalis
2199 1262 2422 1320 ejusdem-1

1370 1325 1537 1370 Ordinis
1553 1355 1566 1377 ‚
1586 1325 1715 1368 Nobis
1736 1338 1866 1379 nuper
1881 1326 2029 1380 exponi
2053 1323 2150 1369 fecit
2165 1352 2179 1375 ,
2211 1323 2290 1377 ipse
2322 1335 2424 1378 prae-

1372 1383 1577 1441 miffa,quo
1592 1383 1740 1426 firmins
1756 1382 1974 1434 subsistant,
1989 1385 2029 1425 &
2050 1381 2322 1429 inviolabilius
2338 1379 2424 1422 ser-

1375 1454 1525 1486 ventur
1540 1474 1555 1494 ,
1586 1442 1827 1493 Apostolicae
1843 1441 2159 1486 confirmationis
2182 1440 2321 1483 nostrae
2350 1453 2424 1495 pa-

1371 1502 1546 1544 trocinio
1560 1499 2081 1556 communiri-,summopere
2096 1500 2315 1543 desideret.
2331 1502 2420 1540 Nos

1374 1558 1587 1613 specialem
1608 1557 1674 1612 ipfi
1691 1560 1986 1600 Bonaventurae
2002 1559 2189 1602 Ministro
2215 1554 2423 1600 Generali

1375 1619 1544 1670 gratiam
1562 1614 1697 1655 facere
1717 1615 1901 1656 volentes
1916 1644 1930 1665 ‚
1963 1620 2149 1671 Eumque
2169 1615 2190 1658 ἃ
2211 1612 2426 1670 quibusvis

1380 1670 1816 1715 Exconimunicationis
1843 1700 1859 1720 ,
1892 1671 2190 1725 Suspenfionis,
2219 1674 2259 1711 &
2286 1675 2424 1713 inter—

1375 1732 1467 1774 dieti
1484 1758 1499 1781 2
1532 1729 1696 1786 aliisque
1711 1727 1996 1771 Ecclesiasticis
2013 1728 2238 1773 Sententiis
2253 1756 2268 1780 ,
2287 1729 2429 1772 censu—

1374 1792 1429 1832 ris
1445 1819 1459 1841 ,
1489 1791 1529 1831 &
1552 1789 1682 1845 poenis
1711 1785 1733 1829 ἂ
1753 1789 1852 1844 Jure
1866 1817 1882 1839 ,
1916 1787 1982 1832 vel
1998 1789 2047 1830 ab
2062 1788 2226 1830 homine
2241 1815 2256 1839 2
2281 1787 2426 1844 quavis

1374 1851 1580 1892 occasione
1597 1878 1610 1901 ,
1642 1847 1708 1890 vel
1735 1846 1848 1890 causa
1876 1847 1968 1890 latis
1989 1874 2002 1897 ‚
2034 1846 2057 1888 fi
2078 1847 2222 1904 quibus
2243 1859 2424 1902 quomo-

1373 1907 1533 1950 dolibet
1554 1908 1768 1950 innodatus
1791 1904 1927 1949 existit
1943 1935 1957 1956 ‚
1985 1906 2033 1948 ad
2051 1906 2235 1948 effectum
2249 1903 2422 1960 praesen-

1372 1968 1472 2009 tium
1491 1967 1648 2008 tantum
1663 1963 1904 2020 consequen.
1923 1965 2065 2005 harum
2082 1964 2184 2006 serie
2200 1963 2422 2005 absolven-

1371 2035 1433 2067 tes
1445 2055 1458 2078 ‚
1475 2028 1512 2067 &
1526 2024 1746 2066 absolutum
1761 2021 1848 2065 fore
1863 2023 2091 2074 censentes,
2113 2020 2422 2078 supplicationi-

1372 2085 1444 2126 bus
1479 2083 1564 2141 ejus
1591 2083 1754 2126 nomine
1789 2082 1920 2125 Nobis
1948 2082 2064 2135 super
2094 2081 2171 2124 hoc
2207 2079 2419 2122 humiliter

1374 2144 1570 2200 porrectis
1606 2141 1818 2193 inclinati,
1846 2139 2096 2195 praeinsertas
2130 2140 2284 2184 Urbani
2307 2142 2418 2182 Prae-

1374 2201 1589 2245 decessoris
1609 2202 1747 2244 literas
1763 2230 1777 2253 ,
1808 2200 2023 2256 omniaque
2047 2199 2088 2241 in
2112 2199 2171 2240 eis
2196 2206 2420 2248 contenta,

1377 2262 1482 2306 dista
1499 2262 1762 2310 auctoritate,
1790 2270 1934 2301 tenore
1947 2257 2199 2314 praesentium
2216 2256 2422 2312 approba-

1377 2334 1465 2362 mus
1488 2349 1502 2370 ‚
1537 2323 1576 2361 &
1600 2318 1882 2362 confirmamus
1903 2345 1916 2367 ,
1959 2315 2117 2371 illisque
2167 2313 2420 2358 inviolabilis

1378 2379 1616 2434 Apostolicae
1639 2377 1839 2420 firmitatis
1858 2375 1978 2417 robur
1993 2374 2205 2431 adjicimus
2224 2404 2234 2414 .
2262 2375 2426 2416 Decer-

1377 2448 1519 2481 nentes
1535 2437 1692 2480 easdem
1708 2437 1919 2491 praesentes
1935 2435 2073 2477 literas
2090 2437 2247 2488 semper
2263 2430 2420 2483 firmas,

1378 2496 1556 2546 validas,
1586 2497 1625 2537 δε
1657 2494 1844 2538 efficaces
1876 2495 2077 2544 existere,
2108 2491 2282 2542 &fore,
2315 2490 2423 2532 suos-

1376 2570 1455 2612 que
1473 2556 1705 2611 plenarios,
1732 2554 1973 2607 &integros
1989 2552 2154 2594 effeftus
2186 2550 2353 2601 sortiri,
2383 2551 2423 2592 &

1374 2615 1562 2658 obtinere
1581 2642 1594 2664 ,
1609 2616 1647 2655 &
1670 2614 1748 2655 illis
1763 2640 1776 2662 ,
1792 2612 1840 2654 ad
1856 2626 1957 2667 quos
1976 2613 2126 2667 spet‘tat
2142 2639 2156 2662 ‚
2172 2611 2210 2652 &
2222 2625 2296 2665 pro
2315 2619 2424 2652 tem-

1375 2689 1474 2730 pore
1490 2673 1680 2729 spet‘tabit
1699 2701 1712 2724 ,
1742 2673 1779 2713 in
1795 2672 1976 2714 omnibus
1992 2701 2008 2722 ‚
2035 2672 2075 2712 &
2089 2684 2163 2726 per
2180 2669 2315 2712 omnia
2330 2668 2424 2725 ple-

1377 2733 1527 2776 niffime
1544 2731 1747 2788 suffragari
1764 2761 1779 2781 ‚
1795 2729 1926 2785 ficque
1941 2731 1978 2772 in
1993 2728 2195 2786 praerniffis
2213 2742 2286 2783 per
2304 2725 2423 2781 quos-

1375 2806 1534 2847 cunque
1565 2792 1729 2848 Judices
1769 2788 2008 2830 ordinarios
2033 2816 2046 2838 ‚
2082 2789 2122 2828 &
2154 2786 2382 2841 Delegatos
2407 2814 2424 2835 ,

1374 2852 1496 2894 etiam
1525 2848 1745 2891 Causarum
1774 2846 1919 2888 Palatii
1949 2844 2171 2902 Apostolici
2195 2844 2422 2887 Auditores

1371 2909 1574 2968 judicari,
1603 2910 1640 2950 ὅς
1667 2905 1827 2948 definiri
1865 2904 2049 2956 debere,
2082 2919 2126 2946 ac
2152 2904 2347 2953 irritum,
2378 2904 2418 2944 δε

1373 2971 1490 3013 inane
1508 2996 1522 3019 ,
1555 2966 1580 3008 fi
1605 2969 1714 3009 (ecus
1731 2964 1845 3021 super
1869 2964 1927 3005 his
1943 2991 1957 3014 2
1985 2964 2005 3005 a
2022 2977 2260 3020 quoquam,
2280 2962 2422 3018 quavis

1373 3029 1612 3071 auctoritate
1640 3054 1654 3077 ‚
1695 3025 1869 3066 scienter
1901 3050 1916 3072 ,
1951 3022 2012 3065 vel
2055 3023 2292 3076 ignoranter
2320 3034 2421 3062 con-

1374 3087 1519 3143 tigerit
1557 3084 1778 3128 attentari.
1827 3084 1920 3122 Non
1958 3080 2205 3122 obstantibus
2251 3077 2418 3122 Consti-

1373 3145 1598 3189 rationibus
1615 3173 1627 3194 ,
1664 3144 1703 3183 δι
1744 3138 2075 3183 ordinationibus
2124 3137 2368 3192 Apostolicis
2401 3165 2416 3188 ,

1374 3218 1529 3248 necnon
1541 3201 1722 3244 omnibus
1741 3228 1754 3249 ,
1768 3200 1805 3240 &
1825 3197 1988 3253 singulis
2005 3198 2084 3239 illis
2101 3225 2115 3247 ,
2136 3211 2222 3252 quae
2248 3198 2288 3237 in
2314 3209 2414 3251 prae-

1370 3262 1526 3306 insertis
1555 3259 1705 3303 Urbani
1735 3253 2039 3301 Praedecefforis
2070 3255 2201 3298 literis
2229 3251 2412 3297 concessa

1369 3317 1464 3365 sunt*
1488 3334 1567 3363 non
1596 3319 1783 3367 obstare,
1812 3315 2048 3371 caeterisque
2080 3312 2295 3356 contrariis
2323 3312 2414 3367 qui-

1369 3381 1596 3436 buscunque
1608 3407 1619 3419 .
1649 3379 1798 3420 Datum
1812 3377 1950 3417 Romae
1965 3373 2069 3429 apud
2084 3375 2196 3437 S.·M.
2213 3369 2416 3425 Maiorem

1367 3439 1438 3482 sub
1451 3436 1616 3481 Annulo
1629 3435 1844 3479 Piscatoris
1863 3434 1938 3475 Die
1954 3433 2306 3485 xiv.Ma1.Muccx
2317 3443 2412 3472 xxv.

1367 3495 1632 3543 Pontificatus
1648 3493 1784 3539 Nostri
1798 3494 1921 3535 Anno
1935 3489 2092 3547 Qinto
2103 3518 2114 3529 .

1838 3572 1889 3615 F.
1918 3568 2035 3611 Card.
2068 3571 2264 3614 Oliverius
2282 3602 2292 3614 .

1425 3669 1671 3724 Autograph.
1687 3670 1728 3708 t‘n
1747 3663 1866 3709 Arch.
1887 3665 2031 3705 secret.
2049 3662 2412 3720 Brev.Apost.Reg-

1486 3727 1591 3779 Maii
1625 3739 1637 3766 ι
1648 3735 1744 3777 735.
1761 3721 1841 3780 fol.
1875 3732 1935 3772 13.
1962 3722 2005 3763 dc
2022 3735 2093 3777 quo
2109 3727 2231 3764 Breve
2249 3721 2410 3779 forma-

1479 3788 1623 3827 tamin
1639 3781 1761 3826 Arch.
1767 3794 1859 3837 gen.
1880 3779 1974 3822 Ord.
1996 3785 2098 3826 Tom.
2111 3783 2166 3823 R.
2179 3794 2325 3879 nulium-31
2330 3791 2371 3876 cs).
