<?xml version="1.0" encoding="UTF-8"?>
<!DOCTYPE html PUBLIC "-//W3C//DTD XHTML 1.0 Transitional//EN"
    "http://www.w3.org/TR/xhtml1/DTD/xhtml1-transitional.dtd">
<html xmlns="http://www.w3.org/1999/xhtml" xml:lang="en" lang="en">
 <head>
  <title>
</title>
<meta http-equiv="Content-Type" content="text/html;charset=utf-8" />
  <meta name='ocr-system' content='tesseract 3.04.00' />
  <meta name='ocr-capabilities' content='ocr_page ocr_carea ocr_par ocr_line ocrx_word'/>
</head>
<body>
  <div class='ocr_page' id='page_1' title='image "./bullariumordinis01cath_0247.png"; bbox 0 0 2658 4244; ppageno 0'>
   <div class='ocr_carea' id='block_1_1' title="bbox 942 255 1788 349">
    <p class='ocr_par' dir='ltr' id='par_1_1' title="bbox 942 255 1788 349">
     <span class='ocr_line' id='line_1_1' title="bbox 942 255 1788 349; baseline -0.007 0"><span class='ocrx_word' id='word_1_1' title='bbox 942 255 1106 349; x_wconf 78' lang='lat' dir='ltr'>Sub</span> <span class='ocrx_word' id='word_1_2' title='bbox 1164 257 1548 348; x_wconf 76' lang='lat' dir='ltr'><em>Clemente</em></span> <span class='ocrx_word' id='word_1_3' title='bbox 1608 259 1703 347; x_wconf 87' lang='lat' dir='ltr'><em>X</em></span> <span class='ocrx_word' id='word_1_4' title='bbox 1694 255 1788 344; x_wconf 90' lang='lat' dir='ltr'>II.</span> 
     </span>
    </p>
   </div>
   <div class='ocr_carea' id='block_1_2' title="bbox 578 369 1050 428">
    <p class='ocr_par' dir='ltr' id='par_1_2' title="bbox 578 369 1050 428">
     <span class='ocr_line' id='line_1_2' title="bbox 578 369 1050 428; baseline -0.019 0"><span class='ocrx_word' id='word_1_5' title='bbox 578 369 1050 428; x_wconf 64' lang='lat' dir='ltr'>bucnero.</span> 
     </span>
    </p>
   </div>
   <div class='ocr_carea' id='block_1_3' title="bbox 288 493 1330 921">
    <p class='ocr_par' dir='ltr' id='par_1_3' title="bbox 288 493 1330 921">
     <span class='ocr_line' id='line_1_3' title="bbox 289 493 1326 573; baseline -0.008 -19"><span class='ocrx_word' id='word_1_6' title='bbox 289 503 445 554; x_wconf 76' lang='lat' dir='ltr'>Saerae</span> <span class='ocrx_word' id='word_1_7' title='bbox 487 499 870 573; x_wconf 76' lang='lat' dir='ltr'>congregationis</span> <span class='ocrx_word' id='word_1_8' title='bbox 913 493 1180 566; x_wconf 85' lang='lat' dir='ltr'><strong>Indulgent.</strong></span> <span class='ocrx_word' id='word_1_9' title='bbox 1232 493 1326 546; x_wconf 71' lang='lat' dir='ltr'>dte.</span> 
     </span>
     <span class='ocr_line' id='line_1_4' title="bbox 288 565 1330 641; baseline -0.005 -21"><span class='ocrx_word' id='word_1_10' title='bbox 288 576 290 578; x_wconf 78' lang='grc'><strong>’</strong></span> <span class='ocrx_word' id='word_1_11' title='bbox 326 570 599 641; x_wconf 65' lang='lat' dir='ltr'>praepositae,</span> <span class='ocrx_word' id='word_1_12' title='bbox 619 570 646 622; x_wconf 63' lang='lat' dir='ltr'>a*</span> <span class='ocrx_word' id='word_1_13' title='bbox 675 567 958 623; x_wconf 68' lang='lat' dir='ltr'>Sanstiffimo</span> <span class='ocrx_word' id='word_1_14' title='bbox 985 565 1235 635; x_wconf 88' lang='lat' dir='ltr'>approbato</span> <span class='ocrx_word' id='word_1_15' title='bbox 1251 565 1330 616; x_wconf 90' lang='lat' dir='ltr'>de-</span> 
     </span>
     <span class='ocr_line' id='line_1_5' title="bbox 325 635 1328 709; baseline -0.004 -18"><span class='ocrx_word' id='word_1_16' title='bbox 325 643 526 694; x_wconf 86' lang='lat' dir='ltr'>claratur</span> <span class='ocrx_word' id='word_1_17' title='bbox 555 677 573 702; x_wconf 89' lang='lat'><strong>,</strong></span> <span class='ocrx_word' id='word_1_18' title='bbox 607 642 733 709; x_wconf 88' lang='lat' dir='ltr'>quod</span> <span class='ocrx_word' id='word_1_19' title='bbox 763 635 1000 696; x_wconf 84' lang='lat' dir='ltr'>Ecclefiae,</span> <span class='ocrx_word' id='word_1_20' title='bbox 1037 639 1239 707; x_wconf 85' lang='lat' dir='ltr'>Capellae</span> <span class='ocrx_word' id='word_1_21' title='bbox 1278 635 1328 688; x_wconf 69' lang='grc' dir='ltr'>ὃς</span> 
     </span>
     <span class='ocr_line' id='line_1_6' title="bbox 326 705 1327 781; baseline -0.005 -20"><span class='ocrx_word' id='word_1_22' title='bbox 326 713 546 762; x_wconf 89' lang='lat' dir='ltr'>Oratoria</span> <span class='ocrx_word' id='word_1_23' title='bbox 562 712 743 781; x_wconf 83' lang='lat' dir='ltr'>publica</span> <span class='ocrx_word' id='word_1_24' title='bbox 758 714 803 761; x_wconf 90' lang='lat' dir='ltr'>in</span> <span class='ocrx_word' id='word_1_25' title='bbox 819 707 1091 762; x_wconf 83' lang='lat' dir='ltr'>Refidentiis</span> <span class='ocrx_word' id='word_1_26' title='bbox 1104 743 1120 766; x_wconf 90' lang='lat'>‚</span> <span class='ocrx_word' id='word_1_27' title='bbox 1150 706 1199 759; x_wconf 72' lang='grc' dir='ltr'>ὅ(</span> <span class='ocrx_word' id='word_1_28' title='bbox 1215 705 1327 757; x_wconf 88' lang='lat' dir='ltr'>Mis-</span> 
     </span>
     <span class='ocr_line' id='line_1_7' title="bbox 323 778 1321 851; baseline -0.004 -20"><span class='ocrx_word' id='word_1_29' title='bbox 323 778 501 831; x_wconf 76' lang='lat' dir='ltr'>sionum</span> <span class='ocrx_word' id='word_1_30' title='bbox 515 780 743 851; x_wconf 85' lang='lat' dir='ltr'>Hospitiis</span> <span class='ocrx_word' id='word_1_31' title='bbox 759 780 987 851; x_wconf 84' lang='lat' dir='ltr'>gaudeant</span> <span class='ocrx_word' id='word_1_32' title='bbox 1016 779 1321 849; x_wconf 86' lang='lat' dir='ltr'>Indulgentiis</span> 
     </span>
     <span class='ocr_line' id='line_1_8' title="bbox 289 848 1061 921; baseline 0 -21"><span class='ocrx_word' id='word_1_33' title='bbox 289 908 291 911; x_wconf 22' lang='lat'>¹</span> <span class='ocrx_word' id='word_1_34' title='bbox 311 852 590 921; x_wconf 80' lang='lat' dir='ltr'>generaliter</span> <span class='ocrx_word' id='word_1_35' title='bbox 615 852 784 904; x_wconf 90' lang='lat' dir='ltr'>Ordini</span> <span class='ocrx_word' id='word_1_36' title='bbox 815 848 1029 902; x_wconf 84' lang='lat' dir='ltr'>conceffis</span> <span class='ocrx_word' id='word_1_37' title='bbox 1047 886 1061 900; x_wconf 88' lang='lat'><strong>.</strong></span> 
     </span>
    </p>
   </div>
   <div class='ocr_carea' id='block_1_4' title="bbox 281 979 1322 1025">
    <p class='ocr_par' dir='ltr' id='par_1_4' title="bbox 281 979 1322 1025">
     <span class='ocr_line' id='line_1_9' title="bbox 281 979 1322 1025; baseline -0.001 -4"><span class='ocrx_word' id='word_1_38' title='bbox 281 979 599 1025; x_wconf 77' lang='lat' dir='ltr'>ORDINIS</span> <span class='ocrx_word' id='word_1_39' title='bbox 635 983 728 1025; x_wconf 80' lang='lat' dir='ltr'>FF.</span> <span class='ocrx_word' id='word_1_40' title='bbox 763 979 1322 1024; x_wconf 81' lang='lat' dir='ltr'>CAPUCINORUM.</span> 
     </span>
    </p>
   </div>
   <div class='ocr_carea' id='block_1_5' title="bbox 246 1086 1319 2128">
    <p class='ocr_par' dir='ltr' id='par_1_5' title="bbox 398 1086 1319 1142">
     <span class='ocr_line' id='line_1_10' title="bbox 398 1086 1319 1142; baseline 0 -13"><span class='ocrx_word' id='word_1_41' title='bbox 398 1087 495 1129; x_wconf 90' lang='lat' dir='ltr'>UM</span> <span class='ocrx_word' id='word_1_42' title='bbox 524 1099 599 1142; x_wconf 87' lang='lat' dir='ltr'>pro</span> <span class='ocrx_word' id='word_1_43' title='bbox 627 1093 745 1142; x_wconf 86' lang='lat' dir='ltr'>parte</span> <span class='ocrx_word' id='word_1_44' title='bbox 781 1087 1063 1131; x_wconf 83' lang='lat' dir='ltr'>Procuratoris</span> <span class='ocrx_word' id='word_1_45' title='bbox 1104 1086 1319 1130; x_wconf 83' lang='lat' dir='ltr'>Generalis</span> 
     </span>
    </p>

    <p class='ocr_par' dir='ltr' id='par_1_6' title="bbox 246 1146 1319 2128">
     <span class='ocr_line' id='line_1_11' title="bbox 409 1146 1319 1198; baseline 0.002 -12"><span class='ocrx_word' id='word_1_46' title='bbox 409 1146 592 1187; x_wconf 81' lang='lat' dir='ltr'>Fratrum</span> <span class='ocrx_word' id='word_1_47' title='bbox 609 1146 775 1191; x_wconf 87' lang='lat' dir='ltr'>Ordinis</span> <span class='ocrx_word' id='word_1_48' title='bbox 791 1148 994 1190; x_wconf 85' lang='lat' dir='ltr'>Minorum</span> <span class='ocrx_word' id='word_1_49' title='bbox 1009 1174 1023 1198; x_wconf 84' lang='lat'>‚</span> <span class='ocrx_word' id='word_1_50' title='bbox 1041 1147 1172 1189; x_wconf 68' lang='lat' dir='ltr'>Sansti</span> <span class='ocrx_word' id='word_1_51' title='bbox 1194 1147 1319 1188; x_wconf 80' lang='lat' dir='ltr'>Fran-</span> 
     </span>
     <span class='ocr_line' id='line_1_12' title="bbox 278 1202 1318 1261; baseline 0.006 -20"><span class='ocrx_word' id='word_1_52' title='bbox 278 1207 378 1243; x_wconf 60' lang='grc' dir='ltr'>(ιιι-ι’.</span> <span class='ocrx_word' id='word_1_53' title='bbox 391 1203 701 1259; x_wconf 84' lang='lat' dir='ltr'>Capucinorum</span> <span class='ocrx_word' id='word_1_54' title='bbox 717 1215 1038 1261; x_wconf 84' lang='lat' dir='ltr'>nuncupatorum</span> <span class='ocrx_word' id='word_1_55' title='bbox 1051 1234 1066 1258; x_wconf 88' lang='lat'>,</span> <span class='ocrx_word' id='word_1_56' title='bbox 1093 1202 1318 1247; x_wconf 63' lang='lat' dir='ltr'>humillimi:</span> 
     </span>
     <span class='ocr_line' id='line_1_13' title="bbox 246 1255 1317 1323; baseline 0.006 -23"><span class='ocrx_word' id='word_1_57' title='bbox 246 1268 249 1270; x_wconf 85' lang='grc'><strong><em>·</em></strong></span> <span class='ocrx_word' id='word_1_58' title='bbox 284 1255 556 1315; x_wconf 82' lang='lat' dir='ltr'>supplicatum</span> <span class='ocrx_word' id='word_1_59' title='bbox 584 1262 708 1307; x_wconf 88' lang='lat' dir='ltr'>fuerit</span> <span class='ocrx_word' id='word_1_60' title='bbox 721 1280 798 1323; x_wconf 85' lang='lat' dir='ltr'>pro</span> <span class='ocrx_word' id='word_1_61' title='bbox 814 1263 1094 1307; x_wconf 83' lang='lat' dir='ltr'>declaratione</span> <span class='ocrx_word' id='word_1_62' title='bbox 1115 1263 1317 1306; x_wconf 72' lang='lat' dir='ltr'>dubiitan</span> 
     </span>
     <span class='ocr_line' id='line_1_14' title="bbox 282 1318 1316 1377; baseline 0.003 -15"><span class='ocrx_word' id='word_1_63' title='bbox 282 1318 477 1362; x_wconf 82' lang='lat' dir='ltr'>Ecclefiae</span> <span class='ocrx_word' id='word_1_64' title='bbox 493 1348 508 1371; x_wconf 88' lang='lat'><em>‚</em></span> <span class='ocrx_word' id='word_1_65' title='bbox 539 1323 750 1377; x_wconf 75' lang='lat' dir='ltr'>Capellae,</span> <span class='ocrx_word' id='word_1_66' title='bbox 778 1325 818 1364; x_wconf 74' lang='grc' dir='ltr'>δι</span> <span class='ocrx_word' id='word_1_67' title='bbox 844 1322 1040 1365; x_wconf 90' lang='lat' dir='ltr'>Oratoria</span> <span class='ocrx_word' id='word_1_68' title='bbox 1060 1318 1223 1377; x_wconf 57' lang='lat' dir='ltr'>publica</span> <span class='ocrx_word' id='word_1_69' title='bbox 1240 1323 1316 1365; x_wconf 64' lang='lat' dir='ltr'>iit-1</span> 
     </span>
     <span class='ocr_line' id='line_1_15' title="bbox 276 1374 1316 1437; baseline 0.005 -18"><span class='ocrx_word' id='word_1_70' title='bbox 276 1374 561 1430; x_wconf 82' lang='lat' dir='ltr'>Refidentiis,</span> <span class='ocrx_word' id='word_1_71' title='bbox 590 1382 632 1422; x_wconf 74' lang='grc' dir='ltr'>δι</span> <span class='ocrx_word' id='word_1_72' title='bbox 669 1381 864 1437; x_wconf 83' lang='lat' dir='ltr'>Hospitiis</span> <span class='ocrx_word' id='word_1_73' title='bbox 904 1380 1129 1424; x_wconf 77' lang='lat' dir='ltr'>Mifl‘ionum</span> <span class='ocrx_word' id='word_1_74' title='bbox 1163 1380 1316 1437; x_wconf 82' lang='lat' dir='ltr'>praesati</span> 
     </span>
     <span class='ocr_line' id='line_1_16' title="bbox 275 1433 1314 1495; baseline 0.007 -20"><span class='ocrx_word' id='word_1_75' title='bbox 275 1433 445 1476; x_wconf 89' lang='lat' dir='ltr'>Ordinis</span> <span class='ocrx_word' id='word_1_76' title='bbox 476 1437 680 1492; x_wconf 82' lang='lat' dir='ltr'>gaudeant</span> <span class='ocrx_word' id='word_1_77' title='bbox 714 1439 984 1495; x_wconf 83' lang='lat' dir='ltr'>Indulgentiis</span> <span class='ocrx_word' id='word_1_78' title='bbox 1007 1467 1026 1489; x_wconf 85' lang='lat'>,</span> <span class='ocrx_word' id='word_1_79' title='bbox 1063 1439 1314 1495; x_wconf 81' lang='lat' dir='ltr'>generaliter</span> 
     </span>
     <span class='ocr_line' id='line_1_17' title="bbox 275 1492 1312 1552; baseline 0.004 -18"><span class='ocrx_word' id='word_1_80' title='bbox 275 1492 471 1536; x_wconf 77' lang='lat' dir='ltr'>conceffis</span> <span class='ocrx_word' id='word_1_81' title='bbox 501 1496 687 1540; x_wconf 89' lang='lat' dir='ltr'>omnibus</span> <span class='ocrx_word' id='word_1_82' title='bbox 710 1497 901 1541; x_wconf 83' lang='lat' dir='ltr'>Ecclefiis</span> <span class='ocrx_word' id='word_1_83' title='bbox 914 1497 1083 1539; x_wconf 83' lang='lat' dir='ltr'>Ordinis</span> <span class='ocrx_word' id='word_1_84' title='bbox 1099 1497 1312 1552; x_wconf 78' lang='lat' dir='ltr'>ejusdem?</span> 
     </span>
     <span class='ocr_line' id='line_1_18' title="bbox 272 1553 1311 1610; baseline 0.007 -18"><span class='ocrx_word' id='word_1_85' title='bbox 272 1553 402 1592; x_wconf 78' lang='lat' dir='ltr'>Sacra</span> <span class='ocrx_word' id='word_1_86' title='bbox 421 1554 700 1608; x_wconf 84' lang='lat' dir='ltr'>Congregatio</span> <span class='ocrx_word' id='word_1_87' title='bbox 719 1554 988 1609; x_wconf 72' lang='lat' dir='ltr'>Indulgentiis</span> <span class='ocrx_word' id='word_1_88' title='bbox 1003 1579 1018 1602; x_wconf 86' lang='lat'>‚</span> <span class='ocrx_word' id='word_1_89' title='bbox 1045 1553 1311 1610; x_wconf 56' lang='lat' dir='ltr'>sacrisque-2</span> 
     </span>
     <span class='ocr_line' id='line_1_19' title="bbox 270 1607 1311 1667; baseline 0.001 -17"><span class='ocrx_word' id='word_1_90' title='bbox 270 1607 480 1664; x_wconf 79' lang='lat' dir='ltr'>Reliquiis</span> <span class='ocrx_word' id='word_1_91' title='bbox 494 1612 785 1667; x_wconf 82' lang='lat' dir='ltr'>praepofita,di·e</span> <span class='ocrx_word' id='word_1_92' title='bbox 804 1610 1038 1667; x_wconf 76' lang='lat' dir='ltr'>xxvii-Maii</span> <span class='ocrx_word' id='word_1_93' title='bbox 1054 1626 1311 1655; x_wconf 80' lang='lat' dir='ltr'>Moccxxxu.</span> 
     </span>
     <span class='ocr_line' id='line_1_20' title="bbox 269 1663 1311 1720; baseline 0.002 -12"><span class='ocrx_word' id='word_1_94' title='bbox 269 1663 431 1708; x_wconf 82' lang='lat' dir='ltr'>censuit</span> <span class='ocrx_word' id='word_1_95' title='bbox 459 1667 637 1720; x_wconf 87' lang='lat' dir='ltr'>gaudere</span> <span class='ocrx_word' id='word_1_96' title='bbox 671 1697 686 1719; x_wconf 82' lang='lat'>‚</span> <span class='ocrx_word' id='word_1_97' title='bbox 728 1669 952 1711; x_wconf 75' lang='lat' dir='ltr'>dummodo</span> <span class='ocrx_word' id='word_1_98' title='bbox 987 1671 1123 1709; x_wconf 69' lang='lat' dir='ltr'>tmen</span> <span class='ocrx_word' id='word_1_99' title='bbox 1168 1668 1311 1710; x_wconf 86' lang='lat' dir='ltr'>Eccle-</span> 
     </span>
     <span class='ocr_line' id='line_1_21' title="bbox 271 1720 1310 1782; baseline 0.005 -19"><span class='ocrx_word' id='word_1_100' title='bbox 271 1720 361 1772; x_wconf 81' lang='lat' dir='ltr'>fiae‚</span> <span class='ocrx_word' id='word_1_101' title='bbox 391 1724 432 1764; x_wconf 78' lang='grc' dir='ltr'>δι</span> <span class='ocrx_word' id='word_1_102' title='bbox 450 1724 644 1765; x_wconf 88' lang='lat' dir='ltr'>Oratoria</span> <span class='ocrx_word' id='word_1_103' title='bbox 670 1724 743 1767; x_wconf 80' lang='lat' dir='ltr'>lint</span> <span class='ocrx_word' id='word_1_104' title='bbox 771 1725 934 1782; x_wconf 83' lang='lat' dir='ltr'>publica</span> <span class='ocrx_word' id='word_1_105' title='bbox 949 1751 964 1774; x_wconf 91' lang='lat'><strong>‚</strong></span> <span class='ocrx_word' id='word_1_106' title='bbox 994 1725 1039 1767; x_wconf 85' lang='lat'>&amp;-</span> <span class='ocrx_word' id='word_1_107' title='bbox 1062 1722 1139 1767; x_wconf 82' lang='lat' dir='ltr'>fixa</span> <span class='ocrx_word' id='word_1_108' title='bbox 1154 1752 1169 1775; x_wconf 67' lang='lat'>2</span> <span class='ocrx_word' id='word_1_109' title='bbox 1198 1728 1239 1768; x_wconf 88' lang='lat'>&amp;</span> <span class='ocrx_word' id='word_1_110' title='bbox 1258 1726 1310 1768; x_wconf 85' lang='lat' dir='ltr'>ad</span> 
     </span>
     <span class='ocr_line' id='line_1_22' title="bbox 272 1779 1313 1836; baseline 0.005 -15"><span class='ocrx_word' id='word_1_111' title='bbox 272 1793 363 1836; x_wconf 86' lang='lat' dir='ltr'>quae</span> <span class='ocrx_word' id='word_1_112' title='bbox 389 1780 595 1823; x_wconf 81' lang='lat' dir='ltr'>confluant</span> <span class='ocrx_word' id='word_1_113' title='bbox 612 1779 757 1826; x_wconf 84' lang='lat' dir='ltr'>fideles</span> <span class='ocrx_word' id='word_1_114' title='bbox 786 1784 840 1827; x_wconf 89' lang='lat' dir='ltr'>ad</span> <span class='ocrx_word' id='word_1_115' title='bbox 860 1781 1014 1826; x_wconf 81' lang='lat' dir='ltr'>sacmm</span> <span class='ocrx_word' id='word_1_116' title='bbox 1040 1782 1313 1835; x_wconf 85' lang='lat' dir='ltr'>audiendum,</span> 
     </span>
     <span class='ocr_line' id='line_1_23' title="bbox 270 1837 1311 1902; baseline 0.005 -22"><span class='ocrx_word' id='word_1_117' title='bbox 270 1839 313 1880; x_wconf 69' lang='grc' dir='ltr'>ἃ.</span> <span class='ocrx_word' id='word_1_118' title='bbox 328 1837 378 1881; x_wconf 93' lang='lat' dir='ltr'>ad</span> <span class='ocrx_word' id='word_1_119' title='bbox 394 1838 625 1894; x_wconf 86' lang='lat' dir='ltr'>recipienda</span> <span class='ocrx_word' id='word_1_120' title='bbox 646 1840 828 1885; x_wconf 83' lang='lat' dir='ltr'>Ecclefiae</span> <span class='ocrx_word' id='word_1_121' title='bbox 842 1844 1101 1884; x_wconf 75' lang='lat' dir='ltr'>Sacramenta</span> <span class='ocrx_word' id='word_1_122' title='bbox 1116 1870 1128 1883; x_wconf 86' lang='lat'>.</span> <span class='ocrx_word' id='word_1_123' title='bbox 1155 1843 1311 1902; x_wconf 84' lang='lat' dir='ltr'>Qibus</span> 
     </span>
     <span class='ocr_line' id='line_1_24' title="bbox 271 1897 1312 1955; baseline 0.005 -16"><span class='ocrx_word' id='word_1_124' title='bbox 271 1897 415 1939; x_wconf 80' lang='lat' dir='ltr'>relatis</span> <span class='ocrx_word' id='word_1_125' title='bbox 438 1911 513 1952; x_wconf 88' lang='lat' dir='ltr'>per</span> <span class='ocrx_word' id='word_1_126' title='bbox 538 1910 606 1941; x_wconf 88' lang='lat' dir='ltr'>me</span> <span class='ocrx_word' id='word_1_127' title='bbox 627 1897 924 1955; x_wconf 81' lang='lat' dir='ltr'>infrascriptum</span> <span class='ocrx_word' id='word_1_128' title='bbox 954 1901 1225 1943; x_wconf 86' lang='lat' dir='ltr'>Secretarium</span> <span class='ocrx_word' id='word_1_129' title='bbox 1240 1902 1312 1944; x_wconf 90' lang='lat' dir='ltr'>sub</span> 
     </span>
     <span class='ocr_line' id='line_1_25' title="bbox 272 1953 1310 2014; baseline 0.008 -20"><span class='ocrx_word' id='word_1_130' title='bbox 272 1953 343 1995; x_wconf 88' lang='lat' dir='ltr'>die</span> <span class='ocrx_word' id='word_1_131' title='bbox 367 1954 579 1997; x_wconf 81' lang='lat' dir='ltr'>undecima</span> <span class='ocrx_word' id='word_1_132' title='bbox 613 1958 720 2012; x_wconf 84' lang='lat' dir='ltr'>Junii</span> <span class='ocrx_word' id='word_1_133' title='bbox 748 1957 931 2014; x_wconf 86' lang='lat' dir='ltr'>ejusdem</span> <span class='ocrx_word' id='word_1_134' title='bbox 962 1959 1052 2000; x_wconf 86' lang='lat' dir='ltr'>anni</span> <span class='ocrx_word' id='word_1_135' title='bbox 1077 1958 1310 2003; x_wconf 67' lang='lat' dir='ltr'>saneti-nimi</span> 
     </span>
     <span class='ocr_line' id='line_1_26' title="bbox 270 2011 1307 2075; baseline 0.008 -20"><span class='ocrx_word' id='word_1_136' title='bbox 270 2011 438 2055; x_wconf 85' lang='lat' dir='ltr'>Domini</span> <span class='ocrx_word' id='word_1_137' title='bbox 451 2012 586 2054; x_wconf 82' lang='lat' dir='ltr'>Nostri</span> <span class='ocrx_word' id='word_1_138' title='bbox 602 2012 832 2058; x_wconf 88' lang='lat' dir='ltr'>Clementis</span> <span class='ocrx_word' id='word_1_139' title='bbox 847 2018 962 2075; x_wconf 76' lang='lat' dir='ltr'>Papae</span> <span class='ocrx_word' id='word_1_140' title='bbox 989 2018 1086 2062; x_wconf 69' lang='lat' dir='ltr'>xit.</span> <span class='ocrx_word' id='word_1_141' title='bbox 1110 2019 1307 2063; x_wconf 72' lang='lat' dir='ltr'>Sanffltas</span> 
     </span>
     <span class='ocr_line' id='line_1_27' title="bbox 269 2066 813 2128; baseline 0.004 -14"><span class='ocrx_word' id='word_1_142' title='bbox 269 2066 338 2126; x_wconf 70' lang='lat' dir='ltr'>sua</span> <span class='ocrx_word' id='word_1_143' title='bbox 354 2069 530 2127; x_wconf 77' lang='lat' dir='ltr'>benigne</span> <span class='ocrx_word' id='word_1_144' title='bbox 546 2072 785 2128; x_wconf 69' lang='lat' dir='ltr'>approbavit</span> <span class='ocrx_word' id='word_1_145' title='bbox 799 2104 813 2116; x_wconf 90' lang='lat'><strong><em>.</em></strong></span> 
     </span>
    </p>
   </div>
   <div class='ocr_carea' id='block_1_6' title="bbox 325 2187 965 2378">
    <p class='ocr_par' dir='ltr' id='par_1_7' title="bbox 325 2187 965 2378">
     <span class='ocr_line' id='line_1_28' title="bbox 411 2187 965 2265; baseline 0.016 -28"><span class='ocrx_word' id='word_1_146' title='bbox 411 2187 538 2240; x_wconf 84' lang='lat' dir='ltr'>Card.</span> <span class='ocrx_word' id='word_1_147' title='bbox 565 2188 689 2241; x_wconf 83' lang='lat' dir='ltr'>Picus</span> <span class='ocrx_word' id='word_1_148' title='bbox 717 2191 850 2265; x_wconf 77' lang='lat' dir='ltr'>Praefi</span> <span class='ocrx_word' id='word_1_149' title='bbox 891 2213 965 2246; x_wconf 73' lang='lat' dir='ltr'>ur.</span> 
     </span>
     <span class='ocr_line' id='line_1_29' title="bbox 325 2317 743 2378; baseline 0.002 -15"><span class='ocrx_word' id='word_1_150' title='bbox 325 2318 460 2363; x_wconf 76' lang='lat' dir='ltr'>Locus</span> <span class='ocrx_word' id='word_1_151' title='bbox 490 2317 554 2377; x_wconf 66' lang='grc' dir='ltr'>»ξι</span> <span class='ocrx_word' id='word_1_152' title='bbox 577 2318 743 2378; x_wconf 84' lang='lat' dir='ltr'>Sigilli.</span> 
     </span>
    </p>
   </div>
   <div class='ocr_carea' id='block_1_7' title="bbox 575 2455 1247 2514">
    <p class='ocr_par' dir='ltr' id='par_1_8' title="bbox 575 2455 1247 2514">
     <span class='ocr_line' id='line_1_30' title="bbox 575 2455 1247 2514; baseline 0.009 -17"><span class='ocrx_word' id='word_1_153' title='bbox 575 2456 625 2510; x_wconf 66' lang='grc'>*3.</span> <span class='ocrx_word' id='word_1_154' title='bbox 656 2455 896 2514; x_wconf 65' lang='lat' dir='ltr'>ArchIept&#39;e.</span> <span class='ocrx_word' id='word_1_155' title='bbox 931 2459 1075 2513; x_wconf 50' lang='lat' dir='ltr'>syrena</span> <span class='ocrx_word' id='word_1_156' title='bbox 1095 2462 1247 2503; x_wconf 43' lang='lat' dir='ltr'>Secreta</span> 
     </span>
    </p>
   </div>
   <div class='ocr_carea' id='block_1_8' title="bbox 323 2610 1311 2726">
    <p class='ocr_par' dir='ltr' id='par_1_9' title="bbox 323 2610 1311 2726">
     <span class='ocr_line' id='line_1_31' title="bbox 323 2610 1311 2712; baseline 0.006 -60"><span class='ocrx_word' id='word_1_157' title='bbox 323 2610 496 2666; x_wconf 76' lang='lat' dir='ltr'>Exempt.</span> <span class='ocrx_word' id='word_1_158' title='bbox 511 2611 703 2712; x_wconf 50' lang='lat' dir='ltr'>grutheru-</span> <span class='ocrx_word' id='word_1_159' title='bbox 720 2612 764 2655; x_wconf 76' lang='lat' dir='ltr'>s&#39;n</span> <span class='ocrx_word' id='word_1_160' title='bbox 777 2614 993 2671; x_wconf 61' lang='lat' dir='ltr'>Aah-gen.</span> <span class='ocrx_word' id='word_1_161' title='bbox 1006 2615 1101 2658; x_wconf 87' lang='lat' dir='ltr'>Ord.</span> <span class='ocrx_word' id='word_1_162' title='bbox 1120 2618 1224 2660; x_wconf 87' lang='lat' dir='ltr'>Tom.</span> <span class='ocrx_word' id='word_1_163' title='bbox 1239 2618 1311 2674; x_wconf 81' lang='lat' dir='ltr'>Q</span> 
     </span>
     <span class='ocr_line' id='line_1_32' title="bbox 379 2681 582 2726; baseline 0.015 -16"><span class='ocrx_word' id='word_1_164' title='bbox 379 2681 487 2710; x_wconf 83' lang='lat' dir='ltr'>num.</span> <span class='ocrx_word' id='word_1_165' title='bbox 542 2685 582 2726; x_wconf 86' lang='lat'>3.</span> 
     </span>
    </p>
   </div>
   <div class='ocr_carea' id='block_1_9' title="bbox 288 2805 1156 2828">
    <p class='ocr_par' dir='ltr' id='par_1_10' title="bbox 288 2805 1156 2828">
     <span class='ocr_line' id='line_1_33' title="bbox 288 2805 1156 2828; baseline 0 1416"><span class='ocrx_word' id='word_1_166' title='bbox 288 2805 1156 2828; x_wconf 95' lang='lat' dir='ltr'> </span> 
     </span>
    </p>
   </div>
   <div class='ocr_carea' id='block_1_10' title="bbox 259 2900 1294 3894">
    <p class='ocr_par' dir='ltr' id='par_1_11' title="bbox 259 2900 1294 3894">
     <span class='ocr_line' id='line_1_34' title="bbox 259 2900 1289 2962; baseline 0.007 -10"><span class='ocrx_word' id='word_1_167' title='bbox 259 2900 650 2957; x_wconf 88' lang='lat' dir='ltr'>Constitutionem</span> <span class='ocrx_word' id='word_1_168' title='bbox 676 2906 751 2957; x_wconf 86' lang='lat' dir='ltr'>fel.</span> <span class='ocrx_word' id='word_1_169' title='bbox 776 2926 868 2959; x_wconf 90' lang='lat' dir='ltr'>rec.</span> <span class='ocrx_word' id='word_1_170' title='bbox 898 2908 1156 2961; x_wconf 81' lang='lat' dir='ltr'>Clementis</span> <span class='ocrx_word' id='word_1_171' title='bbox 1187 2915 1289 2962; x_wconf 88' lang='lat' dir='ltr'>IX.</span> 
     </span>
     <span class='ocr_line' id='line_1_35' title="bbox 284 2970 1293 3032; baseline 0.013 -12"><span class='ocrx_word' id='word_1_172' title='bbox 284 2970 344 3020; x_wconf 89' lang='lat' dir='ltr'>de</span> <span class='ocrx_word' id='word_1_173' title='bbox 361 2972 621 3026; x_wconf 81' lang='lat' dir='ltr'>Refidentia</span> <span class='ocrx_word' id='word_1_174' title='bbox 640 2975 910 3028; x_wconf 87' lang='lat' dir='ltr'>Diffinitorii</span> <span class='ocrx_word' id='word_1_175' title='bbox 935 2982 1174 3030; x_wconf 86' lang='lat' dir='ltr'>Generalis</span> <span class='ocrx_word' id='word_1_176' title='bbox 1201 2986 1293 3032; x_wconf 86' lang='lat' dir='ltr'>Ro-</span> 
     </span>
     <span class='ocr_line' id='line_1_36' title="bbox 291 3045 1294 3117; baseline 0.011 -27"><span class='ocrx_word' id='word_1_177' title='bbox 291 3045 602 3106; x_wconf 78' lang='lat' dir='ltr'>maeinnovat,</span> <span class='ocrx_word' id='word_1_178' title='bbox 628 3066 682 3098; x_wconf 88' lang='lat' dir='ltr'>ac</span> <span class='ocrx_word' id='word_1_179' title='bbox 702 3064 953 3117; x_wconf 83' lang='lat' dir='ltr'>perpetuae,</span> <span class='ocrx_word' id='word_1_180' title='bbox 978 3048 1026 3100; x_wconf 68' lang='grc' dir='ltr'>ὅ(</span> <span class='ocrx_word' id='word_1_181' title='bbox 1053 3052 1294 3101; x_wconf 90' lang='lat' dir='ltr'>inviolabi-</span> 
     </span>
     <span class='ocr_line' id='line_1_37' title="bbox 286 3111 1294 3182; baseline 0.012 -22"><span class='ocrx_word' id='word_1_182' title='bbox 286 3111 343 3161; x_wconf 80' lang='lat' dir='ltr'>lis</span> <span class='ocrx_word' id='word_1_183' title='bbox 362 3113 636 3182; x_wconf 83' lang='lat' dir='ltr'>Apostolicae</span> <span class='ocrx_word' id='word_1_184' title='bbox 654 3116 882 3169; x_wconf 83' lang='lat' dir='ltr'>firmitatis</span> <span class='ocrx_word' id='word_1_185' title='bbox 896 3119 1060 3171; x_wconf 86' lang='lat' dir='ltr'>robore</span> <span class='ocrx_word' id='word_1_186' title='bbox 1085 3140 1294 3172; x_wconf 90' lang='lat' dir='ltr'>commu-</span> 
     </span>
     <span class='ocr_line' id='line_1_38' title="bbox 285 3183 1288 3257; baseline 0.013 -27"><span class='ocrx_word' id='word_1_187' title='bbox 285 3183 356 3232; x_wconf 86' lang='lat' dir='ltr'>nit</span> <span class='ocrx_word' id='word_1_188' title='bbox 379 3203 396 3243; x_wconf 93' lang='lat'>;</span> <span class='ocrx_word' id='word_1_189' title='bbox 421 3198 474 3235; x_wconf 87' lang='lat' dir='ltr'>ut</span> <span class='ocrx_word' id='word_1_190' title='bbox 512 3189 628 3238; x_wconf 87' lang='lat' dir='ltr'>Hoc</span> <span class='ocrx_word' id='word_1_191' title='bbox 663 3206 927 3257; x_wconf 88' lang='lat' dir='ltr'>quacunque</span> <span class='ocrx_word' id='word_1_192' title='bbox 962 3191 1288 3242; x_wconf 82' lang='lat' dir='ltr'>hebdomada..</span> 
     </span>
     <span class='ocr_line' id='line_1_39' title="bbox 282 3248 1286 3317; baseline 0.014 -18"><span class='ocrx_word' id='word_1_193' title='bbox 282 3248 387 3302; x_wconf 90' lang='lat' dir='ltr'>bina</span> <span class='ocrx_word' id='word_1_194' title='bbox 404 3255 506 3305; x_wconf 90' lang='lat' dir='ltr'>vice</span> <span class='ocrx_word' id='word_1_195' title='bbox 521 3253 677 3307; x_wconf 87' lang='lat' dir='ltr'>saltem</span> <span class='ocrx_word' id='word_1_196' title='bbox 696 3294 715 3317; x_wconf 90' lang='lat'><strong>,</strong></span> <span class='ocrx_word' id='word_1_197' title='bbox 744 3258 802 3309; x_wconf 88' lang='lat' dir='ltr'>ad</span> <span class='ocrx_word' id='word_1_198' title='bbox 816 3258 1065 3312; x_wconf 87' lang='lat' dir='ltr'>definienda</span> <span class='ocrx_word' id='word_1_199' title='bbox 1095 3266 1286 3315; x_wconf 90' lang='lat' dir='ltr'>S..Reli-</span> 
     </span>
     <span class='ocr_line' id='line_1_40' title="bbox 277 3323 1282 3444; baseline 0.014 -74"><span class='ocrx_word' id='word_1_200' title='bbox 277 3323 430 3390; x_wconf 86' lang='lat' dir='ltr'>gionis</span> <span class='ocrx_word' id='word_1_201' title='bbox 480 3329 664 3444; x_wconf 36' lang='lat' dir='ltr'>nepotia</span> <span class='ocrx_word' id='word_1_202' title='bbox 711 3346 1018 3399; x_wconf 87' lang='lat' dir='ltr'>congregetur</span> <span class='ocrx_word' id='word_1_203' title='bbox 1048 3368 1067 3390; x_wconf 89' lang='lat'><strong>,</strong></span> <span class='ocrx_word' id='word_1_204' title='bbox 1082 3332 1248 3384; x_wconf 81' lang='lat' dir='ltr'>statuit</span> <span class='ocrx_word' id='word_1_205' title='bbox 1269 3355 1282 3385; x_wconf 75' lang='lat' dir='ltr'>z</span> 
     </span>
     <span class='ocr_line' id='line_1_41' title="bbox 280 3392 1286 3466; baseline 0.013 -25"><span class='ocrx_word' id='word_1_206' title='bbox 280 3392 411 3458; x_wconf 80' lang='lat' dir='ltr'>Qid</span> <span class='ocrx_word' id='word_1_207' title='bbox 425 3396 470 3444; x_wconf 90' lang='lat' dir='ltr'>in</span> <span class='ocrx_word' id='word_1_208' title='bbox 486 3414 539 3446; x_wconf 88' lang='lat' dir='ltr'>ca</span> <span class='ocrx_word' id='word_1_209' title='bbox 562 3415 618 3455; x_wconf 90' lang='lat' dir='ltr'>u,</span> <span class='ocrx_word' id='word_1_210' title='bbox 651 3416 742 3465; x_wconf 88' lang='lat' dir='ltr'>quo</span> <span class='ocrx_word' id='word_1_211' title='bbox 759 3403 857 3466; x_wconf 85' lang='lat' dir='ltr'>quis</span> <span class='ocrx_word' id='word_1_212' title='bbox 880 3401 1117 3453; x_wconf 86' lang='lat' dir='ltr'>Diffinitor</span> <span class='ocrx_word' id='word_1_213' title='bbox 1137 3407 1286 3454; x_wconf 88' lang='lat' dir='ltr'>Gene-</span> 
     </span>
     <span class='ocr_line' id='line_1_42' title="bbox 280 3462 1286 3534; baseline 0.014 -24"><span class='ocrx_word' id='word_1_214' title='bbox 280 3463 387 3512; x_wconf 83' lang='lat' dir='ltr'>ralis</span> <span class='ocrx_word' id='word_1_215' title='bbox 415 3462 473 3515; x_wconf 86' lang='lat' dir='ltr'>ad</span> <span class='ocrx_word' id='word_1_216' title='bbox 501 3469 703 3518; x_wconf 86' lang='lat' dir='ltr'>nativam</span> <span class='ocrx_word' id='word_1_217' title='bbox 737 3472 1026 3523; x_wconf 85' lang='lat' dir='ltr'>Provinciam</span> <span class='ocrx_word' id='word_1_218' title='bbox 1073 3473 1244 3524; x_wconf 80' lang='lat' dir='ltr'>rediret</span> <span class='ocrx_word' id='word_1_219' title='bbox 1270 3511 1286 3534; x_wconf 90' lang='lat'><strong>,</strong></span> 
     </span>
     <span class='ocr_line' id='line_1_43' title="bbox 279 3532 1285 3607; baseline 0.017 -27"><span class='ocrx_word' id='word_1_220' title='bbox 279 3532 509 3601; x_wconf 84' lang='lat' dir='ltr'>agendum</span> <span class='ocrx_word' id='word_1_221' title='bbox 527 3534 607 3595; x_wconf 87' lang='lat' dir='ltr'>fit,</span> <span class='ocrx_word' id='word_1_222' title='bbox 642 3538 1000 3607; x_wconf 83' lang='lat' dir='ltr'>praescribit:&amp;,</span> <span class='ocrx_word' id='word_1_223' title='bbox 1037 3558 1089 3594; x_wconf 92' lang='lat' dir='ltr'>ut</span> <span class='ocrx_word' id='word_1_224' title='bbox 1106 3547 1285 3597; x_wconf 88' lang='lat' dir='ltr'>nullum</span> 
     </span>
     <span class='ocr_line' id='line_1_44' title="bbox 275 3602 1281 3685; baseline 0.014 -34"><span class='ocrx_word' id='word_1_225' title='bbox 275 3602 433 3654; x_wconf 86' lang='lat' dir='ltr'>Curiae</span> <span class='ocrx_word' id='word_1_226' title='bbox 459 3609 674 3659; x_wconf 85' lang='lat' dir='ltr'>Romanae</span> <span class='ocrx_word' id='word_1_227' title='bbox 693 3611 918 3664; x_wconf 89' lang='lat' dir='ltr'>Tribunal</span> <span class='ocrx_word' id='word_1_228' title='bbox 936 3651 956 3674; x_wconf 83' lang='lat'><strong>,</strong></span> <span class='ocrx_word' id='word_1_229' title='bbox 981 3612 1056 3664; x_wconf 92' lang='lat' dir='ltr'>seu</span> <span class='ocrx_word' id='word_1_230' title='bbox 1078 3618 1281 3685; x_wconf 87' lang='lat' dir='ltr'>Congre-</span> 
     </span>
     <span class='ocr_line' id='line_1_45' title="bbox 275 3674 1284 3743; baseline 0.017 -22"><span class='ocrx_word' id='word_1_231' title='bbox 275 3675 404 3740; x_wconf 85' lang='lat' dir='ltr'>gatio</span> <span class='ocrx_word' id='word_1_232' title='bbox 420 3674 598 3727; x_wconf 87' lang='lat' dir='ltr'>causam</span> <span class='ocrx_word' id='word_1_233' title='bbox 613 3714 630 3737; x_wconf 88' lang='lat'>,</span> <span class='ocrx_word' id='word_1_234' title='bbox 666 3682 740 3730; x_wconf 89' lang='lat' dir='ltr'>vel</span> <span class='ocrx_word' id='word_1_235' title='bbox 753 3683 881 3732; x_wconf 88' lang='lat' dir='ltr'>litem</span> <span class='ocrx_word' id='word_1_236' title='bbox 896 3721 911 3743; x_wconf 92' lang='lat'><strong>,</strong></span> <span class='ocrx_word' id='word_1_237' title='bbox 934 3688 980 3735; x_wconf 88' lang='lat' dir='ltr'>in</span> <span class='ocrx_word' id='word_1_238' title='bbox 1001 3683 1284 3738; x_wconf 82' lang='lat' dir='ltr'>Diffinitorio</span> 
     </span>
     <span class='ocr_line' id='line_1_46' title="bbox 276 3746 1019 3815; baseline 0.02 -24"><span class='ocrx_word' id='word_1_239' title='bbox 276 3746 490 3796; x_wconf 88' lang='lat' dir='ltr'>Generali</span> <span class='ocrx_word' id='word_1_240' title='bbox 518 3748 640 3815; x_wconf 72' lang='lat' dir='ltr'>prius</span> <span class='ocrx_word' id='word_1_241' title='bbox 668 3768 760 3801; x_wconf 90' lang='lat' dir='ltr'>non</span> <span class='ocrx_word' id='word_1_242' title='bbox 789 3753 985 3805; x_wconf 83' lang='lat' dir='ltr'>decisam</span> <span class='ocrx_word' id='word_1_243' title='bbox 1003 3790 1019 3812; x_wconf 87' lang='lat'><strong>,</strong></span> 
     </span>
     <span class='ocr_line' id='line_1_47' title="bbox 270 3811 1045 3894; baseline 0.018 -31"><span class='ocrx_word' id='word_1_244' title='bbox 270 3811 352 3865; x_wconf 84' lang='lat' dir='ltr'>sub</span> <span class='ocrx_word' id='word_1_245' title='bbox 364 3818 571 3869; x_wconf 86' lang='lat' dir='ltr'>nullitate</span> <span class='ocrx_word' id='word_1_246' title='bbox 590 3820 798 3890; x_wconf 59' lang='lat' dir='ltr'>aetorum</span> <span class='ocrx_word' id='word_1_247' title='bbox 813 3826 1045 3894; x_wconf 89' lang='lat' dir='ltr'>prohibet.</span> 
     </span>
    </p>
   </div>
   <div class='ocr_carea' id='block_1_11' title="bbox 1457 301 2364 436">
    <p class='ocr_par' dir='ltr' id='par_1_12' title="bbox 1457 301 2364 436">
     <span class='ocr_line' id='line_1_48' title="bbox 1457 301 2364 436; baseline 0.007 -6"><span class='ocrx_word' id='word_1_248' title='bbox 1457 378 1865 430; x_wconf 89' lang='lat' dir='ltr'>CLEMENS</span> <span class='ocrx_word' id='word_1_249' title='bbox 1920 381 2134 433; x_wconf 90' lang='lat' dir='ltr'>PAPA</span> <span class='ocrx_word' id='word_1_250' title='bbox 2188 301 2364 436; x_wconf 62' lang='lat' dir='ltr'>X¹191¹</span> 
     </span>
    </p>
   </div>
   <div class='ocr_carea' id='block_1_12' title="bbox 1563 505 2257 560">
    <p class='ocr_par' dir='ltr' id='par_1_13' title="bbox 1563 505 2257 560">
     <span class='ocr_line' id='line_1_49' title="bbox 1563 505 2257 560; baseline 0.013 -14"><span class='ocrx_word' id='word_1_251' title='bbox 1563 505 1635 549; x_wconf 82' lang='lat' dir='ltr'>Ad</span> <span class='ocrx_word' id='word_1_252' title='bbox 1650 511 1887 560; x_wconf 83' lang='lat' dir='ltr'>perpetuam</span> <span class='ocrx_word' id='word_1_253' title='bbox 1913 508 1976 547; x_wconf 78' lang='lat' dir='ltr'>rei</span> <span class='ocrx_word' id='word_1_254' title='bbox 2004 513 2226 554; x_wconf 79' lang='lat' dir='ltr'>memoriam</span> <span class='ocrx_word' id='word_1_255' title='bbox 2242 542 2257 555; x_wconf 86' lang='lat'><strong>.</strong></span> 
     </span>
    </p>
   </div>
   <div class='ocr_carea' id='block_1_13' title="bbox 1342 611 2431 3782">
    <p class='ocr_par' dir='ltr' id='par_1_14' title="bbox 1492 611 2431 676">
     <span class='ocr_line' id='line_1_50' title="bbox 1492 611 2431 676; baseline 0.003 -20"><span class='ocrx_word' id='word_1_256' title='bbox 1492 612 1646 656; x_wconf 82' lang='lat' dir='ltr'>Astoris</span> <span class='ocrx_word' id='word_1_257' title='bbox 1660 612 1811 664; x_wconf 81' lang='lat' dir='ltr'>oflicii,</span> <span class='ocrx_word' id='word_1_258' title='bbox 1842 611 1951 670; x_wconf 92' lang='lat' dir='ltr'>quod</span> <span class='ocrx_word' id='word_1_259' title='bbox 1968 615 2144 659; x_wconf 82' lang='lat' dir='ltr'>authore</span> <span class='ocrx_word' id='word_1_260' title='bbox 2159 618 2335 662; x_wconf 88' lang='lat' dir='ltr'>Domino</span> <span class='ocrx_word' id='word_1_261' title='bbox 2355 626 2431 676; x_wconf 80' lang='lat' dir='ltr'>ge..·</span> 
     </span>
    </p>

    <p class='ocr_par' dir='ltr' id='par_1_15' title="bbox 1380 672 2428 967">
     <span class='ocr_line' id='line_1_51' title="bbox 1507 672 2428 728; baseline 0.009 -14"><span class='ocrx_word' id='word_1_262' title='bbox 1507 675 1628 715; x_wconf 90' lang='lat' dir='ltr'>rimus</span> <span class='ocrx_word' id='word_1_263' title='bbox 1641 701 1656 724; x_wconf 82' lang='lat'><strong>,</strong></span> <span class='ocrx_word' id='word_1_264' title='bbox 1669 673 1884 716; x_wconf 84' lang='lat' dir='ltr'>solicitudo</span> <span class='ocrx_word' id='word_1_265' title='bbox 1899 675 1986 715; x_wconf 89' lang='lat' dir='ltr'>Nos</span> <span class='ocrx_word' id='word_1_266' title='bbox 2002 672 2195 718; x_wconf 89' lang='lat' dir='ltr'>admonet</span> <span class='ocrx_word' id='word_1_267' title='bbox 2209 705 2224 728; x_wconf 83' lang='lat'>,</span> <span class='ocrx_word' id='word_1_268' title='bbox 2241 687 2285 719; x_wconf 90' lang='lat' dir='ltr'>ut</span> <span class='ocrx_word' id='word_1_269' title='bbox 2300 681 2428 721; x_wconf 87' lang='lat' dir='ltr'>Chri-</span> 
     </span>
     <span class='ocr_line' id='line_1_52' title="bbox 1384 730 2426 788; baseline 0.008 -16"><span class='ocrx_word' id='word_1_270' title='bbox 1384 730 1614 775; x_wconf 86' lang='lat' dir='ltr'>stifidelium</span> <span class='ocrx_word' id='word_1_271' title='bbox 1628 762 1645 783; x_wconf 89' lang='lat'><em>,</em></span> <span class='ocrx_word' id='word_1_272' title='bbox 1677 733 1746 788; x_wconf 93' lang='lat' dir='ltr'>qui</span> <span class='ocrx_word' id='word_1_273' title='bbox 1763 732 1787 774; x_wconf 81' lang='grc' dir='ltr'>ὲ</span> <span class='ocrx_word' id='word_1_274' title='bbox 1805 731 1988 774; x_wconf 71' lang='lat' dir='ltr'>fluetibus</span> <span class='ocrx_word' id='word_1_275' title='bbox 2017 734 2155 776; x_wconf 85' lang='lat' dir='ltr'>Saeculi</span> <span class='ocrx_word' id='word_1_276' title='bbox 2178 735 2216 776; x_wconf 92' lang='lat' dir='ltr'>in</span> <span class='ocrx_word' id='word_1_277' title='bbox 2244 738 2426 780; x_wconf 67' lang='lat' dir='ltr'>arctioris</span> 
     </span>
     <span class='ocr_line' id='line_1_53' title="bbox 1383 790 2425 851; baseline -0.001 -17"><span class='ocrx_word' id='word_1_278' title='bbox 1383 790 1611 848; x_wconf 81' lang='lat' dir='ltr'>Religionis</span> <span class='ocrx_word' id='word_1_279' title='bbox 1624 801 1786 847; x_wconf 86' lang='lat' dir='ltr'>portum</span> <span class='ocrx_word' id='word_1_280' title='bbox 1814 790 2119 847; x_wconf 88' lang='lat' dir='ltr'>confugerunt,</span> <span class='ocrx_word' id='word_1_281' title='bbox 2152 792 2299 836; x_wconf 85' lang='lat' dir='ltr'>salubri</span> <span class='ocrx_word' id='word_1_282' title='bbox 2317 798 2425 851; x_wconf 85' lang='lat' dir='ltr'>regi..</span> 
     </span>
     <span class='ocr_line' id='line_1_54' title="bbox 1382 849 2426 909; baseline 0.004 -17"><span class='ocrx_word' id='word_1_283' title='bbox 1382 850 1479 892; x_wconf 84' lang='lat' dir='ltr'>mini</span> <span class='ocrx_word' id='word_1_284' title='bbox 1503 880 1519 902; x_wconf 90' lang='lat'>,</span> <span class='ocrx_word' id='word_1_285' title='bbox 1565 849 1761 907; x_wconf 71' lang='lat' dir='ltr'>qnantum</span> <span class='ocrx_word' id='word_1_286' title='bbox 1790 849 1920 892; x_wconf 89' lang='lat' dir='ltr'>Nobis</span> <span class='ocrx_word' id='word_1_287' title='bbox 1953 863 2003 891; x_wconf 92' lang='lat' dir='ltr'>ex</span> <span class='ocrx_word' id='word_1_288' title='bbox 2030 849 2118 892; x_wconf 90' lang='lat' dir='ltr'>alto</span> <span class='ocrx_word' id='word_1_289' title='bbox 2149 852 2426 909; x_wconf 76' lang='lat' dir='ltr'>conceditur,</span> 
     </span>
     <span class='ocr_line' id='line_1_55' title="bbox 1380 907 2056 967; baseline -0.004 -15"><span class='ocrx_word' id='word_1_290' title='bbox 1380 908 1615 967; x_wconf 83' lang='lat' dir='ltr'>prospicere</span> <span class='ocrx_word' id='word_1_291' title='bbox 1629 908 1783 967; x_wconf 86' lang='lat' dir='ltr'>jugiter</span> <span class='ocrx_word' id='word_1_292' title='bbox 1799 907 2029 951; x_wconf 75' lang='lat' dir='ltr'>studeamus</span> <span class='ocrx_word' id='word_1_293' title='bbox 2043 936 2056 949; x_wconf 82' lang='grc'><strong>.</strong></span> 
     </span>
    </p>

    <p class='ocr_par' dir='ltr' id='par_1_16' title="bbox 1358 966 2427 2544">
     <span class='ocr_line' id='line_1_56' title="bbox 1442 966 2427 1026; baseline -0.003 -15"><span class='ocrx_word' id='word_1_294' title='bbox 1442 968 1607 1012; x_wconf 90' lang='lat' dir='ltr'>Dudum</span> <span class='ocrx_word' id='word_1_295' title='bbox 1629 967 1823 1026; x_wconf 78' lang='lat' dir='ltr'>liquidem</span> <span class='ocrx_word' id='word_1_296' title='bbox 1849 966 2062 1011; x_wconf 73' lang='lat' dir='ltr'>occasione</span> <span class='ocrx_word' id='word_1_297' title='bbox 2084 966 2267 1023; x_wconf 88' lang='lat' dir='ltr'>Capituli</span> <span class='ocrx_word' id='word_1_298' title='bbox 2284 971 2427 1011; x_wconf 86' lang='lat' dir='ltr'>Gene-</span> 
     </span>
     <span class='ocr_line' id='line_1_57' title="bbox 1383 1025 2426 1071; baseline -0.003 -2"><span class='ocrx_word' id='word_1_299' title='bbox 1383 1027 1480 1070; x_wconf 87' lang='lat' dir='ltr'>ralis</span> <span class='ocrx_word' id='word_1_300' title='bbox 1506 1028 1672 1071; x_wconf 84' lang='lat' dir='ltr'>Ordinis</span> <span class='ocrx_word' id='word_1_301' title='bbox 1700 1030 1888 1070; x_wconf 84' lang='lat' dir='ltr'>Fratrum</span> <span class='ocrx_word' id='word_1_302' title='bbox 1919 1027 2127 1069; x_wconf 86' lang='lat' dir='ltr'>Minorum</span> <span class='ocrx_word' id='word_1_303' title='bbox 2156 1029 2197 1068; x_wconf 89' lang='lat' dir='ltr'>S.</span> <span class='ocrx_word' id='word_1_304' title='bbox 2219 1025 2426 1068; x_wconf 85' lang='lat' dir='ltr'>Francisci</span> 
     </span>
     <span class='ocr_line' id='line_1_58' title="bbox 1379 1088 2424 1141; baseline -0.004 -12"><span class='ocrx_word' id='word_1_305' title='bbox 1379 1088 1684 1141; x_wconf 76' lang='lat' dir='ltr'>Capucinorum</span> <span class='ocrx_word' id='word_1_306' title='bbox 1699 1095 2026 1140; x_wconf 83' lang='lat' dir='ltr'>nuncupatorum</span> <span class='ocrx_word' id='word_1_307' title='bbox 2043 1089 2166 1127; x_wconf 86' lang='lat' dir='ltr'>Anno</span> <span class='ocrx_word' id='word_1_308' title='bbox 2182 1098 2424 1128; x_wconf 77' lang='lat' dir='ltr'>Moctxvit.</span> 
     </span>
     <span class='ocr_line' id='line_1_59' title="bbox 1377 1142 2423 1198; baseline -0.004 -11"><span class='ocrx_word' id='word_1_309' title='bbox 1377 1145 1417 1187; x_wconf 90' lang='lat' dir='ltr'>in</span> <span class='ocrx_word' id='word_1_310' title='bbox 1433 1146 1551 1189; x_wconf 87' lang='lat' dir='ltr'>Alma</span> <span class='ocrx_word' id='word_1_311' title='bbox 1570 1146 1684 1190; x_wconf 88' lang='lat' dir='ltr'>Urbe</span> <span class='ocrx_word' id='word_1_312' title='bbox 1697 1145 1826 1188; x_wconf 88' lang='lat' dir='ltr'>nostra</span> <span class='ocrx_word' id='word_1_313' title='bbox 1844 1143 2045 1185; x_wconf 87' lang='lat' dir='ltr'>celebrati</span> <span class='ocrx_word' id='word_1_314' title='bbox 2063 1173 2078 1196; x_wconf 84' lang='lat'>‚</span> <span class='ocrx_word' id='word_1_315' title='bbox 2108 1144 2216 1186; x_wconf 90' lang='lat' dir='ltr'>inter</span> <span class='ocrx_word' id='word_1_316' title='bbox 2237 1143 2317 1185; x_wconf 73' lang='lat' dir='ltr'>alia</span> <span class='ocrx_word' id='word_1_317' title='bbox 2334 1142 2423 1198; x_wconf 84' lang='lat' dir='ltr'>plu.</span> 
     </span>
     <span class='ocr_line' id='line_1_60' title="bbox 1379 1200 2424 1260; baseline -0.003 -14"><span class='ocrx_word' id='word_1_318' title='bbox 1379 1204 1477 1248; x_wconf 88' lang='lat' dir='ltr'>rima</span> <span class='ocrx_word' id='word_1_319' title='bbox 1491 1208 1669 1248; x_wconf 75' lang='lat' dir='ltr'>Decreta</span> <span class='ocrx_word' id='word_1_320' title='bbox 1698 1217 1772 1260; x_wconf 92' lang='lat' dir='ltr'>pro</span> <span class='ocrx_word' id='word_1_321' title='bbox 1789 1200 1899 1247; x_wconf 90' lang='lat' dir='ltr'>felici</span> <span class='ocrx_word' id='word_1_322' title='bbox 1913 1200 2006 1243; x_wconf 68' lang='lat' dir='ltr'>dieti</span> <span class='ocrx_word' id='word_1_323' title='bbox 2022 1202 2189 1245; x_wconf 85' lang='lat' dir='ltr'>Ordinis</span> <span class='ocrx_word' id='word_1_324' title='bbox 2221 1202 2424 1257; x_wconf 89' lang='lat' dir='ltr'>gubernio</span> 
     </span>
     <span class='ocr_line' id='line_1_61' title="bbox 1376 1259 2424 1316; baseline -0.004 -11"><span class='ocrx_word' id='word_1_325' title='bbox 1376 1278 1468 1305; x_wconf 83' lang='lat' dir='ltr'>cum</span> <span class='ocrx_word' id='word_1_326' title='bbox 1496 1265 1712 1314; x_wconf 82' lang='lat' dir='ltr'>consensu,</span> <span class='ocrx_word' id='word_1_327' title='bbox 1744 1263 1786 1303; x_wconf 72' lang='lat' dir='ltr'>Sc</span> <span class='ocrx_word' id='word_1_328' title='bbox 1810 1259 2106 1316; x_wconf 86' lang='lat' dir='ltr'>approbatione</span> <span class='ocrx_word' id='word_1_329' title='bbox 2133 1262 2318 1304; x_wconf 86' lang='lat' dir='ltr'>omnium</span> <span class='ocrx_word' id='word_1_330' title='bbox 2337 1262 2424 1301; x_wconf 93' lang='lat' dir='ltr'>Vo-</span> 
     </span>
     <span class='ocr_line' id='line_1_62' title="bbox 1378 1317 2416 1377; baseline -0.005 -13"><span class='ocrx_word' id='word_1_331' title='bbox 1378 1322 1525 1365; x_wconf 86' lang='lat' dir='ltr'>calium</span> <span class='ocrx_word' id='word_1_332' title='bbox 1540 1325 1577 1364; x_wconf 89' lang='lat' dir='ltr'>in</span> <span class='ocrx_word' id='word_1_333' title='bbox 1591 1337 1643 1366; x_wconf 83' lang='lat' dir='ltr'>eo</span> <span class='ocrx_word' id='word_1_334' title='bbox 1655 1331 2000 1377; x_wconf 75' lang='lat' dir='ltr'>congregatorum</span> <span class='ocrx_word' id='word_1_335' title='bbox 2015 1317 2112 1363; x_wconf 59' lang='lat' dir='ltr'>facta</span> <span class='ocrx_word' id='word_1_336' title='bbox 2137 1349 2151 1373; x_wconf 86' lang='lat'>,</span> <span class='ocrx_word' id='word_1_337' title='bbox 2166 1322 2205 1362; x_wconf 85' lang='lat'>&amp;</span> <span class='ocrx_word' id='word_1_338' title='bbox 2223 1319 2416 1369; x_wconf 80' lang='lat' dir='ltr'>stabilita,</span> 
     </span>
     <span class='ocr_line' id='line_1_63' title="bbox 1376 1376 2421 1436; baseline -0.003 -14"><span class='ocrx_word' id='word_1_339' title='bbox 1376 1381 1564 1436; x_wconf 67' lang='lat' dir='ltr'>expresse</span> <span class='ocrx_word' id='word_1_340' title='bbox 1587 1381 1780 1424; x_wconf 82' lang='lat' dir='ltr'>stat-utum</span> <span class='ocrx_word' id='word_1_341' title='bbox 1795 1409 1810 1430; x_wconf 87' lang='lat'><em>,</em></span> <span class='ocrx_word' id='word_1_342' title='bbox 1843 1393 1887 1421; x_wconf 86' lang='lat' dir='ltr'>ac</span> <span class='ocrx_word' id='word_1_343' title='bbox 1916 1377 2152 1422; x_wconf 88' lang='lat' dir='ltr'>ordinatum</span> <span class='ocrx_word' id='word_1_344' title='bbox 2169 1377 2246 1421; x_wconf 92' lang='lat' dir='ltr'>fuit</span> <span class='ocrx_word' id='word_1_345' title='bbox 2262 1406 2278 1430; x_wconf 86' lang='lat'>‚</span> <span class='ocrx_word' id='word_1_346' title='bbox 2308 1376 2421 1434; x_wconf 86' lang='lat' dir='ltr'>quod</span> 
     </span>
     <span class='ocr_line' id='line_1_64' title="bbox 1375 1436 2423 1493; baseline -0.004 -12"><span class='ocrx_word' id='word_1_347' title='bbox 1375 1439 1627 1483; x_wconf 89' lang='lat' dir='ltr'>Diffinitores</span> <span class='ocrx_word' id='word_1_348' title='bbox 1642 1438 1876 1484; x_wconf 87' lang='lat' dir='ltr'>Generales</span> <span class='ocrx_word' id='word_1_349' title='bbox 1886 1436 2069 1493; x_wconf 76' lang='lat' dir='ltr'>ejusdem</span> <span class='ocrx_word' id='word_1_350' title='bbox 2083 1437 2247 1480; x_wconf 86' lang='lat' dir='ltr'>Ordinis</span> <span class='ocrx_word' id='word_1_351' title='bbox 2265 1437 2305 1477; x_wconf 89' lang='lat' dir='ltr'>iu</span> <span class='ocrx_word' id='word_1_352' title='bbox 2341 1439 2423 1478; x_wconf 90' lang='lat' dir='ltr'>Ur-</span> 
     </span>
     <span class='ocr_line' id='line_1_65' title="bbox 1372 1494 2415 1551; baseline -0.004 -13"><span class='ocrx_word' id='word_1_353' title='bbox 1372 1497 1426 1538; x_wconf 88' lang='lat' dir='ltr'>be</span> <span class='ocrx_word' id='word_1_354' title='bbox 1439 1498 1598 1551; x_wconf 84' lang='lat' dir='ltr'>praefata</span> <span class='ocrx_word' id='word_1_355' title='bbox 1614 1497 1841 1539; x_wconf 82' lang='lat' dir='ltr'>refiderent</span> <span class='ocrx_word' id='word_1_356' title='bbox 1856 1523 1872 1546; x_wconf 86' lang='lat'><strong>,</strong></span> <span class='ocrx_word' id='word_1_357' title='bbox 1903 1495 2046 1550; x_wconf 87' lang='lat' dir='ltr'>quibus</span> <span class='ocrx_word' id='word_1_358' title='bbox 2062 1510 2136 1550; x_wconf 93' lang='lat' dir='ltr'>pro</span> <span class='ocrx_word' id='word_1_359' title='bbox 2152 1494 2415 1551; x_wconf 76' lang='lat' dir='ltr'>urgentibus,</span> 
     </span>
     <span class='ocr_line' id='line_1_66' title="bbox 1371 1553 2421 1610; baseline -0.002 -15"><span class='ocrx_word' id='word_1_360' title='bbox 1371 1556 1410 1595; x_wconf 70' lang='grc' dir='ltr'>δε</span> <span class='ocrx_word' id='word_1_361' title='bbox 1435 1554 1687 1610; x_wconf 85' lang='lat' dir='ltr'>gravioribus</span> <span class='ocrx_word' id='word_1_362' title='bbox 1715 1553 1888 1608; x_wconf 85' lang='lat' dir='ltr'>negotiis</span> <span class='ocrx_word' id='word_1_363' title='bbox 1920 1554 2152 1607; x_wconf 88' lang='lat' dir='ltr'>Religionis</span> <span class='ocrx_word' id='word_1_364' title='bbox 2191 1553 2421 1596; x_wconf 87' lang='lat' dir='ltr'>communis</span> 
     </span>
     <span class='ocr_line' id='line_1_67' title="bbox 1371 1609 2417 1666; baseline 0.003 -15"><span class='ocrx_word' id='word_1_365' title='bbox 1371 1614 1482 1654; x_wconf 89' lang='lat' dir='ltr'>foret</span> <span class='ocrx_word' id='word_1_366' title='bbox 1509 1612 1729 1655; x_wconf 85' lang='lat' dir='ltr'>commiffio</span> <span class='ocrx_word' id='word_1_367' title='bbox 1755 1609 1988 1666; x_wconf 68' lang='lat' dir='ltr'>general-is,</span> <span class='ocrx_word' id='word_1_368' title='bbox 2017 1611 2118 1654; x_wconf 64' lang='lat' dir='ltr'>fasta</span> <span class='ocrx_word' id='word_1_369' title='bbox 2151 1611 2417 1655; x_wconf 76' lang='lat' dir='ltr'>procuratori</span> 
     </span>
     <span class='ocr_line' id='line_1_68' title="bbox 1370 1669 2420 1724; baseline 0 -13"><span class='ocrx_word' id='word_1_370' title='bbox 1370 1669 1566 1711; x_wconf 67' lang='lat' dir='ltr'>Generaisi</span> <span class='ocrx_word' id='word_1_371' title='bbox 1599 1684 1671 1724; x_wconf 89' lang='lat' dir='ltr'>per</span> <span class='ocrx_word' id='word_1_372' title='bbox 1702 1669 1926 1711; x_wconf 80' lang='lat' dir='ltr'>Ministrum</span> <span class='ocrx_word' id='word_1_373' title='bbox 1957 1670 2237 1721; x_wconf 78' lang='lat' dir='ltr'>Generalem,</span> <span class='ocrx_word' id='word_1_374' title='bbox 2271 1671 2324 1712; x_wconf 85' lang='lat' dir='ltr'>ita</span> <span class='ocrx_word' id='word_1_375' title='bbox 2341 1676 2420 1720; x_wconf 79' lang='lat' dir='ltr'>,ut</span> 
     </span>
     <span class='ocr_line' id='line_1_69' title="bbox 1373 1725 2417 1783; baseline 0.001 -14"><span class='ocrx_word' id='word_1_376' title='bbox 1373 1727 1647 1783; x_wconf 84' lang='lat' dir='ltr'>procederent</span> <span class='ocrx_word' id='word_1_377' title='bbox 1674 1726 1827 1769; x_wconf 83' lang='lat' dir='ltr'>infimul</span> <span class='ocrx_word' id='word_1_378' title='bbox 1847 1751 1862 1775; x_wconf 83' lang='lat'>‚</span> <span class='ocrx_word' id='word_1_379' title='bbox 1892 1728 1937 1768; x_wconf 64' lang='grc' dir='ltr'>δι’</span> <span class='ocrx_word' id='word_1_380' title='bbox 1959 1725 2202 1781; x_wconf 71' lang='lat' dir='ltr'>conjunffim</span> <span class='ocrx_word' id='word_1_381' title='bbox 2224 1726 2348 1783; x_wconf 85' lang='lat' dir='ltr'>usque</span> <span class='ocrx_word' id='word_1_382' title='bbox 2363 1725 2417 1770; x_wconf 85' lang='lat' dir='ltr'>ad</span> 
     </span>
     <span class='ocr_line' id='line_1_70' title="bbox 1373 1784 2415 1843; baseline -0.001 -15"><span class='ocrx_word' id='word_1_383' title='bbox 1373 1785 1615 1841; x_wconf 84' lang='lat' dir='ltr'>Capitulum</span> <span class='ocrx_word' id='word_1_384' title='bbox 1642 1784 1852 1829; x_wconf 77' lang='lat' dir='ltr'>Generale</span> <span class='ocrx_word' id='word_1_385' title='bbox 1880 1784 2048 1827; x_wconf 76' lang='lat' dir='ltr'>Ordinis</span> <span class='ocrx_word' id='word_1_386' title='bbox 2077 1784 2342 1843; x_wconf 70' lang='lat' dir='ltr'>hujusmodi,</span> <span class='ocrx_word' id='word_1_387' title='bbox 2366 1799 2415 1827; x_wconf 85' lang='lat' dir='ltr'>ac</span> 
     </span>
     <span class='ocr_line' id='line_1_71' title="bbox 1370 1843 2418 1900; baseline -0.001 -13"><span class='ocrx_word' id='word_1_388' title='bbox 1370 1843 1621 1900; x_wconf 88' lang='lat' dir='ltr'>postmodum</span> <span class='ocrx_word' id='word_1_389' title='bbox 1641 1845 1776 1888; x_wconf 75' lang='lat' dir='ltr'>omnia</span> <span class='ocrx_word' id='word_1_390' title='bbox 1790 1873 1808 1895; x_wconf 80' lang='grc'><strong>,</strong></span> <span class='ocrx_word' id='word_1_391' title='bbox 1836 1843 1873 1884; x_wconf 74' lang='lat' dir='ltr'>Bc</span> <span class='ocrx_word' id='word_1_392' title='bbox 1892 1843 2045 1898; x_wconf 78' lang='lat' dir='ltr'>fingula</span> <span class='ocrx_word' id='word_1_393' title='bbox 2064 1845 2242 1887; x_wconf 87' lang='lat' dir='ltr'>Decreta</span> <span class='ocrx_word' id='word_1_394' title='bbox 2275 1843 2418 1900; x_wconf 81' lang='lat' dir='ltr'>praefa-</span> 
     </span>
     <span class='ocr_line' id='line_1_72' title="bbox 1371 1903 2414 1959; baseline 0.001 -14"><span class='ocrx_word' id='word_1_395' title='bbox 1371 1913 1412 1946; x_wconf 87' lang='lat' dir='ltr'>ta</span> <span class='ocrx_word' id='word_1_396' title='bbox 1424 1918 1497 1958; x_wconf 87' lang='lat' dir='ltr'>per</span> <span class='ocrx_word' id='word_1_397' title='bbox 1516 1903 1756 1946; x_wconf 77' lang='lat' dir='ltr'>relationem</span> <span class='ocrx_word' id='word_1_398' title='bbox 1774 1903 2009 1946; x_wconf 45' lang='lat' dir='ltr'>bonamem.</span> <span class='ocrx_word' id='word_1_399' title='bbox 2023 1903 2268 1959; x_wconf 79' lang='lat' dir='ltr'>Hieronymi</span> <span class='ocrx_word' id='word_1_400' title='bbox 2281 1933 2297 1954; x_wconf 89' lang='lat'>,</span> <span class='ocrx_word' id='word_1_401' title='bbox 2313 1904 2414 1946; x_wconf 76' lang='lat' dir='ltr'>dum</span> 
     </span>
     <span class='ocr_line' id='line_1_73' title="bbox 1370 1961 2415 2013; baseline 0 -9"><span class='ocrx_word' id='word_1_402' title='bbox 1370 1963 1560 2013; x_wconf 75' lang='lat' dir='ltr'>viveret,</span> <span class='ocrx_word' id='word_1_403' title='bbox 1601 1965 1641 2004; x_wconf 88' lang='lat' dir='ltr'>S.</span> <span class='ocrx_word' id='word_1_404' title='bbox 1658 1964 1712 2005; x_wconf 75' lang='lat' dir='ltr'>R.</span> <span class='ocrx_word' id='word_1_405' title='bbox 1731 1964 1776 2004; x_wconf 86' lang='lat' dir='ltr'>E.</span> <span class='ocrx_word' id='word_1_406' title='bbox 1793 1961 2024 2005; x_wconf 85' lang='lat' dir='ltr'>Cardinalis</span> <span class='ocrx_word' id='word_1_407' title='bbox 2046 1962 2223 2005; x_wconf 73' lang='lat' dir='ltr'>Farnesti</span> <span class='ocrx_word' id='word_1_408' title='bbox 2257 1976 2415 2004; x_wconf 84' lang='lat' dir='ltr'>nuncu-</span> 
     </span>
     <span class='ocr_line' id='line_1_74' title="bbox 1368 2019 2411 2077; baseline -0.002 -13"><span class='ocrx_word' id='word_1_409' title='bbox 1368 2021 1482 2077; x_wconf 80' lang='lat' dir='ltr'>pati,</span> <span class='ocrx_word' id='word_1_410' title='bbox 1512 2020 1613 2063; x_wconf 70' lang='lat' dir='ltr'>dim</span> <span class='ocrx_word' id='word_1_411' title='bbox 1632 2020 1797 2063; x_wconf 79' lang='lat' dir='ltr'>Ordinis</span> <span class='ocrx_word' id='word_1_412' title='bbox 1819 2020 1924 2075; x_wconf 87' lang='lat' dir='ltr'>apud</span> <span class='ocrx_word' id='word_1_413' title='bbox 1953 2020 2102 2062; x_wconf 82' lang='lat' dir='ltr'>Sedem</span> <span class='ocrx_word' id='word_1_414' title='bbox 2135 2019 2411 2077; x_wconf 79' lang='lat' dir='ltr'>Apostolicam</span> 
     </span>
     <span class='ocr_line' id='line_1_75' title="bbox 1367 2077 2410 2134; baseline -0.001 -11"><span class='ocrx_word' id='word_1_415' title='bbox 1367 2080 1614 2123; x_wconf 63' lang='lat' dir='ltr'>Proteaoris</span> <span class='ocrx_word' id='word_1_416' title='bbox 1641 2078 1662 2121; x_wconf 73' lang='lat' dir='ltr'>a</span> <span class='ocrx_word' id='word_1_417' title='bbox 1690 2078 1759 2121; x_wconf 60' lang='lat' dir='ltr'>felt</span> <span class='ocrx_word' id='word_1_418' title='bbox 1775 2077 1938 2122; x_wconf 84' lang='lat' dir='ltr'>record.</span> <span class='ocrx_word' id='word_1_419' title='bbox 1969 2078 2191 2124; x_wconf 89' lang='lat' dir='ltr'>Clemente</span> <span class='ocrx_word' id='word_1_420' title='bbox 2206 2082 2315 2134; x_wconf 86' lang='lat' dir='ltr'>Papa</span> <span class='ocrx_word' id='word_1_421' title='bbox 2331 2080 2410 2122; x_wconf 82' lang='lat' dir='ltr'>1x.</span> 
     </span>
     <span class='ocr_line' id='line_1_76' title="bbox 1367 2136 2411 2194; baseline -0.004 -9"><span class='ocrx_word' id='word_1_422' title='bbox 1367 2137 1669 2185; x_wconf 81' lang='lat' dir='ltr'>Praedeceffore</span> <span class='ocrx_word' id='word_1_423' title='bbox 1686 2137 1821 2180; x_wconf 76' lang='lat' dir='ltr'>nost-ro</span> <span class='ocrx_word' id='word_1_424' title='bbox 1834 2136 2056 2194; x_wconf 79' lang='lat' dir='ltr'>approbata</span> <span class='ocrx_word' id='word_1_425' title='bbox 2069 2166 2084 2189; x_wconf 89' lang='lat'><strong>‚</strong></span> <span class='ocrx_word' id='word_1_426' title='bbox 2115 2139 2151 2178; x_wconf 71' lang='grc' dir='ltr'>δι</span> <span class='ocrx_word' id='word_1_427' title='bbox 2170 2136 2411 2181; x_wconf 79' lang='lat' dir='ltr'>confirmata.</span> 
     </span>
     <span class='ocr_line' id='line_1_77' title="bbox 1367 2194 2408 2252; baseline -0.004 -11"><span class='ocrx_word' id='word_1_428' title='bbox 1367 2196 1558 2249; x_wconf 82' lang='lat' dir='ltr'>fuerunt,</span> <span class='ocrx_word' id='word_1_429' title='bbox 1589 2207 1707 2252; x_wconf 77' lang='lat' dir='ltr'>prout</span> <span class='ocrx_word' id='word_1_430' title='bbox 1722 2196 1760 2237; x_wconf 89' lang='lat' dir='ltr'>in</span> <span class='ocrx_word' id='word_1_431' title='bbox 1775 2194 1894 2249; x_wconf 72' lang='lat' dir='ltr'>ipsius</span> <span class='ocrx_word' id='word_1_432' title='bbox 1918 2196 2150 2238; x_wconf 80' lang='lat' dir='ltr'>Clementis</span> <span class='ocrx_word' id='word_1_433' title='bbox 2178 2196 2408 2239; x_wconf 82' lang='lat' dir='ltr'>Praedeces-</span> 
     </span>
     <span class='ocr_line' id='line_1_78' title="bbox 1366 2252 2407 2309; baseline -0.002 -10"><span class='ocrx_word' id='word_1_434' title='bbox 1366 2256 1466 2299; x_wconf 86' lang='lat' dir='ltr'>soris</span> <span class='ocrx_word' id='word_1_435' title='bbox 1497 2255 1655 2307; x_wconf 88' lang='lat' dir='ltr'>literis,</span> <span class='ocrx_word' id='word_1_436' title='bbox 1683 2255 1854 2309; x_wconf 73' lang='lat' dir='ltr'>desuper</span> <span class='ocrx_word' id='word_1_437' title='bbox 1883 2255 1921 2296; x_wconf 85' lang='lat' dir='ltr'>in</span> <span class='ocrx_word' id='word_1_438' title='bbox 1954 2253 2068 2297; x_wconf 76' lang='lat' dir='ltr'>simili</span> <span class='ocrx_word' id='word_1_439' title='bbox 2103 2252 2230 2296; x_wconf 58' lang='grc' dir='ltr'>(ἧι-τηε</span> <span class='ocrx_word' id='word_1_440' title='bbox 2264 2255 2407 2297; x_wconf 88' lang='lat' dir='ltr'>Brevis</span> 
     </span>
     <span class='ocr_line' id='line_1_79' title="bbox 1364 2310 2402 2372; baseline -0.003 -14"><span class='ocrx_word' id='word_1_441' title='bbox 1364 2315 1434 2359; x_wconf 88' lang='lat' dir='ltr'>die</span> <span class='ocrx_word' id='word_1_442' title='bbox 1465 2329 1525 2358; x_wconf 81' lang='lat' dir='ltr'>ix.</span> <span class='ocrx_word' id='word_1_443' title='bbox 1554 2310 2013 2372; x_wconf 71' lang='lat' dir='ltr'>SeptemBris-ejusdem</span> <span class='ocrx_word' id='word_1_444' title='bbox 2031 2313 2126 2355; x_wconf 87' lang='lat' dir='ltr'>anni</span> <span class='ocrx_word' id='word_1_445' title='bbox 2151 2325 2402 2356; x_wconf 71' lang='lat' dir='ltr'>moetxvir.</span> 
     </span>
     <span class='ocr_line' id='line_1_80' title="bbox 1362 2372 2406 2431; baseline -0.004 -14"><span class='ocrx_word' id='word_1_446' title='bbox 1362 2373 1595 2431; x_wconf 77' lang='lat' dir='ltr'>expeditiS‚</span> <span class='ocrx_word' id='word_1_447' title='bbox 1625 2387 1798 2431; x_wconf 87' lang='lat' dir='ltr'>quarum</span> <span class='ocrx_word' id='word_1_448' title='bbox 1817 2382 2006 2415; x_wconf 88' lang='lat' dir='ltr'>tenorem</span> <span class='ocrx_word' id='word_1_449' title='bbox 2035 2372 2292 2428; x_wconf 81' lang='lat' dir='ltr'>praesentibus</span> <span class='ocrx_word' id='word_1_450' title='bbox 2326 2385 2406 2427; x_wconf 84' lang='lat' dir='ltr'>pro</span> 
     </span>
     <span class='ocr_line' id='line_1_81' title="bbox 1362 2430 2405 2488; baseline -0.003 -13"><span class='ocrx_word' id='word_1_451' title='bbox 1362 2432 1515 2488; x_wconf 68' lang='lat' dir='ltr'>plene,</span> <span class='ocrx_word' id='word_1_452' title='bbox 1544 2430 1841 2476; x_wconf 75' lang='lat' dir='ltr'>&amp;sufficienter</span> <span class='ocrx_word' id='word_1_453' title='bbox 1854 2430 2035 2488; x_wconf 87' lang='lat' dir='ltr'>expresso</span> <span class='ocrx_word' id='word_1_454' title='bbox 2057 2459 2071 2482; x_wconf 80' lang='lat'>,</span> <span class='ocrx_word' id='word_1_455' title='bbox 2101 2432 2140 2472; x_wconf 89' lang='lat'>&amp;</span> <span class='ocrx_word' id='word_1_456' title='bbox 2162 2430 2212 2472; x_wconf 90' lang='lat' dir='ltr'>ad</span> <span class='ocrx_word' id='word_1_457' title='bbox 2232 2431 2405 2473; x_wconf 79' lang='lat' dir='ltr'>verbu-m</span> 
     </span>
     <span class='ocr_line' id='line_1_82' title="bbox 1358 2488 2404 2544; baseline -0.003 -12"><span class='ocrx_word' id='word_1_458' title='bbox 1358 2490 1512 2544; x_wconf 78' lang='lat' dir='ltr'>inserto</span> <span class='ocrx_word' id='word_1_459' title='bbox 1527 2491 1682 2534; x_wconf 90' lang='lat' dir='ltr'>habere</span> <span class='ocrx_word' id='word_1_460' title='bbox 1698 2490 1881 2533; x_wconf 86' lang='lat' dir='ltr'>volumus</span> <span class='ocrx_word' id='word_1_461' title='bbox 1897 2517 1913 2540; x_wconf 87' lang='lat'>,</span> <span class='ocrx_word' id='word_1_462' title='bbox 1943 2488 2105 2531; x_wconf 74' lang='lat' dir='ltr'>uberius</span> <span class='ocrx_word' id='word_1_463' title='bbox 2134 2490 2374 2532; x_wconf 72' lang='lat' dir='ltr'>contin-etur</span> <span class='ocrx_word' id='word_1_464' title='bbox 2389 2515 2404 2529; x_wconf 83' lang='lat'><strong>.</strong></span> 
     </span>
    </p>

    <p class='ocr_par' dir='ltr' id='par_1_17' title="bbox 1342 2547 2404 3782">
     <span class='ocr_line' id='line_1_83' title="bbox 1418 2547 2404 2598; baseline -0.004 -6"><span class='ocrx_word' id='word_1_465' title='bbox 1418 2550 1524 2593; x_wconf 76' lang='lat' dir='ltr'>Cum</span> <span class='ocrx_word' id='word_1_466' title='bbox 1539 2560 1677 2591; x_wconf 86' lang='lat' dir='ltr'>autem</span> <span class='ocrx_word' id='word_1_467' title='bbox 1694 2575 1709 2598; x_wconf 70' lang='lat' dir='ltr'>a</span> <span class='ocrx_word' id='word_1_468' title='bbox 1740 2548 1836 2590; x_wconf 86' lang='lat' dir='ltr'>ficut</span> <span class='ocrx_word' id='word_1_469' title='bbox 1853 2547 2108 2590; x_wconf 80' lang='lat' dir='ltr'>Venerabilis</span> <span class='ocrx_word' id='word_1_470' title='bbox 2136 2550 2281 2590; x_wconf 78' lang='lat' dir='ltr'>Frater</span> <span class='ocrx_word' id='word_1_471' title='bbox 2309 2551 2404 2594; x_wconf 73' lang='lat' dir='ltr'>No-⁴</span> 
     </span>
     <span class='ocr_line' id='line_1_84' title="bbox 1357 2605 2400 2661; baseline -0.005 -9"><span class='ocrx_word' id='word_1_472' title='bbox 1357 2608 1440 2652; x_wconf 87' lang='lat' dir='ltr'>ster</span> <span class='ocrx_word' id='word_1_473' title='bbox 1454 2607 1691 2651; x_wconf 79' lang='lat' dir='ltr'>Franciscus-</span> <span class='ocrx_word' id='word_1_474' title='bbox 1704 2605 1922 2661; x_wconf 81' lang='lat' dir='ltr'>Episcopus</span> <span class='ocrx_word' id='word_1_475' title='bbox 1935 2606 2089 2648; x_wconf 74' lang='lat' dir='ltr'>Ostien.</span> <span class='ocrx_word' id='word_1_476' title='bbox 2108 2632 2122 2655; x_wconf 84' lang='lat'>‚</span> <span class='ocrx_word' id='word_1_477' title='bbox 2152 2608 2193 2647; x_wconf 75' lang='grc' dir='ltr'>δι</span> <span class='ocrx_word' id='word_1_478' title='bbox 2212 2607 2400 2649; x_wconf 85' lang='lat' dir='ltr'>Veliter-</span> 
     </span>
     <span class='ocr_line' id='line_1_85' title="bbox 1357 2664 2400 2722; baseline -0.004 -12"><span class='ocrx_word' id='word_1_479' title='bbox 1357 2682 1448 2711; x_wconf 91' lang='lat' dir='ltr'>nen.</span> <span class='ocrx_word' id='word_1_480' title='bbox 1471 2670 1512 2711; x_wconf 84' lang='lat' dir='ltr'>S.</span> <span class='ocrx_word' id='word_1_481' title='bbox 1532 2668 1586 2708; x_wconf 78' lang='lat' dir='ltr'>R.</span> <span class='ocrx_word' id='word_1_482' title='bbox 1601 2671 1647 2709; x_wconf 76' lang='lat' dir='ltr'>E.</span> <span class='ocrx_word' id='word_1_483' title='bbox 1674 2666 1864 2722; x_wconf 67' lang='lat' dir='ltr'>praedietae</span> <span class='ocrx_word' id='word_1_484' title='bbox 1891 2664 2120 2706; x_wconf 82' lang='lat' dir='ltr'>Cardinalis</span> <span class='ocrx_word' id='word_1_485' title='bbox 2152 2664 2400 2707; x_wconf 87' lang='lat' dir='ltr'>Barberinus</span> 
     </span>
     <span class='ocr_line' id='line_1_86' title="bbox 1356 2719 2397 2781; baseline -0.004 -13"><span class='ocrx_word' id='word_1_486' title='bbox 1356 2728 1478 2768; x_wconf 86' lang='lat' dir='ltr'>etiam</span> <span class='ocrx_word' id='word_1_487' title='bbox 1495 2735 1747 2781; x_wconf 88' lang='lat' dir='ltr'>nuncupatus</span> <span class='ocrx_word' id='word_1_488' title='bbox 1763 2752 1777 2774; x_wconf 88' lang='lat'>‚</span> <span class='ocrx_word' id='word_1_489' title='bbox 1807 2722 1969 2766; x_wconf 88' lang='lat' dir='ltr'>Ordinis</span> <span class='ocrx_word' id='word_1_490' title='bbox 1986 2719 2140 2778; x_wconf 83' lang='lat' dir='ltr'>praefati</span> <span class='ocrx_word' id='word_1_491' title='bbox 2155 2722 2261 2778; x_wconf 86' lang='lat' dir='ltr'>apud</span> <span class='ocrx_word' id='word_1_492' title='bbox 2278 2726 2364 2766; x_wconf 90' lang='lat' dir='ltr'>Nos</span> <span class='ocrx_word' id='word_1_493' title='bbox 2382 2749 2397 2773; x_wconf 87' lang='lat'><strong>,</strong></span> 
     </span>
     <span class='ocr_line' id='line_1_87' title="bbox 1354 2780 2398 2833; baseline -0.006 -5"><span class='ocrx_word' id='word_1_494' title='bbox 1354 2787 1392 2828; x_wconf 72' lang='grc' dir='ltr'>δε</span> <span class='ocrx_word' id='word_1_495' title='bbox 1418 2784 1602 2828; x_wconf 87' lang='lat' dir='ltr'>eamdem</span> <span class='ocrx_word' id='word_1_496' title='bbox 1621 2782 1770 2826; x_wconf 88' lang='lat' dir='ltr'>Sedem</span> <span class='ocrx_word' id='word_1_497' title='bbox 1787 2780 1968 2825; x_wconf 77' lang='lat' dir='ltr'>(imiliter</span> <span class='ocrx_word' id='word_1_498' title='bbox 1996 2783 2238 2833; x_wconf 68' lang='lat' dir='ltr'>Proteum,</span> <span class='ocrx_word' id='word_1_499' title='bbox 2267 2782 2398 2824; x_wconf 89' lang='lat' dir='ltr'>Nobis</span> 
     </span>
     <span class='ocr_line' id='line_1_88' title="bbox 1355 2839 2394 2899; baseline -0.007 -13"><span class='ocrx_word' id='word_1_500' title='bbox 1355 2857 1486 2899; x_wconf 89' lang='lat' dir='ltr'>nuper</span> <span class='ocrx_word' id='word_1_501' title='bbox 1504 2842 1683 2898; x_wconf 80' lang='lat' dir='ltr'>exposuit</span> <span class='ocrx_word' id='word_1_502' title='bbox 1698 2870 1713 2894; x_wconf 88' lang='lat'>‚</span> <span class='ocrx_word' id='word_1_503' title='bbox 1737 2851 1926 2884; x_wconf 89' lang='lat' dir='ltr'>enarrata</span> <span class='ocrx_word' id='word_1_504' title='bbox 1941 2840 2158 2883; x_wconf 86' lang='lat' dir='ltr'>Ordinatio</span> <span class='ocrx_word' id='word_1_505' title='bbox 2174 2868 2189 2892; x_wconf 90' lang='lat'><strong>‚</strong></span> <span class='ocrx_word' id='word_1_506' title='bbox 2221 2839 2284 2882; x_wconf 85' lang='lat' dir='ltr'>seu</span> <span class='ocrx_word' id='word_1_507' title='bbox 2316 2841 2394 2882; x_wconf 87' lang='lat' dir='ltr'>Di..</span> 
     </span>
     <span class='ocr_line' id='line_1_89' title="bbox 1355 2896 2397 2957; baseline -0.008 -11"><span class='ocrx_word' id='word_1_508' title='bbox 1355 2901 1512 2957; x_wconf 85' lang='lat' dir='ltr'>spofitio</span> <span class='ocrx_word' id='word_1_509' title='bbox 1527 2903 1634 2945; x_wconf 89' lang='lat' dir='ltr'>circa</span> <span class='ocrx_word' id='word_1_510' title='bbox 1650 2900 2142 2944; x_wconf 69' lang='lat' dir='ltr'>Diffinitorescenerales</span> <span class='ocrx_word' id='word_1_511' title='bbox 2168 2896 2360 2954; x_wconf 60' lang='lat' dir='ltr'>nir-siquam</span> <span class='ocrx_word' id='word_1_512' title='bbox 2376 2928 2397 2951; x_wconf 82' lang='lat'>‚</span> 
     </span>
     <span class='ocr_line' id='line_1_90' title="bbox 1352 2956 2387 3016; baseline -0.004 -13"><span class='ocrx_word' id='word_1_513' title='bbox 1352 2960 1416 3004; x_wconf 89' lang='lat' dir='ltr'>vel</span> <span class='ocrx_word' id='word_1_514' title='bbox 1431 2975 1569 3016; x_wconf 86' lang='lat' dir='ltr'>parum</span> <span class='ocrx_word' id='word_1_515' title='bbox 1586 2958 1793 3016; x_wconf 85' lang='lat' dir='ltr'>hucusque</span> <span class='ocrx_word' id='word_1_516' title='bbox 1809 2959 2019 3002; x_wconf 86' lang='lat' dir='ltr'>observata</span> <span class='ocrx_word' id='word_1_517' title='bbox 2035 2956 2155 3000; x_wconf 88' lang='lat' dir='ltr'>fuerit</span> <span class='ocrx_word' id='word_1_518' title='bbox 2171 2985 2185 3008; x_wconf 86' lang='lat'>‚</span> <span class='ocrx_word' id='word_1_519' title='bbox 2204 2971 2257 3000; x_wconf 87' lang='lat' dir='ltr'>eo</span> <span class='ocrx_word' id='word_1_520' title='bbox 2273 2957 2387 3014; x_wconf 88' lang='lat' dir='ltr'>quod</span> 
     </span>
     <span class='ocr_line' id='line_1_91' title="bbox 1351 3015 2392 3076; baseline -0.004 -15"><span class='ocrx_word' id='word_1_521' title='bbox 1351 3021 1420 3076; x_wconf 83' lang='lat' dir='ltr'>ipsi</span> <span class='ocrx_word' id='word_1_522' title='bbox 1437 3018 1684 3062; x_wconf 82' lang='lat' dir='ltr'>Diffinitores</span> <span class='ocrx_word' id='word_1_523' title='bbox 1701 3015 1844 3061; x_wconf 67' lang='lat' dir='ltr'>assueti</span> <span class='ocrx_word' id='word_1_524' title='bbox 1854 3016 2178 3062; x_wconf 66' lang='lat' dir='ltr'>vivendi-rationi</span> <span class='ocrx_word' id='word_1_525' title='bbox 2192 3044 2206 3067; x_wconf 86' lang='lat'>,</span> <span class='ocrx_word' id='word_1_526' title='bbox 2239 3029 2285 3058; x_wconf 91' lang='lat' dir='ltr'>ac</span> <span class='ocrx_word' id='word_1_527' title='bbox 2303 3030 2392 3058; x_wconf 88' lang='lat' dir='ltr'>mo-</span> 
     </span>
     <span class='ocr_line' id='line_1_92' title="bbox 1351 3074 2391 3132; baseline -0.006 -10"><span class='ocrx_word' id='word_1_528' title='bbox 1351 3079 1461 3122; x_wconf 85' lang='lat' dir='ltr'>ribus</span> <span class='ocrx_word' id='word_1_529' title='bbox 1478 3078 1516 3120; x_wconf 89' lang='lat' dir='ltr'>in</span> <span class='ocrx_word' id='word_1_530' title='bbox 1533 3077 1609 3121; x_wconf 83' lang='lat' dir='ltr'>suis</span> <span class='ocrx_word' id='word_1_531' title='bbox 1624 3077 1845 3122; x_wconf 78' lang='lat' dir='ltr'>Provinciis</span> <span class='ocrx_word' id='word_1_532' title='bbox 1873 3074 2102 3132; x_wconf 82' lang='lat' dir='ltr'>vigentibus</span> <span class='ocrx_word' id='word_1_533' title='bbox 2115 3107 2132 3128; x_wconf 90' lang='lat'>‚</span> <span class='ocrx_word' id='word_1_534' title='bbox 2162 3076 2202 3116; x_wconf 88' lang='lat'>&amp;</span> <span class='ocrx_word' id='word_1_535' title='bbox 2220 3074 2270 3117; x_wconf 91' lang='lat' dir='ltr'>ad</span> <span class='ocrx_word' id='word_1_536' title='bbox 2292 3074 2391 3117; x_wconf 88' lang='lat' dir='ltr'>illos</span> 
     </span>
     <span class='ocr_line' id='line_1_93' title="bbox 1351 3132 2389 3193; baseline -0.008 -11"><span class='ocrx_word' id='word_1_537' title='bbox 1351 3138 1476 3182; x_wconf 86' lang='lat' dir='ltr'>Urbis</span> <span class='ocrx_word' id='word_1_538' title='bbox 1493 3134 1670 3193; x_wconf 81' lang='lat' dir='ltr'>praefatae</span> <span class='ocrx_word' id='word_1_539' title='bbox 1680 3136 1784 3191; x_wconf 72' lang='lat' dir='ltr'>aegrt&#39;:</span> <span class='ocrx_word' id='word_1_540' title='bbox 1807 3132 1886 3180; x_wconf 83' lang='lat' dir='ltr'>sese</span> <span class='ocrx_word' id='word_1_541' title='bbox 1911 3134 2264 3178; x_wconf 78' lang='lat' dir='ltr'>accommodantes</span> <span class='ocrx_word' id='word_1_542' title='bbox 2287 3146 2389 3187; x_wconf 84' lang='lat' dir='ltr'>pro-</span> 
     </span>
     <span class='ocr_line' id='line_1_94' title="bbox 1348 3192 2389 3251; baseline -0.009 -11"><span class='ocrx_word' id='word_1_543' title='bbox 1348 3198 1539 3240; x_wconf 89' lang='lat' dir='ltr'>curabant</span> <span class='ocrx_word' id='word_1_544' title='bbox 1554 3225 1568 3247; x_wconf 88' lang='lat'><strong>,</strong></span> <span class='ocrx_word' id='word_1_545' title='bbox 1597 3194 1798 3251; x_wconf 76' lang='lat' dir='ltr'>facileque</span> <span class='ocrx_word' id='word_1_546' title='bbox 1841 3194 2083 3237; x_wconf 89' lang='lat' dir='ltr'>obtinebant</span> <span class='ocrx_word' id='word_1_547' title='bbox 2126 3193 2147 3232; x_wconf 74' lang='lat' dir='ltr'>a</span> <span class='ocrx_word' id='word_1_548' title='bbox 2182 3192 2389 3233; x_wconf 77' lang='lat' dir='ltr'>Romanis</span> 
     </span>
     <span class='ocr_line' id='line_1_95' title="bbox 1346 3248 2387 3305; baseline -0.005 -8"><span class='ocrx_word' id='word_1_549' title='bbox 1346 3252 1636 3305; x_wconf 79' lang='lat' dir='ltr'>Pontificibus,</span> <span class='ocrx_word' id='word_1_550' title='bbox 1668 3252 2020 3296; x_wconf 84' lang='lat' dir='ltr'>Praedecefforibus</span> <span class='ocrx_word' id='word_1_551' title='bbox 2055 3250 2213 3292; x_wconf 86' lang='lat' dir='ltr'>Nostris</span> <span class='ocrx_word' id='word_1_552' title='bbox 2254 3248 2387 3293; x_wconf 88' lang='lat' dir='ltr'>licen-</span> 
     </span>
     <span class='ocr_line' id='line_1_96' title="bbox 1342 3307 2385 3369; baseline -0.004 -13"><span class='ocrx_word' id='word_1_553' title='bbox 1342 3315 1440 3357; x_wconf 88' lang='lat' dir='ltr'>tiam</span> <span class='ocrx_word' id='word_1_554' title='bbox 1466 3311 1702 3356; x_wconf 72' lang='lat' dir='ltr'>revertendi</span> <span class='ocrx_word' id='word_1_555' title='bbox 1719 3312 1950 3369; x_wconf 82' lang='lat' dir='ltr'>inproprias</span> <span class='ocrx_word' id='word_1_556' title='bbox 1969 3308 2205 3352; x_wconf 84' lang='lat' dir='ltr'>Provincias</span> <span class='ocrx_word' id='word_1_557' title='bbox 2225 3336 2241 3359; x_wconf 82' lang='lat'>.,</span> <span class='ocrx_word' id='word_1_558' title='bbox 2272 3307 2385 3352; x_wconf 85' lang='lat' dir='ltr'>unde</span> 
     </span>
     <span class='ocr_line' id='line_1_97' title="bbox 1344 3365 2389 3422; baseline -0.006 -6"><span class='ocrx_word' id='word_1_559' title='bbox 1344 3374 1495 3416; x_wconf 61' lang='lat' dir='ltr'>factum</span> <span class='ocrx_word' id='word_1_560' title='bbox 1521 3371 1606 3422; x_wconf 82' lang='lat' dir='ltr'>est,</span> <span class='ocrx_word' id='word_1_561' title='bbox 1633 3381 1680 3413; x_wconf 87' lang='lat' dir='ltr'>ut</span> <span class='ocrx_word' id='word_1_562' title='bbox 1704 3372 1833 3413; x_wconf 89' lang='lat' dir='ltr'>omnis</span> <span class='ocrx_word' id='word_1_563' title='bbox 1863 3367 2047 3411; x_wconf 69' lang='lat' dir='ltr'>discussio</span> <span class='ocrx_word' id='word_1_564' title='bbox 2073 3393 2088 3418; x_wconf 84' lang='lat'>‚</span> <span class='ocrx_word' id='word_1_565' title='bbox 2124 3380 2172 3409; x_wconf 86' lang='lat' dir='ltr'>ac</span> <span class='ocrx_word' id='word_1_566' title='bbox 2197 3365 2389 3410; x_wconf 82' lang='lat' dir='ltr'>definitio</span> 
     </span>
     <span class='ocr_line' id='line_1_98' title="bbox 1345 3425 2402 3488; baseline -0.006 -14"><span class='ocrx_word' id='word_1_567' title='bbox 1345 3431 1599 3488; x_wconf 86' lang='lat' dir='ltr'>negotiorum</span> <span class='ocrx_word' id='word_1_568' title='bbox 1612 3458 1627 3480; x_wconf 91' lang='lat'><strong>‚</strong></span> <span class='ocrx_word' id='word_1_569' title='bbox 1657 3429 1818 3482; x_wconf 73' lang='lat' dir='ltr'>majoris</span> <span class='ocrx_word' id='word_1_570' title='bbox 1833 3428 1955 3470; x_wconf 87' lang='lat' dir='ltr'>etiam</span> <span class='ocrx_word' id='word_1_571' title='bbox 1971 3426 2169 3469; x_wconf 87' lang='lat' dir='ltr'>momenti</span> <span class='ocrx_word' id='word_1_572' title='bbox 2192 3425 2289 3467; x_wconf 67' lang='lat' dir='ltr'>dieti</span> <span class='ocrx_word' id='word_1_573' title='bbox 2306 3428 2402 3468; x_wconf 79' lang='lat' dir='ltr'>Or..&#39;</span> 
     </span>
     <span class='ocr_line' id='line_1_99' title="bbox 1344 3483 2388 3543; baseline -0.004 -10"><span class='ocrx_word' id='word_1_574' title='bbox 1344 3490 1445 3534; x_wconf 85' lang='lat' dir='ltr'>dinis</span> <span class='ocrx_word' id='word_1_575' title='bbox 1466 3489 1558 3532; x_wconf 82' lang='lat' dir='ltr'>fere</span> <span class='ocrx_word' id='word_1_576' title='bbox 1581 3488 1738 3543; x_wconf 78' lang='lat' dir='ltr'>semper</span> <span class='ocrx_word' id='word_1_577' title='bbox 1769 3486 1838 3530; x_wconf 85' lang='lat' dir='ltr'>sita</span> <span class='ocrx_word' id='word_1_578' title='bbox 1865 3483 1963 3529; x_wconf 74' lang='lat' dir='ltr'>esset</span> <span class='ocrx_word' id='word_1_579' title='bbox 1996 3487 2035 3527; x_wconf 83' lang='lat' dir='ltr'>in</span> <span class='ocrx_word' id='word_1_580' title='bbox 2067 3485 2243 3527; x_wconf 72' lang='lat' dir='ltr'>arbitrio</span> <span class='ocrx_word' id='word_1_581' title='bbox 2256 3483 2388 3529; x_wconf 77' lang='lat' dir='ltr'>solius</span> 
     </span>
     <span class='ocr_line' id='line_1_100' title="bbox 1345 3543 2383 3602; baseline -0.006 -10"><span class='ocrx_word' id='word_1_582' title='bbox 1345 3548 1514 3592; x_wconf 88' lang='lat' dir='ltr'>Ministri</span> <span class='ocrx_word' id='word_1_583' title='bbox 1529 3547 1766 3597; x_wconf 84' lang='lat' dir='ltr'>Generalis,</span> <span class='ocrx_word' id='word_1_584' title='bbox 1782 3560 1855 3601; x_wconf 88' lang='lat' dir='ltr'>pro</span> <span class='ocrx_word' id='word_1_585' title='bbox 1871 3555 2055 3602; x_wconf 81' lang='lat' dir='ltr'>tempore</span> <span class='ocrx_word' id='word_1_586' title='bbox 2064 3543 2296 3595; x_wconf 83' lang='lat' dir='ltr'>existentis,</span> <span class='ocrx_word' id='word_1_587' title='bbox 2313 3543 2383 3586; x_wconf 93' lang='lat' dir='ltr'>vel</span> 
     </span>
     <span class='ocr_line' id='line_1_101' title="bbox 1343 3602 2381 3662; baseline -0.004 -11"><span class='ocrx_word' id='word_1_588' title='bbox 1343 3604 1626 3652; x_wconf 73' lang='lat' dir='ltr'>procuratoris</span> <span class='ocrx_word' id='word_1_589' title='bbox 1639 3605 1854 3648; x_wconf 84' lang='lat' dir='ltr'>Generalis</span> <span class='ocrx_word' id='word_1_590' title='bbox 1871 3634 1884 3658; x_wconf 89' lang='lat'>,</span> <span class='ocrx_word' id='word_1_591' title='bbox 1909 3605 2003 3662; x_wconf 81' lang='lat' dir='ltr'>qui,</span> <span class='ocrx_word' id='word_1_592' title='bbox 2015 3604 2180 3648; x_wconf 85' lang='lat' dir='ltr'>absente</span> <span class='ocrx_word' id='word_1_593' title='bbox 2197 3602 2381 3647; x_wconf 64' lang='lat' dir='ltr'>eodem,</span> 
     </span>
     <span class='ocr_line' id='line_1_102' title="bbox 1342 3661 2381 3720; baseline -0.007 -10"><span class='ocrx_word' id='word_1_594' title='bbox 1342 3665 1523 3710; x_wconf 76' lang='lat' dir='ltr'>Ministro</span> <span class='ocrx_word' id='word_1_595' title='bbox 1538 3663 1729 3707; x_wconf 82' lang='lat' dir='ltr'>Generali</span> <span class='ocrx_word' id='word_1_596' title='bbox 1745 3664 1966 3719; x_wconf 77' lang='lat' dir='ltr'>deputatur</span> <span class='ocrx_word' id='word_1_597' title='bbox 1986 3663 2098 3720; x_wconf 83' lang='lat' dir='ltr'>juxta</span> <span class='ocrx_word' id='word_1_598' title='bbox 2122 3661 2381 3709; x_wconf 86' lang='lat' dir='ltr'>consuetudi-</span> 
     </span>
     <span class='ocr_line' id='line_1_103' title="bbox 1342 3721 2379 3782; baseline -0.005 -14"><span class='ocrx_word' id='word_1_599' title='bbox 1342 3739 1435 3769; x_wconf 87' lang='lat' dir='ltr'>nem</span> <span class='ocrx_word' id='word_1_600' title='bbox 1448 3722 1627 3782; x_wconf 74' lang='lat' dir='ltr'>ejusdem</span> <span class='ocrx_word' id='word_1_601' title='bbox 1643 3721 1810 3765; x_wconf 87' lang='lat' dir='ltr'>Ordinis</span> <span class='ocrx_word' id='word_1_602' title='bbox 1826 3724 1863 3766; x_wconf 91' lang='lat' dir='ltr'>in</span> <span class='ocrx_word' id='word_1_603' title='bbox 1881 3721 2215 3767; x_wconf 88' lang='lat' dir='ltr'>Commissarium</span> <span class='ocrx_word' id='word_1_604' title='bbox 2237 3724 2379 3765; x_wconf 88' lang='lat' dir='ltr'>Gene-</span> 
     </span>
    </p>
   </div>
   <div class='ocr_carea' id='block_1_14' title="bbox 1056 3773 2376 3895">
    <p class='ocr_par' dir='ltr' id='par_1_18' title="bbox 1056 3773 2376 3895">
     <span class='ocr_line' id='line_1_104' title="bbox 1056 3773 2376 3839; baseline -0.003 -12"><span class='ocrx_word' id='word_1_605' title='bbox 1056 3773 1242 3827; x_wconf 67' lang='lat' dir='ltr'>rec¹P¹at</span> <span class='ocrx_word' id='word_1_606' title='bbox 1256 3794 1274 3819; x_wconf 81' lang='lat'><em>2</em></span> <span class='ocrx_word' id='word_1_607' title='bbox 1332 3784 1462 3827; x_wconf 88' lang='lat' dir='ltr'>ralem</span> <span class='ocrx_word' id='word_1_608' title='bbox 1473 3797 1549 3839; x_wconf 88' lang='lat' dir='ltr'>pro</span> <span class='ocrx_word' id='word_1_609' title='bbox 1564 3783 1886 3826; x_wconf 79' lang='lat' dir='ltr'>Ultramontanis</span> <span class='ocrx_word' id='word_1_610' title='bbox 1901 3813 1918 3834; x_wconf 88' lang='lat'><strong><em>,</em></strong></span> <span class='ocrx_word' id='word_1_611' title='bbox 1932 3785 1963 3824; x_wconf 72' lang='lat' dir='ltr'>fiv</span> <span class='ocrx_word' id='word_1_612' title='bbox 1975 3781 2159 3826; x_wconf 75' lang='lat' dir='ltr'>Minister</span> <span class='ocrx_word' id='word_1_613' title='bbox 2184 3784 2376 3824; x_wconf 86' lang='lat' dir='ltr'>Genera-</span> 
     </span>
     <span class='ocr_line' id='line_1_105' title="bbox 1333 3839 2372 3895; baseline -0.004 -8"><span class='ocrx_word' id='word_1_614' title='bbox 1333 3842 1381 3887; x_wconf 88' lang='lat' dir='ltr'>lis</span> <span class='ocrx_word' id='word_1_615' title='bbox 1400 3843 1438 3888; x_wconf 91' lang='lat' dir='ltr'>in</span> <span class='ocrx_word' id='word_1_616' title='bbox 1453 3842 1572 3888; x_wconf 85' lang='lat' dir='ltr'>ltalia</span> <span class='ocrx_word' id='word_1_617' title='bbox 1583 3871 1597 3895; x_wconf 85' lang='lat'><strong>,</strong></span> <span class='ocrx_word' id='word_1_618' title='bbox 1625 3839 1779 3883; x_wconf 79' lang='lat' dir='ltr'>Italicis</span> <span class='ocrx_word' id='word_1_619' title='bbox 1794 3853 1934 3886; x_wconf 86' lang='lat' dir='ltr'>autem</span> <span class='ocrx_word' id='word_1_620' title='bbox 1948 3841 2171 3888; x_wconf 80' lang='lat' dir='ltr'>Provinciis</span> <span class='ocrx_word' id='word_1_621' title='bbox 2190 3840 2241 3891; x_wconf 69' lang='lat' dir='ltr'>,si</span> <span class='ocrx_word' id='word_1_622' title='bbox 2258 3839 2372 3883; x_wconf 70' lang='lat' dir='ltr'>ultra</span> 
     </span>
    </p>
   </div>
   <div class='ocr_carea' id='block_1_15' title="bbox 1654 3903 2315 3944">
    <p class='ocr_par' dir='ltr' id='par_1_19' title="bbox 1654 3903 2315 3944">
     <span class='ocr_line' id='line_1_106' title="bbox 1654 3903 2315 3944; baseline -0.006 0"><span class='ocrx_word' id='word_1_623' title='bbox 1654 3904 1691 3944; x_wconf 93' lang='lat' dir='ltr'>A</span> <span class='ocrx_word' id='word_1_624' title='bbox 1723 3916 1743 3944; x_wconf 90' lang='lat' dir='ltr'>a</span> <span class='ocrx_word' id='word_1_625' title='bbox 1776 3913 1797 3944; x_wconf 84' lang='lat'>2</span> <span class='ocrx_word' id='word_1_626' title='bbox 2151 3903 2315 3944; x_wconf 84' lang='lat' dir='ltr'>Montes</span> 
     </span>
    </p>
   </div>
  </div>
 </body>
</html>
