2658 4244
350 253 500 319 106

270 355 457 413 pientes:
475 353 650 412 Injunffi
679 354 800 398 Nobis
822 358 904 406 δι’.
935 357 1097 418 Qibus
1114 360 1218 404 inter
1240 358 1317 400 alia

269 415 558 465 interdicitur,
584 427 688 455 necx
701 417 854 461 tanede
868 425 1005 458 caetero
1033 421 1228 473 perpetuis
1241 417 1317 475 fa·

269 476 374 516 turis
393 471 628 528 temporibus
649 474 752 516 ullus
784 475 881 520 dih‘t'i
903 477 1063 518 Ordinis
1099 480 1314 531 Capueino-

268 544 360 574 rum
376 531 589 588 Religiosiis
603 533 657 575 ad
665 535 852 579 laxiorem
871 534 1017 591 absque
1016 534 1188 591 speciali
1200 536 1282 593 sica
1298 563 1312 585 ,

270 591 320 638 θ’
334 591 438 634 Sedis
455 591 682 648 Apostolicae
698 620 712 644 2
737 595 792 636 ad
803 594 1081 650 Carthustanos
1099 594 1186 636 vero
1205 624 1219 645 ,
1235 594 1313 651 fin

269 649 395 691 atium
408 661 675 707 quemcunque
703 654 885 695 Ordinem
903 682 917 705 .‚
942 656 1004 696 vel
1033 657 1314 709 Congregatto-

269 719 380 759 nem,
413 709 494 765 nisi
511 710 556 752 de
585 711 766 768 Ministrt
793 713 996 754 Generalis
1028 721 1105 767 pro
1143 721 1314 766 tempore

268 767 465 822 existentis
489 768 588 813 dina·
605 771 764 815 Ordinis
779 771 938 813 licentia
951 799 964 820 ,
978 770 1198 826 infir-ipris
1210 770 1312 810 obti-

268 826 426 878 nenda,
454 832 590 882 quovis
607 837 837 882 pra-textu,
856 829 935 886 stu
963 829 1077 883 causa
1102 828 1188 884 fitb
1211 831 1315 882 Apo-

256 883 422 943 stastae,
450 885 504 935 &-
527 884 709 944 infamiae
734 898 853 938 nota,
884 901 929 928 ac
955 889 1315 931 excommnnicaiio-

269 947 330 985 nis
345 972 359 995 ,
386 943 434 992 θ’
447 947 545 987 vocis
558 945 698 988 anivae
712 976 727 998 ,
753 945 806 996 ὠ·
813 944 967 1002 pafflvae
975 947 1219 1000 privationis
1237 952 1312 999 poe.

269 1004 330 1045 nis
344 1003 515 1058 transire
540 1006 802 1058 quoquomodo
816 1005 958 1046 audeat
970 1004 1069 1060 ,stu
1077 1002 1312 1059 prasumat,

269 1061 501 1117 prohibitus
516 1063 588 1107 fit:
607 1063 737 1105 Nobis
757 1074 975 1117 propterea
991 1089 1005 1112 2
1022 1075 1068 1102 ac
1084 1061 1182 1101 alias
1196 1088 1209 1110 ‚
1224 1062 1318 1116 quia

268 1118 435 1175 quidam
449 1121 682 1162 Conversus
697 1121 930 1176 Capucinus
947 1117 1127 1175 ejusdem
1146 1118 1319 1160 Provin-

269 1177 340 1221 ciae
363 1180 416 1218 Ν.
445 1176 636 1233 exemplo
661 1177 755 1223 dicti
774 1181 826 1219 N.
843 1178 987 1221 due'tus
1004 1205 1018 1227 ,
1045 1175 1095 1216 ad
1116 1175 1319 1222 eosdem

269 1237 434 1279 Fratres
463 1235 731 1278 Observantes
760 1237 883 1291 paulo
913 1237 996 1291 post
1015 1232 1181 1278 tranfire
1202 1232 1316 1279 ausus

269 1293 327 1337 est
341 1322 355 1344 ,
383 1292 435 1334 ab
449 1291 582 1351 eisque
597 1306 788 1350 receptus
803 1324 817 1347 ,
846 1298 882 1336 &
898 1295 919 1337 a
940 1292 1181 1342 Venerabili
1196 1295 1319 1338 etiam

269 1354 415 1396 Fratre
441 1351 645 1409 Episcopo
677 1357 729 1396 Ν.
762 1355 812 1396 ab
840 1353 1319 1398 excommunicatione-³

268 1410 478 1455 absolutus
506 1440 520 1462 ‚
564 1413 715 1467 subque
742 1412 805 1456 sua
837 1412 1091 1468 protestione
1126 1422 1318 1469 receptus

270 1467 346 1512 fuit
361 1496 376 1520 2
403 1470 567 1513 &inter
582 1471 748 1514 eosdem
767 1475 928 1514 Fratres
943 1472 1220 1518 observantes
1246 1470 1320 1516 de·

272 1528 367 1583 git,
390 1540 436 1570 ut
452 1528 695 1584 praefertur,
723 1529 933 1574 humiliter
949 1529 1162 1585 supplicari
1192 1527 1320 1579 fecit,

269 1595 316 1629 ut
340 1586 392 1629 de
418 1597 651 1642 opportuno
675 1589 713 1630 in
743 1587 942 1644 praemiffis
973 1589 1158 1631 remedio
1183 1587 1322 1643 provi-

271 1644 375 1688 dere
401 1645 453 1689 de
480 1648 730 1700 benignitate
763 1647 992 1701 Apostolica
1027 1645 1318 1700 dignaremur.

271 1705 361 1747 Nos
377 1703 499 1758 igitur
516 1704 696 1746 eundem
726 1705 1042 1753 Procuratorem
1067 1702 1320 1745 Generalem

270 1760 512 1815 specialibus
542 1759 774 1813 favoribus,
802 1764 842 1803 &
871 1762 1012 1817 gratiis
1043 1760 1234 1817 prosequi
1250 1774 1324 1802 vo-

270 1819 405 1864 lentes
419 1848 433 1868 ,
455 1819 496 1863 &
515 1818 748 1874 aquibusvis
764 1820 1196 1863 excommunicationis
1212 1849 1227 1870 ,
1262 1818 1325 1860 su-

270 1876 488 1933 spensionis
506 1906 519 1928 ,
546 1879 587 1925 ὃς
610 1879 816 1925 interdieti
835 1908 849 1930 a
878 1876 1046 1934 aliisque
1074 1877 1326 1926 Ecclesiasti-

273 1937 330 1982 cis
352 1934 562 1980 sententiis
577 1965 590 1988 ‚
617 1937 797 1980 censuris
812 1967 827 1989 ‚
856 1939 896 1979 &
911 1938 1043 1992 poenis
1060 1939 1080 1979 ὁ
1103 1937 1224 1994 jure,
1257 1935 1325 1983 vel

273 1995 326 2039 ab
352 1995 516 2039 homine
546 1996 681 2050 quavis
697 1998 906 2039 occasione
923 1997 988 2037 vel
1008 1996 1122 2040 causa
1146 1997 1236 2040 latis
1251 2026 1267 2046 ,
1299 1995 1325 2038 fl

272 2054 420 2110 quibus
440 2054 747 2112 quomodolibet
765 2054 983 2101 innodatus
999 2055 1131 2099 existit
1147 2085 1161 2109 ,
1187 2055 1237 2105 ad
1262 2053 1326 2098 ef-

273 2113 426 2156 fenum
453 2114 708 2167 praesentium
737 2114 935 2162 duntaxat
963 2114 1323 2170 consequendum,

273 2173 418 2215 harum
443 2170 546 2214 serie
576 2171 831 2216 absolventes
847 2201 861 2224 ‚
895 2174 932 2215 &
954 2172 1181 2217 absolutum
1197 2175 1325 2219 forea

273 2230 489 2275 censentes
504 2260 519 2280 ‚
551 2230 775 2286 hujusmodi
789 2231 1142 2288 supplicationibus
1157 2234 1324 2279 inclina-

273 2289 308 2331 ti
323 2315 338 2340 2
366 2291 431 2331 De
449 2289 687 2336 Venerabil.
708 2291 898 2336 Fratrum
913 2292 1151 2337 Nostrorum
1169 2296 1322 2341 s.R.E.,

273 2345 557 2390 cardinalium
571 2349 742 2402 negotiis
756 2377 769 2399 ,
795 2351 834 2391 &
849 2348 1211 2401 consultationibus
1231 2354 1327 2406 Epi-

273 2404 541 2465 scoporum&
567 2406 838 2462 Regularium
864 2408 1167 2464 praepofitorum
1194 2413 1327 2452 consi·

273 2464 332 2509 lio
347 2491 362 2514 ‚
379 2461 631 2507 declarando
643 2465 876 2519 praedie‘tam
891 2467 987 2515 dieti
998 2469 1155 2511 Urbani
1167 2469 1328 2511 Praede-

274 2520 436 2566 cessoris
454 2523 801 2566 Constitutionem
818 2525 972 2567 habere
988 2525 1123 2569 locum
1142 2529 1183 2570 in
1210 2531 1326 2570 Con-

274 2580 581 2639 gregationibus
597 2579 778 2637 ejusdem
794 2583 961 2633 Ordinis,
975 2587 1107 2629 Sanni
1124 2587 1325 2637 Francisci

273 2640 483 2684 Minorum
498 2639 551 2684 de
567 2640 832 2691 observantia
848 2671 862 2694 ,
885 2642 951 2686 seu
970 2645 1322 2705 Recollec'torum2

275 2709 344 2741 aut
362 2695 695 2744 Reformatorum
713 2729 729 2750 ‚
755 2700 822 2746 seu
850 2702 1025 2746 aliorum
1053 2705 1222 2755 instituti
1244 2707 1324 2748 mi-

276 2757 394 2812 tigati
409 2783 424 2806 ,
449 2769 714 2812 praenarratos
728 2760 969 2807 eorumdem
986 2765 1039 2805 Ν.
1053 2765 1094 2806 &
1110 2768 1163 2807 N.
1181 2767 1326 2813 transt--¹

276 2827 341 2858 tus
356 2845 372 2868 a
403 2816 441 2856 &
462 2816 723 2871 receptiones
738 2815 850 2866 fuisse
867 2819 1002 2868 nullos
1021 2851 1035 2876 ,
1055 2824 1323 2877 &invalidos‚

276 2873 524 2928 eosdemque
565 2877 621 2919 N.
661 2879 717 2918 N.
740 2876 920 2927 incidisse
956 2880 996 2922 in
1038 2895 1177 2936 poenas
1206 2885 1320 2927 die‘tae

275 2931 585 2981 Constitutionis
601 2932 780 2990 ejusdem
810 2939 967 2982 Urbani
990 2940 1292 2995 Praedecefforis
1306 2975 1322 2995 ,

277 3005 324 3036 ac
341 2992 398 3038 uti
419 2990 614 3048 apostatas
631 2996 1134 3053 1·eputandos‚Apost01ica
1149 2993 1325 3046 auctori&

275 3059 364 3094 tate
381 3079 396 3102 a
411 3059 555 3094 tenore
570 3053 827 3107 praesentium
837 3056 1111 3112 decernimus2
1124 3064 1322 3119 Superio-r

275 3110 390 3156 ribus
405 3110 504 3152 vero
515 3111 840 3158 provincialibus
853 3143 868 3164 ,
899 3118 1144 3163 Guardianis
1157 3149 1171 3171 ‚
1193 3111 1321 3165 Vica'..

275 3169 344 3212 riis
360 3166 660 3228 quibuscunque
675 3173 1055 3227 Congregationum
1071 3179 1319 3236 hujusmodi,

276 3242 330 3270 ne
355 3228 394 3271 in
418 3227 619 3283 posterum
649 3232 810 3279 Fratres
828 3234 1218 3291 Capucinoscontra
1239 3235 1323 3283 for-'

275 3301 386 3333 mam
399 3287 597 3334 dic‘tarum
614 3290 766 3340 Urbani
777 3290 1076 3340 Praedecefforis
1091 3295 1322 3353 literarum,

276 3346 345 3389 seu
361 3346 712 3394 constitutionum
728 3377 742 3400 ‚
754 3363 801 3392 ac
816 3348 1017 3404 praesentis
1037 3355 1209 3398 Decreti
1227 3385 1241 3407 ‚
1261 3352 1326 3401 re-'

278 3405 416 3458 cipere
441 3429 454 3451 2
482 3406 703 3453 admittere
728 3435 744 3459 2
770 3409 836 3451 seu
858 3409 1038 3459 retinere
1061 3413 1324 3469 praesumant,

279 3474 332 3526 εξ(
350 3464 488 3527 quavis
509 3467 626 3508 causa
644 3495 659 3517 ‚
685 3468 725 3508 δι
739 3477 967 3521 praetextu,
994 3469 1062 3512 sub
1089 3474 1328 3516 excommuss

280 3522 491 3562 nicationis
518 3523 607 3567 latae
635 3525 843 3568 sententiae
867 3553 882 3576 2
910 3529 1147 3583 privationis
1171 3532 1327 3576 officio-

281 3591 371 3618 rum
386 3605 400 3627 ‚
425 3592 691 3646 acperpetuae
708 3586 969 3630 inhabilitatis
986 3587 1037 3638 ad
1052 3590 1324 3647 quoscumque

281 3637 391 3677 aetus
406 3636 606 3701 legitimos
621 3644 875 3689 exercendos
891 3647 1022 3700 poenis
1037 3675 1052 3698 ,
1077 3662 1128 3690 eo
1145 3649 1226 3702 ipso
1241 3650 1327 3693 abs-

283 3708 364 3748 que
379 3693 455 3735 alia
468 3694 743 3744 declaratione
757 3705 1011 3748 incurrendis
1023 3700 1297 3757 ,aufloritate
1309 3742 1324 3762 ,

283 3754 483 3795 &tenore
511 3758 703 3806 praemiffis
728 3762 1011 3807 interdicimus
1027 3796 1042 3816 ,
1073 3768 1111 3808 &
1137 3771 1324 3822 prohibe-

285 3822 373 3853 mus
387 3839 403 3861 2
419 3810 613 3859 facultate
631 3817 890 3873 absolvendi,
905 3824 1162 3881 habilitandi²
1178 3828 1247 3872 seu
1261 3844 1325 3873 re-

942 232 1114 328 ‘Sub
1174 241 1600 331 Innocentio
1661 242 1759 327 X.

1380 360 1607 416 integrandi
1623 361 1820 407 duntaxat
1837 354 1932 401 Sedi
1950 354 2188 410 Apostolicae
2200 359 2423 416 reservata3

1379 418 1567 474 salvaque
1598 419 1755 476 semper
1789 418 1824 458 in
1855 414 2049 472 praemiffis
2077 418 2321 462 aneton-itate
2350 436 2423 464 eo-

1375 476 1551 525 rundem
1567 478 1849 523 Cardinalium
1868 491 1880 524 ;
1903 479 2184 521 Decernentes
2211 475 2422 531 praesentes

1373 537 1513 580 literas
1538 540 1720 590 validas,
1754 536 1887 581 firmas
1905 565 1918 589 ,
1945 536 1984 575 &
2011 532 2195 580 efficaces
2223 535 2423 590 existere,

1373 598 1412 638 δε
1430 594 1545 647 fore,
1578 597 1747 654 suosque
1782 596 1983 650 plenarios
2008 624 2022 644 ,
2046 594 2085 633 &
2111 593 2299 648 integros
2329 595 2428 638 effe-

1373 658 1457 696 &us
1487 656 1617 700 sortiri
1634 687 1648 709 ,
1678 660 1717 700 δε
1733 656 1923 698 obtinere
1938 681 1952 704 ,
1977 655 2016 695 &
2032 652 2273 694 abomnibus
2289 679 2304 702 2
2328 666 2428 713 quos

1377 713 1452 760 illae
1468 725 1748 767 concernunt,
1761 717 2064 756 &concernent
2080 740 2094 762 2
2111 714 2150 753 in
2168 710 2347 757 futurum
2368 712 2428 760 in.

1379 771 1626 817 violabiliter
1639 773 1868 818 observari.
1891 774 2039 827 Sicque
2057 784 2128 825 per
2144 770 2428 826 quoscumque

1373 829 1538 885 judices
1554 834 1781 876 ordinarios
1794 861 1809 882 ,
1840 833 1878 874 &
1892 832 2104 886 delegatos
2127 858 2142 879 ,
2162 844 2204 871 ac
2220 828 2430 874 causarum

1376 889 1520 932 Palatii
1540 893 1760 946 Apostolici
1781 890 2004 934 Auditor-es
2022 887 2194 944 judicari
2211 917 2226 938 ,
2253 889 2293 928 &
2324 887 2427 930 defi-

1376 947 1452 988 niri
1469 947 1623 990 debere
1639 979 1652 1000 ‚
1679 965 1724 994 ae
1740 949 1898 990 irritum
1915 951 1976 999 ,δε
1994 949 2112 991 inane
2125 974 2140 997 ,
2153 945 2344 1004 quicquid
2370 948 2430 989 se-

1376 1017 1446 1050 cus
1466 1002 1581 1058 super
1607 1008 1663 1049 his
1680 1007 1700 1047 ἓι
1715 1020 1917 1061 quoquam
1933 1034 1947 1056 ‚
1977 1006 2116 1061 quavis
2138 1005 2426 1052 auetoritate„

1380 1062 1557 1106 scienter
1571 1093 1586 1115 ,
1614 1065 1677 1108 vel
1697 1065 1929 1119 ignoranter
1943 1063 2163 1119 contigerit
2176 1092 2191 1114 ,
2217 1065 2430 1110 attentari.

1379 1125 1475 1164 Non
1500 1122 1746 1167 obstantibus
1777 1121 2179 1173 constitutionibus,
2203 1122 2430 1168 &Ordina-

1380 1179 1560 1228 tionibus
1579 1180 1823 1238 Apostolicis
1839 1208 1852 1230 ‚
1883 1194 1930 1226 ac
1946 1179 2040 1222 dieti
2055 1180 2221 1222 Ordinis
2238 1207 2252 1230 2
2268 1182 2431 1231 etiam„

1374 1241 1614 1295 Juramento
1643 1268 1657 1291 ‚
1699 1236 2025 1285 Confirmatione
2064 1237 2297 1293 Apostolica
2311 1269 2326 1289 ‚
2359 1238 2427 1279 vel

1379 1298 1522 1352 quavis
1538 1296 1731 1347 firmitate
1747 1296 1825 1340 alia
1844 1296 2044 1343 roboratis
2059 1296 2214 1339 statutis
2229 1325 2244 1345 ‚
2273 1298 2310 1337 &
2327 1309 2431 1343 con-

1381 1354 1660 1399 suetudinibus
1690 1370 1704 1409 3
1733 1355 1958 1410 privilegiis
1974 1368 2138 1412 quoque
2167 1354 2334 1401 indultis
2351 1383 2364 1406 ,
2391 1356 2431 1401 ὃς

1381 1415 1531 1463 Literis
1564 1414 1808 1472 Apostolicis
1856 1414 1894 1456 in
1927 1415 2172 1462 contrarium
2202 1409 2430 1462 emissorum

1380 1475 1689 1530 quomodolibet
1707 1473 1927 1530 concesIIS‚
1953 1470 2202 1518 confirmatis
2218 1500 2232 1523 ,
2254 1473 2295 1512 &
2309 1471 2428 1515 inno-

1383 1533 1486 1576 vatis
1502 1562 1512 1573 .
1545 1534 1710 1593 Qibus
1731 1531 1916 1579 omnibus
1933 1559 1947 1582 ‚
1977 1533 2017 1571 &
2041 1530 2200 1586 singulis
2221 1559 2234 1582 ,
2259 1530 2428 1573 illorum

1385 1602 1548 1638 tenores
1578 1591 1833 1647 praesentibus
1863 1604 1935 1645 pro
1964 1589 2151 1646 expressis
2191 1589 2383 1632 habentes
2412 1618 2427 1641 ,

1382 1650 1462 1693 illis
1491 1649 1588 1691 alias
1619 1653 1658 1692 in
1688 1650 1756 1691 suo
1781 1650 1926 1692 robore
1942 1647 2208 1702 permansuris
2227 1676 2242 1699 2
2271 1647 2319 1695 ad
2334 1663 2426 1703 prae.

1384 1705 1587 1751 missorum
1603 1707 1786 1749 effeetum
1800 1705 2026 1756 specialiter
2042 1732 2056 1753 a
2084 1708 2121 1746 &
2140 1705 2329 1759 expresse
2355 1707 2428 1747 de-

1386 1778 1571 1817 rogamus
1586 1793 1599 1813 ,
1629 1762 1864 1817 caeterisque
1881 1763 2092 1807 contrariis
2107 1758 2425 1818 quibuscunque.

1387 1825 1541 1864 Datum
1559 1823 1699 1864 Romae
1717 1821 1820 1876 apud
1838 1822 2019 1864 Sanfiiam
2037 1820 2207 1862 Mariam
2224 1819 2428 1876 Majorem

1386 1881 1455 1923 sub
1474 1881 1635 1923 Annulo
1650 1879 1859 1922 Piscatoris
1876 1880 1955 1921 Die
1973 1892 2105 1921 xxvii.
2126 1879 2208 1935 Jul.
2224 1894 2420 1927 Miscuit-

1388 1937 1657 1991 Pontificatus
1672 1938 1807 1983 Nostri
1827 1940 1950 1981 Anno
1964 1941 2111 1985 Nono,

1965 2082 2003 2130 G
2007 2108 2018 2124 .
2052 2081 2284 2131 Gualterius
2295 2111 2308 2127 ,

1446 2241 1692 2296 Autograph.
1719 2243 1764 2281 in
1796 2238 1917 2284 Arcb.
1944 2241 2086 2283 secret,
2115 2240 2228 2283 Brev2
2251 2237 2424 2296 Apostol.

1507 2300 1664 2358 Regcsto
1679 2298 1819 2356 Mensis
1832 2299 1942 2361 ‘julii
1961 2297 2082 2357 1653.
2095 2295 2178 2357 sol.
2199 2308 2240 2348 7.,
2290 2298 2293 2300 ’

2172 2439 2404 2454 *—

1536 2538 2065 2597 ALEXANDER
2119 2538 2270 2584 v11.

1383 2665 1510 2716 Italas
1528 2693 1541 2715 ‚
1562 2679 1608 2713 ex
1624 2668 1798 2708 Ciuitate.
1823 2661 2001 2719 Senensi,
2034 2660 2176 2704 Fabius
2202 2661 2432 2704 Cardinalir

1445 2723 1601 2779 Ghist'us
1615 2734 1731 2766 antea
1745 2722 1884 2765 dmus.
1899 2725 2030 2772 Romn-
2043 2735 2119 2762 vti.
2138 2724 2238 2775 Apr.
2256 2734 2431 2762 moetv.

1442 2785 1620 2824 Summus
1640 2779 1816 2838 Pontiftx
1835 2790 1988 2822 creatus
2006 2806 2017 2817 .
2052 2776 2162 2819 Obiit
2186 2791 2294 2819 xxii.
2322 2779 2429 2820 Maii

1442 2854 1646 2884 Moetxvt
1662 2855 1694 2883 1.
1726 2838 1935 2895 postquam
1952 2834 2113 2894 stdff’t
2157 2839 2288 2884 Annos
2329 2849 2378 2882 xi
2391 2849 2427 2879 1-

1443 2899 1618 2958 Menst'm
1653 2912 1688 2954 t.
1713 2901 1808 2953 Dies
1836 2911 1934 2951 xvi.

1380 3038 1457 3094 Ne
1475 3053 1529 3084 ex
1559 3033 1719 3085 nostris
1738 3034 2031 3093 Bibliothecis,
2047 3034 2171 3084 Libri
2189 3070 2204 3092 ,
2233 3037 2432 3102 quinter-

1414 3125 1488 3165 na,
1503 3105 1612 3167 folia¹
1628 3105 1719 3167 &cs
1731 3106 2043 3172 extrahantuq
2059 3108 2135 3154 vel
2152 3119 2275 3153 extra
2286 3105 2432 3155 Ordi-

1417 3195 1523 3226 nem
1542 3175 1895 3234 commodentur
1911 3209 1927 3231 ‚
1961 3173 2042 3223 sub
2058 3177 2430 3225 excommunica-

1419 3249 1557 3297 tionis
1576 3283 1591 3306 ,
1626 3265 1677 3296 ac
1713 3245 1979 3315 privationis
2007 3244 2097 3305 ἃς,
2131 3247 2279 3323 poenis
2297 3249 2431 3297 novi-

1422 3332 1491 3379 ter
1510 3318 1721 3387 prohibet
1735 3354 1751 3380 ·.

1423 3468 1956 3530 ALEXANDER
2004 3471 2208 3528 PAPA
2246 3471 2390 3522 νη..

1583 3596 1652 3651 Ad,
1665 3595 1860 3652 futuram
1888 3597 1947 3638 rei
1980 3599 2203 3639 memoriam
2217 3627 2232 3638 .

1503 3712 1787 3764 Onservationi
1802 3740 1816 3763 ,
1837 3714 1876 3754 &
1897 3716 2190 3756 manutentioni
2208 3715 2421 3758 Librorum

1522 3771 1862 3813 Bibliothecarum
1885 3774 2066 3816 omnium
2080 3804 2095 3825 ,
2127 3775 2167 3814 δε
2181 3773 2421 3827 singulorum

1385 3834 1674 3872 Conventuum
1701 3831 1889 3875 Fratrum
1918 3833 2083 3876 Ordinis
2099 3833 2302 3890 Minorum
2320 3833 2423 3871 San-⁴

2310 3890 2361 3930 eti
