2658 4244
339 262 363 303 1
392 258 421 321 3
453 233 488 298 6

266 337 610 409 Indulgentiam
629 334 878 406 plenariam
910 355 993 407 pro
1013 339 1300 390 Miffionibus

299 408 566 461 volantibus
596 406 843 458 concessam
873 446 890 468 ‚
919 410 1176 460 Animabus
1208 417 1301 461 De-

300 481 564 534 funflorum
589 496 670 550 per
694 479 886 530 modum
916 477 1130 552 Suffragii
1159 484 1299 551 appli-

270 606 274 610 ,
301 553 395 604 cari
423 547 543 620 posse
557 585 575 611 ,
601 550 840 603 concedit.
1154 546 1158 552 ’

364 693 854 749 INNOCENTIUS
892 696 1065 746 PAPA
1103 697 1201 744 XI.

263 852 266 862 ,
333 813 523 870 Um‘verfis
542 783 1073 871 Chrssffi'dclibuspraestntes
1094 815 1246 854 Litcras

388 876 431 915 in
444 871 622 928 pcbi‘usz
639 873 812 914 Salutem
827 899 840 922 ‚
865 870 919 919 ὠ·
934 869 1188 928 Apcssolicam

585 931 892 975 Benediflioncm
908 955 930 980 =

388 1048 611 1093 Oelestium
626 1061 839 1091 munerum
856 1047 1081 1090 Thesauros
1097 1074 1111 1096 ,
1136 1057 1309 1099 quorum

264 1048 377 1165 C
405 1109 696 1163 dispensatores
723 1109 810 1148 Nos
838 1107 968 1147 voluit
981 1103 1202 1148 Altiffimus
1219 1131 1233 1153 ‚
1258 1102 1313 1143 li-

268 1167 420 1208 benter
435 1166 515 1207 illis
528 1164 780 1219 impartimur
793 1191 807 1214 ,
821 1176 918 1219 quos
935 1177 1008 1218 pro
1024 1160 1143 1204 suain
1159 1163 1308 1210 Deum,

264 1225 310 1263 ἃ.
324 1224 523 1278 proximos
538 1222 736 1265 charitate
747 1251 762 1271 ,
777 1223 818 1262 &
831 1220 1067 1264 Christiana:
1083 1218 1311 1273 Religionis

263 1282 380 1327 zelo
392 1311 408 1332 ,
425 1282 665 1325 Animarum
690 1279 859 1323 salutem
888 1281 1000 1324 omni
1016 1278 1145 1322 studio
1163 1292 1313 1334 procu-

266 1354 362 1383 rare
377 1340 644 1395 intelligimus
657 1367 670 1381 .
695 1342 795 1398 Qo
808 1338 847 1380 in
861 1352 1014 1394 genere
1036 1352 1130 1380 cum
1143 1335 1309 1380 Ordinis

265 1401 459 1442 'fratrum
486 1399 687 1442 Minorum
708 1398 841 1441 sanni
860 1397 1056 1442 Francisci
1076 1395 1309 1453 Capucino-

264 1472 358 1500 rum
378 1467 701 1513 nuncupatorum
719 1455 927 1510 religiosos
953 1456 1164 1498 habeamus
1184 1482 1197 1506 ,
1221 1451 1312 1495 eos:-

266 1531 352 1571 que
379 1515 419 1557 in
442 1516 609 1572 primis,
632 1528 732 1572 quos
756 1513 924 1556 dilectus
948 1514 1072 1556 Filius
1098 1511 1279 1555 Minister
1293 1542 1310 1562 ,

266 1576 342 1618 seu
354 1574 408 1615 de
433 1574 522 1631 ejus
550 1574 742 1617 mandato
769 1599 783 1622 2
811 1575 1063 1616 Procurator
1090 1570 1310 1613 Generalis

269 1632 452 1689 ejusdem
467 1632 635 1675 Ordinis
656 1634 709 1672 ob
725 1632 827 1672 hanc
846 1629 1002 1674 causam
1018 1659 1034 1679 ‚
1050 1629 1126 1669 hoe
1142 1656 1156 1677 ‚
1171 1630 1211 1669 δε
1225 1627 1311 1669 aliis

267 1689 455 1747 proxime
477 1690 660 1731 venturis
675 1687 788 1729 annis
803 1715 815 1737 ,
835 1687 872 1727 in
889 1683 1062 1728 diversas
1078 1684 1312 1728 Christianae

266 1746 524 1802 Reipublicae
540 1745 775 1787 Provincias
789 1743 956 1786 mittere
970 1744 1178 1787 constituit
1192 1771 1206 1783 .
1220 1746 1308 1786 Nos

268 1805 362 1848 sane
391 1803 618 1849 eorundem
644 1801 950 1859 Religiosorum
977 1804 1174 1858 pietatem
1200 1829 1216 1853 ,
1264 1815 1309 1844 ac

269 1877 699 1921 operam2eorumque,
711 1863 762 1906 ad
777 1877 875 1919 quos
890 1861 949 1912 illi
966 1860 1157 1904 mittendi
1171 1870 1312 1911 erunt,

270 1922 519 1976 religionem
530 1921 870 1975 ,&devotionem
885 1920 1158 1977 spiritualibus
1173 1919 1310 1974 gratiis

270 1983 524 2032 confovere,
544 1995 589 2023 ac
605 1994 753 2035 augere
767 1981 998 2037 cupientes,
1009 1978 1191 2034 ejusdem
1210 1980 1311 2021 Pro-

273 2038 473 2086 curatoris
495 2039 715 2081 Generalis
736 2039 920 2094 precibus
938 2037 1067 2081 Nobis
1091 2035 1207 2092 super
1235 2039 1308 2079 hoc

268 2097 484 2141 humiliter
499 2097 699 2153 porrestis
715 2097 924 2148 inclinati,
941 2097 1128 2154 piamque
1144 2096 1314 2139 Ministri

271 2155 491 2199 Generalis
517 2154 670 2212 praefati
687 2154 1048 2207 deliberationem,
1077 2154 1307 2211 quantum„-

271 2228 367 2258 cum
385 2215 564 2257 Domino
579 2212 777 2271 possumus
792 2245 807 2265 ,
834 2228 1078 2270 promovere
1099 2214 1284 2257 volentes
1300 2241 1315 2264 ,

271 2273 326 2316 de
343 2272 646 2327 Omnipotentis
660 2274 739 2315 Dei
766 2273 1044 2317 misericordia
1060 2302 1074 2324 ‚
1103 2288 1148 2316 ac
1166 2277 1315 2316 Beato-

270 2333 364 2374 ruin
378 2332 521 2381 Petri,
537 2333 576 2374 &
593 2331 704 2374 Pauli
719 2331 1008 2387 Apostolorum
1027 2331 1111 2387 ejus
1125 2359 1138 2382 ,
1152 2332 1315 2373 Antho-

271 2391 400 2432 ritate
415 2388 548 2431 confifi
565 2419 579 2441 ,
602 2389 787 2432 omnibus
800 2419 815 2441 ,
839 2392 876 2432 &
903 2389 1063 2445 fingulis
1078 2389 1174 2432 dieti
1191 2388 1314 2431 Ordi-

271 2448 333 2490 nis
351 2447 562 2503 Religiofis
590 2448 801 2490 mittendis
830 2448 927 2503 (ubi
945 2459 1079 2491 tamen
1097 2462 1174 2489 non
1193 2455 1313 2489 erunt

271 2504 507 2550 Miffionarii
529 2507 872 2561 Congregationis
895 2506 947 2550 de
965 2506 1229 2561 Propaganda
1245 2504 1313 2546 Fi·-

272 2563 365 2621 de)
391 2566 428 2605 δι
453 2564 773 2622 aliisutriusque
798 2564 914 2607 sexus
941 2562 1312 2614 christifidelibus,

272 2622 325 2666 ad
342 2636 443 2678 quos
461 2623 528 2678 ipsi
542 2625 736 2666 mittendi
754 2623 990 2668 accefferint
1009 2653 1024 2676 ,
1045 2623 1220 2666 nostram
1233 2652 1248 2675 ‚
1272 2624 1310 2664 &

271 2679 548 2746 Apostolicam
565 2683 899 2727 Benedic‘tionem
919 2698 992 2740 per
1008 2686 1220 2740 praelentes
1236 2683 1313 2725 im-

271 2747 502 2794 partimur.
531 2742 622 2782 Nec
645 2754 722 2781 non
750 2742 889 2783 iisdem
915 2743 1210 2798 poenitentibus
1230 2771 1243 2794 ,
1273 2742 1313 2782 δε

272 2794 456 2838 confeffis
473 2826 486 2848 ‚
508 2812 553 2842 ac
570 2800 692 2841 Sacra
709 2801 1008 2844 Communione
1025 2799 1185 2843 refestis
1203 2832 1217 2852 ,
1243 2801 1315 2857 qui

273 2868 350 2912 pro
390 2858 538 2897 SanOEtae
579 2859 769 2900 Romanae
801 2859 990 2902 Ecclefiae
1020 2860 1272 2902 exaltatione
1297 2891 1314 2911 ‚

272 2913 508 2968 Principum
532 2914 847 2959 Christianorum
874 2920 1052 2969 unione,
1077 2917 1312 2961 Infidelium

276 2973 543 3038 conversione
563 3004 578 3024 ,
615 2975 804 3017 haeresum
837 2976 1111 3034 extirpatione
1133 3006 1148 3029 ‚
1189 2987 1313 3034 prout

275 3031 493 3088 unicuique
518 3030 706 3088 suggeret
734 3035 932 3087 devotio,
960 3037 1045 3092 pias
1071 3037 1119 3080 ad
1145 3040 1311 3080 Deum„

274 3103 418 3145 preces
436 3089 683 3141 effuderint,
709 3091 934 3146 plenariam
963 3098 1142 3138 omnium
1170 3109 1312 3152 pecca-

274 3160 416 3190 torum
430 3147 587 3191 suorum
602 3149 900 3204 Indulgentiam
916 3183 929 3205 ,
958 3157 997 3196 ὃς
1015 3154 1280 3197 remissionem
1295 3185 1312 3204 ,

274 3220 398 3262 quam
422 3213 544 3250 ctiam
572 3208 889 3264 Cbrssifidelium
907 3211 1194 3270 Defunb‘lorum
1209 3216 1311 3256 Ani-

275 3269 414 3310 mabus
431 3280 453 3318 ,Α
473 3279 562 3322 quae
580 3269 664 3307 Deo
678 3269 722 3309 in
737 3268 932 3311 charitate
945 3264 1156 3326 c‘onjunb‘lae
1181 3286 1226 3312 ex
1240 3272 1312 3313 hac

274 3326 359 3366 luce
372 3328 636 3382 migraverint
648 3354 662 3376 2
669 3335 745 3381 per
757 3322 1100 3385 modumsufflagr‘l
1114 3331 1313 3385 applicare

269 3382 408 3437 poffint
424 3413 439 3435 ,
463 3383 778 3427 misericorditer
794 3386 833 3427 in
850 3388 1027 3428 Domino
1043 3414 1057 3436 ‚
1074 3389 1313 3430 Authorita-

277 3450 322 3503 te
338 3442 566 3495 Apostolica
583 3472 597 3494 2
620 3453 767 3486 tenore
795 3442 1075 3498 praesentium,
1103 3459 1177 3498 pro
1202 3460 1312 3489 una„

238 3501 245 3509 ’
276 3509 371 3562 vice
386 3498 578 3543 duntaxat
593 3531 607 3552 ,
623 3516 696 3556 pro
715 3516 954 3559 unaquaque
971 3501 1151 3545 Miffione
1166 3516 1314 3544 conce-

274 3553 413 3597 dimus
430 3584 443 3606 ‚
471 3559 508 3598 &
530 3560 777 3614 elargimur.
804 3563 1025 3605 Hortantes
1047 3561 1312 3604 Venerabiles

278 3616 445 3656 Fratres
467 3617 756 3680 ‘patriarchas-,2
777 3622 975 3664 Primates
990 3648 1005 3671 ‚
1032 3619 1314 3673 Archiepisco-

280 3685 354 3724 1⁷0⁵
371 3702 385 3723 2
401 3672 615 3727 Epist-opos
632 3706 645 3728 ‚
658 3681 698 3719 &
712 3679 810 3731 alios
826 3675 1097 3721 Ecclefiarum
1118 3677 1195 3720 Dei
1211 3678 1315 3718 Prae-

280 3730 404 3796 latos,
420 3732 457 3770 &
475 3731 670 3796 Redtores
682 3765 695 3787 ‚
710 3750 756 3778 ac
770 3736 900 3779 Verbi
916 3736 990 3779 Dei
1007 3735 1314 3788 Praedicatores‚

281 3799 329 3830 ut
346 3803 387 3831 in
403 3789 479 3832 suis
505 3789 667 3845 quisque
683 3793 898 3854 Ecclefiis,
925 3808 1016 3837 curn
1039 3793 1216 3852 Populus
1232 3791 1314 3838 fre-

909 216 1070 309 Sub
1131 217 1555 310 Innocentio
1615 210 1756 311 XI.

1359 340 1547 395 quentior
1561 334 1683 378 fuerit
1698 362 1712 385 ,
1728 326 1939 388 praesentes
1958 322 2142 378 Literas,
2161 340 2203 371 ae
2223 330 2390 373 0112an

1359 399 1399 439 in
1415 397 1471 443 eis
1487 403 1680 438 contenta
1696 389 1905 448 publicent
1919 414 1932 437 ‚
1949 386 1988 425 &
2002 384 2197 440 publicari
2210 387 2357 439 faciant
2375 421 2390 441 ,

1362 470 1408 498 ac
1422 466 1583 508 omnem
1599 452 1749 495 eisdem
1766 444 1977 500 Religiofis
1993 443 2173 486 favorem
2187 471 2202 494 ‚
2221 447 2261 485 &
2282 445 2394 488 auxi-

1363 515 1461 557 lium
1483 515 1520 555 in
1540 509 1734 568 praemiffis
1765 506 1947 564 praestent
1965 533 1977 545 .
2006 501 2203 547 Volumus
2233 513 2396 556 autem,

1361 582 1409 615 ut
1436 572 1681 627 praesentium
1708 563 1964 617 transumptis
1987 590 2002 614 ‚
2026 562 2149 604 etiam
2178 561 2396 616 impreffis‚

1363 645 1481 676 manu
1507 631 1669 675 Notarii
1695 624 1846 684 publici
1876 620 2100 676 subscriptis
2127 650 2143 671 ‚
2183 620 2222 662 &
2252 619 2399 673 Sigillo

1362 690 1541 746 personae
1578 691 1617 731 in
1645 686 1845 742 dignitate
1875 678 2149 723 Ecclesiastica
2178 676 2402 720 constitutae

1364 748 1526 790 munitis
1540 777 1555 799 ‚
1569 748 1714 790 eadem
1728 741 1888 799 prorsus
1905 738 2005 782 fides
2025 738 2269 781 adhibeatur
2282 764 2297 787 ,
2320 750 2404 791 quae

1364 805 1621 862 praesentibus
1646 804 1935 850 adhiberetur,
1962 800 1988 839 fi
2017 795 2154 840 forent
2186 796 2405 846 exhibitae,

1365 863 1433 906 vel
1458 864 1639 908 ostensae.
1672 859 1933 903 Praesentibus
1959 857 2008 900 ad
2035 855 2287 912 septennium
2317 865 2404 896 tan-

1359 923 1446 963 tum
1476 921 1683 962 valituris.
1717 922 1868 960 Datum
1892 919 2034 959 Romae
2057 915 2162 970 apud
2192 916 2404 957 Sanctam„

1361 978 1534 1023 Mariam
1551 977 1751 1033 Maiorem
1777 977 1845 1015 sub
1861 974 2027 1016 Annulo
2049 973 2264 1016 Piscatoris
2294 971 2403 1015 dies·

1372 1049 1444 1080 xxt
1459 1034 1675 1093 1.Januarii
1692 1044 1964 1074 mocrxxxxx.
1982 1031 2248 1076 pontificatus
2264 1031 2405 1074 Nostri

1371 1098 1494 1139 Anno
1510 1089 1828 1139 Decimotertio.

1859 1151 1892 1191 Ι.
1908 1150 1958 1196 F.
1974 1147 2150 1191 Albanus
2165 1178 2180 1190 .

1429 1271 1553 1316 'Breve
1558 1269 1685 1372 sog-m
1709 1271 1752 1313 in
1769 1266 2037 1319 Arch.gener.
2051 1263 2149 1307 Ord.
2178 1265 2338 1307 Tom.H.
2355 1263 2412 1306 H.·

1486 1344 1591 1375 num.
1625 1343 1674 1374 ,2-

1600 1429 2171 1503 NOTA.

1368 1542 1412 1632 Ι
1423 1537 1718 1588 Mpraesentiariim
1733 1537 1843 1573 adhuc
1858 1535 1954 1579 viget
1968 1535 2037 1570 liaec
2050 1534 2193 1571 facultas
2204 1557 2218 1579 ,
2244 1533 2306 1570 suo
2320 1532 2409 1568 sern-

1438 1600 1498 1637 per
1513 1597 1664 1634 tempore
1677 1595 1844 1622 renovata
1857 1610 1868 1622 .

1372 1799 1734 1870 Indulgentiam,
1747 1798 2069 1861 Porticuncule
2086 1810 2414 1863 nuncupatam,

1407 1870 1433 1921 ἃ
1462 1869 1538 1919 fel.
1575 1889 1664 1919 rec.
1698 1869 1932 1938 Gregorio
1951 1871 2068 1918 XV.
2090 1884 2172 1934 pro
2191 1868 2314 1915 vivis
2330 1870 2414 1916 in..

1407 1958 1486 2009 per
1520 1954 1678 1989 etuum
1698 1936 1946 1987 concessam
1966 1973 1981 1994 ‚
2022 1939 2159 1984 etiam
2178 1938 2412 1986 animabus

1405 1958 1742 2063 Dellmetorum
1765 2025 1846 2075 per
1875 2005 2068 2055 modum
2089 2003 2306 2071 Suffragii
2336 2023 2414 2072 ap-

1411 2082 1569 2151 plicari
1589 2075 1708 2148 posse
1725 2114 1742 2138 ,
1772 2080 1819 2128 in
1849 2090 2120 2146 perpetuum
2148 2077 2313 2144 pariter
2346 2077 2412 2134 ine

1410 2152 1596 2223 dulget.

1405 2290 1995 2348 INNOCENTIUS
2031 2276 2233 2344 PAPA
2271 2291 2375 2338 x1.

1551 2391 1619 2434 Ad
1635 2398 1866 2446 perpetuam
1892 2391 1951 2434 rei
1977 2392 2200 2432 memoriam
2213 2416 2225 2428 .

1512 2506 1602 2549 Lias
1620 2506 1749 2550 felicis
1766 2507 2061 2551 recordationis
2076 2505 2303 2561 Gregorius
2337 2503 2418 2544 1³³2

1529 2578 1578 2620 pa
1593 2568 1685 2608 XV.
1704 2565 1970 2608 Praedecessor
1986 2567 2115 2607 noster
2129 2564 2317 2604 omnibus
2336 2588 2350 2610 ‚
2378 2560 2418 2599 δε

1372 2621 1532 2676 singulis
1558 2626 1764 2681 utriusque
1792 2623 1915 2667 Sextis
1942 2621 2284 2666 Christifidelibus
2319 2616 2419 2661 vere

1374 2683 1691 2737 poenitentibus,
1719 2679 1949 2727 &confeffis
1964 2710 1979 2734 2
2007 2697 2052 2726 ac
2068 2686 2192 2726 Sacra
2218 2682 2418 2722 Commu-4

1375 2742 1497 2783 nione
1522 2742 1680 2784 refe-etis
1698 2770 1712 2792 ‚
1739 2744 1807 2797 qui
1829 2743 2003 2798 aliquam
2032 2754 2081 2782 ex
2095 2739 2284 2781 Ecclefiis
2314 2738 2416 2776 Fra-

1373 2811 1479 2843 trum
1501 2800 1664 2842 Ordinis
1679 2801 1883 2842 Minorum
1897 2799 2027 2841 SanSti
2047 2795 2249 2838 Francisci
2274 2797 2417 2848 Capu-

1371 2859 1556 2901 cinorum
1581 2862 1903 2913 nuncupatorum
1932 2857 2081 2913 ubique
2109 2853 2373 2895 existentibus
2403 2879 2416 2901 ,

1374 2919 1452 2962 Die
1466 2917 1640 2960 secunda
1666 2915 1813 2959 Mensis
1838 2915 2005 2971 Augusti
2024 2913 2199 2968 aprimis
2226 2910 2415 2966 Vesperis

1372 2976 1493 3033 usique
1521 2976 1572 3018 ad
1598 2974 1782 3019 occasum
1814 2973 1904 3017 solis
1929 2974 2010 3016 diei
2039 2969 2269 3028 hujusmodi
2303 2969 2416 3012 annis

1371 3036 1535 3092 fingulis
1549 3034 1700 3077 devote
1715 3033 1929 3078 visitassent
1945 3061 1957 3084 ‚
1988 3031 2098 3074 &ibi
2125 3045 2202 3085 pro
2219 3027 2420 3070 Christia-

1373 3109 1519 3140 norum
1552 3093 1784 3148 Principum
1801 3090 2023 3135 concordia
2037 3117 2051 3139 ‚
2076 3087 2268 3129 haeresum
2284 3086 2416 3126 extir-

1374 3155 1567 3213 patione‚
1589 3166 1636 3194 ac
1659 3153 1808 3194 saneta
1837 3149 1977 3192 Matris
1995 3144 2181 3188 Ecclefiae
2199 3143 2417 3186 exaltatio-

1372 3225 1424 3257 ne
1439 3213 1520 3268 pias
1533 3210 1582 3255 ad
1599 3213 1733 3251 Deum
1747 3221 1892 3265 preces
1905 3202 2127 3248 effudissent
2139 3231 2154 3254 ,
2189 3203 2414 3259 plenariam

1373 3271 1555 3315 omnium
1576 3278 1837 3324 peccatorum
1852 3266 2012 3308 suorum
2027 3262 2332 3318 Indulgentiam
2347 3289 2361 3311 ,
2376 3263 2415 3302 &

1371 3327 1640 3377 remiffionem
1663 3325 1977 3370 misericorditer
1994 3323 2031 3365 in
2050 3325 2226 3364 Domino
2254 3320 2415 3362 conces-

1372 3390 1443 3440 fit,
1468 3390 1506 3430 8<
1524 3386 1648 3437 alias,
1680 3397 1804 3442 prout
1831 3385 1872 3427 in
1887 3382 2003 3439 ipsius
2031 3379 2224 3434 Gregorii
2253 3379 2417 3421 Praede—

1371 3445 1536 3490 cefforis
1555 3445 1681 3488 literis
1707 3444 1879 3500 desuper
1908 3441 1948 3482 in
1981 3438 2096 3481 simili
2128 3436 2255 3480 forma
2272 3439 2414 3480 Brevis

1374 3507 1453 3550 Die
1477 3519 1574 3550 xtt.
1600 3505 1786 3547 Ostobris
1815 3510 2036 3544 mncxxtr.
2055 3496 2282 3554 expeditis,
2312 3503 2429 3552 quas·

1373 3563 1579 3620 perpetuis
1607 3560 1751 3605 futuris
1786 3555 2035 3611 temporibus
2077 3557 2216 3599 valere
2247 3557 2378 3598 voluit
2401 3584 2416 3604 2

1374 3622 1537 3664 uber-ihs
1550 3621 1784 3662 continetur
1798 3646 1808 3656 .
1824 3618 1930 3658 Cum
1947 3623 2081 3657 autem
2095 3645 2110 3665 ,
2128 3614 2225 3657 ficut
2239 3614 2411 3657 dilectus

1374 3681 1500 3723 Filius
1532 3676 1750 3720 modernus
1784 3677 2029 3718 Procurator
2060 3674 2277 3716 Generalis
2320 3671 2415 3714 dicti

1373 3736 1542 3780 Ordinis
1559 3731 1684 3777 Nobis
1716 3746 1845 3788 nuper
1867 3730 2013 3787 exponi
2038 3729 2162 3783 fecit,
2190 3731 2414 3784 Indulgen-

1372 3798 1470 3839 tiam
1497 3791 1718 3851 plenariam
1744 3818 1758 3844 ,
1788 3793 1827 3832 δι
1853 3800 2109 3847 peccatorum
2137 3789 2407 3834 remiflionem

1543 3871 1545 3874 ·
2285 3859 2356 3901 per
