2658 4244
936 207 1098 295 Sub
1157 207 1499 303 ‘Urbano
1543 205 1757 296 VIII.

356 325 775 402 URBANUS
811 324 1019 377 PAPA
1061 331 1244 379 VI'II.

491 445 558 489 Ad
560 455 788 501 perpetuam
803 446 861 487 rei
875 447 1096 485 memoriam
1109 471 1120 484 .

368 561 574 605 Alvatoris
587 591 602 613 ‚
623 563 661 602 ὃς
676 563 836 604 Domini
851 559 1050 616 NostriJE
1060 563 1133 605 su
1143 564 1287 607 Christi
1300 593 1314 616 ‚

386 622 451 676 qui
465 621 650 662 Charitas
664 622 720 662 est
733 651 748 671 ,
763 623 803 662 δε
824 624 930 662 Deus
946 623 1052 673 pacis
1066 650 1081 671 ,
1109 623 1214 665 vices
1231 652 1245 674 ,
1261 624 1315 665 li-

281 690 351 721 cet
366 679 556 720 immeriti
573 689 763 732 gerentes
783 680 820 721 in
841 679 964 720 terris
978 709 993 729 ,
1026 679 1075 721 ad
1094 693 1139 722 ea
1169 696 1217 722 ex
1247 697 1318 737 pa—

255 777 257 779 ,
282 735 564 794 storalis‘officii
576 737 696 779 nostri
712 738 853 780 debito
865 737 1041 780 libenter
1058 739 1317 793 intendimus,

279 809 356 851 per
381 807 462 849 quae
482 795 588 835 inter
603 795 871 851 quoscumque
887 797 1179 841 christifideles
1194 828 1207 850 ,
1222 814 1317 855 prae-

278 852 415 895 {er-tim
439 851 636 896 Altiffimo
663 853 729 895 sub
752 854 858 897 suavi
886 855 1120 908 Religionis
1146 857 1241 914 jugo
1256 858 1315 901 fa-

278 911 478 954 mulantes
506 925 606 966 pair,
633 914 903 956 &concordia
931 913 1151 967 stabilitur,
1174 919 1213 958 ὃς
1228 932 1313 973 quae

273 978 496 1028 propterea
525 970 696 1025 proinde
728 970 828 1014 facta
859 970 1049 1024 fuerunt,
1080 975 1313 1030 Apostolico

275 1027 494 1070 munimine
508 1029 883 1087 roboramus‚prout
896 1031 1157 1088 conspicimus
1171 1034 1211 1077 in
1226 1039 1315 1079 Do-'

271 1086 386 1129 mino
415 1084 628 1132 fflubriter
650 1091 844 1147 expedire
861 1122 871 1131 .
904 1094 1048 1148 Nuper
1074 1092 1265 1149 fiquidem
1287 1095 1309 1136 a

274 1145 513 1188 Venerabili
545 1149 689 1189 Fratre
720 1149 853 1191 nostro
889 1150 1080 1193 Guidone
1108 1151 1307 1209 Episcopo

275 1204 554 1248 Praenestinen.
569 1205 799 1250 Bentivolio
812 1235 824 1258 ,
838 1223 885 1250 ac
902 1209 922 1250 a
939 1208 1094 1251 dilectis
1110 1210 1223 1253 Filiis
1235 1226 1307 1254 no-

275 1261 364 1303 stris
379 1263 560 1304 Antonio
580 1267 726 1306 Sannae
742 1267 878 1308 Mariae
895 1269 1191 1322 Transtyberim
1209 1273 1310 1312 San-

276 1321 328 1361 &i
345 1322 572 1375 Honuphrii
582 1325 727 1365 Fratre
749 1325 896 1367 Nostro
916 1329 1143 1376 Germano,
1167 1328 1309 1380 Maiori

275 1379 592 1421 Poenitentiario
606 1410 620 1432 ,
645 1383 684 1422 &
706 1382 955 1425 Bernardino
974 1385 1104 1426 Sanni
1130 1386 1243 1427 Petri
1262 1385 1310 1427 ad

273 1437 446 1478 Vincula
462 1437 590 1491 Spada
607 1443 627 1488 ,'
646 1452 798 1481 necnon
820 1441 932 1496 Julio
949 1444 1096 1483 Sanftae
1126 1442 1308 1485 Susannae

268 1495 520 1545 §acchettm
542 1497 582 1536 &
605 1499 759 1550 Joanne
787 1499 957 1554 Baptista
984 1500 1114 1542 Sancti
1143 1499 1304 1543 Eusebii

268 1551 496 1606 Pamphilio
510 1581 525 1608 2
550 1567 594 1594 ac
609 1553 857 1610 Hieronymo
874 1557 1106 1606 Titulorum
1120 1562 1161 1601 S.
1174 1563 1307 1613 Agne-

269 1610 323 1652 tis
351 1610 390 1651 in
418 1611 565 1665 Agone
590 1611 844 1666 Presbyteris
865 1615 1092 1669 Verospio,
1118 1631 1306 1660 necnon.)

269 1668 422 1711 Martio
443 1668 571 1711 saneti
591 1671 740 1724 Angeli
758 1672 798 1713 in
815 1675 920 1714 Foro
938 1673 1103 1715 Piscium
1125 1675 1308 1716 Diacono

270 1726 555 1769 Cardinalibus
587 1728 759 1769 Ginetto
785 1729 1000 1785 respective
1033 1734 1273 1787 nuncupatis
1291 1761 1308 1783 ,

272 1785 416 1839 quibus
440 1785 650 1839 negotium
676 1786 854 1841 paritatis
871 1797 1057 1831 votorum
1079 1789 1186 1832 inter
1203 1790 1309 1832 dile-

273 1845 357 1884 etos
386 1842 504 1884 Filios
532 1845 691 1885 Fratres
715 1846 894 1889 Minores
908 1845 1072 1890 Ordinis
1094 1851 1132 1889 S·
1149 1849 1311 1891 Franci-

273 1899 328 1942 sci
346 1901 575 1955 Capucinos
596 1914 841 1956 nuncupatos
865 1905 971 1947 ultra
988 1933 1002 1954 a
1016 1907 1056 1946 &
1075 1906 1137 1945 Eis
1154 1918 1311 1949 montes

274 1958 544 2001 concedendae
567 1987 581 2009 ,
613 1961 677 2002 vel
709 1962 902 2015 negandae
933 1963 1138 2004 Fratribus
1170 1966 1313 2007 Ultra-

268 2015 597 2067 montanis,i11am
608 2019 1196 2074 petentibus‚c0mmiseramus,
1211 2038 1319 2067 erna-

270 2075 385 2118 navit
415 2075 637 2117 Decretum
652 2078 804 2120 tenoris
832 2080 1062 2136 sequentis,
1094 2080 1317 2124 videlicet:

270 2132 394 2192 Qod
408 2146 480 2188 pro
494 2147 592 2188 pace
608 2161 622 2184 a
648 2136 687 2176 &
700 2138 914 2181 concordia
930 2139 969 2180 in
983 2140 1168 2182 univer-fit
1183 2144 1317 2196 Capu-

263 2196 457 2235 tinorum
469 2191 685 2245 Religione
697 2194 928 2241 stabilienda
943 2207 1159 2252 opporteat
1175 2213 1314 2241 omnes

273 2250 451 2305 ejusdem
479 2251 705 2303 Religionis
722 2256 955 2298 Provincias
980 2255 1030 2298 ad
1057 2256 1314 2303 absolutam-3

273 2310 477 2351 Votorum
493 2311 708 2364 paritatem
723 2312 919 2357 reducere
936 2343 950 2366 ,
969 2314 1041 2365 ita,
1054 2325 1098 2356 ut
1117 2312 1314 2358 illarunua

271 2366 459 2467 quaslibet
490 2377 636 2421 praeter
667 2371 828 2413 Patrem
852 2403 868 2423 ,
900 2382 945 2415 ut
977 2383 1122 2415 vocant
1142 2402 1155 2424 ‚
1188 2375 1310 2416 Mini-

306 2439 393 2467 rum
415 2426 634 2469 Provinciae
648 2455 660 2476 ‚
688 2429 810 2483 eligat
825 2429 924 2472 duos
939 2430 1139 2473 Custodes
1160 2445 1310 2472 nuncu-

271 2493 386 2539 patos
411 2483 462 2524 ad
488 2481 618 2526 futura
634 2488 823 2539 Capitula
838 2489 1042 2542 generalia
1059 2489 1279 2530 mittendos
1296 2518 1307 2529 .

272 2541 472 2600 Qoniam
494 2542 591 2581 vero
605 2569 619 2591 ‚
640 2552 683 2582 ut
699 2545 777 2585 haec
794 2547 992 2588 Votorum
1007 2547 1153 2599 paritas
1170 2546 1207 2586 in
1228 2549 1310 2589 Re-

271 2598 465 2653 ligionem
491 2598 707 2641 inducatur
722 2630 738 2650 ,
756 2601 915 2645 neceffe
940 2603 994 2645 est
1007 2632 1022 2652 ‚
1048 2602 1190 2645 decem
1209 2603 1311 2659 ejuss

272 2656 367 2698 dem
384 2656 612 2711 Religionis
630 2659 860 2702 Provincias
877 2676 984 2716 ‚quae
1002 2659 1091 2703 sunt
1109 2663 1310 2712 Romana,

271 2714 479 2764 Umbriae,
507 2714 585 2755 five
603 2717 733 2757 Sancti
759 2720 955 2761 Francis'ci
974 2748 987 2770 ,
1016 2719 1167 2761 Picaena
1190 2749 1203 2770 ,
1234 2724 1312 2762 Bo-

270 2771 466 2816 nonienfis
487 2799 500 2821 ‚
532 2774 801 2826 Neapolitana
819 2807 835 2827 ,
866 2778 1023 2819 Veneta
1041 2806 1053 2827 ‚
1081 2777 1280 2820 Hetrusca
1297 2805 1310 2829 ,

270 2834 430 2875 Lucana
445 2857 458 2879 ‚
480 2829 559 2872 slve
576 2829 784 2876 Bafilicatae
798 2862 811 2884 2
834 2835 1079 2884 Samnitum,
1097 2833 1162 2876 seu
1178 2840 1309 2891 Apru-

271 2890 350 2939 tii,
371 2889 409 2927 &
435 2888 595 2929 demum
617 2889 801 2943 Apuliae‚
832 2895 1021 2943 Dauniae,
1047 2895 1308 2951 Garganique

267 2946 419 2989 Montis
437 2974 451 2996 ‚
483 2944 561 2987 five
593 2949 720 2989 Sancti
753 2951 903 3005 Angeli
924 2979 938 3001 ,
970 2951 1119 2993 cedere
1148 2953 1308 3006 quibus-

268 3006 360 3046 dam
391 3004 496 3045 votis
512 3032 524 3053 ,
550 3018 677 3061 eaque
693 3037 708 3057 ,
740 3010 881 3062 quibus
898 3023 1001 3051 nunc
1017 3007 1203 3050 fruuntur
1224 3039 1239 3062 ‚
1269 3013 1309 3051 &

267 3063 356 3105 aliis
374 3061 597 3104 Provinciis
622 3065 802 3118 praestant
833 3067 954 3123 (cum
980 3078 1156 3123 quatuor
1179 3069 1306 3122 primo

266 3120 406 3163 relatae
432 3120 557 3161 tribus
588 3123 720 3174 votis,
748 3134 833 3167 tres
849 3125 1021 3168 secundo
1048 3127 1139 3168 loco
1155 3125 1306 3168 descri-

264 3190 342 3235 ptae
356 3178 509 3221 duobus
524 3207 539 3230 ‚
571 3190 652 3222 tres
669 3183 770 3224 vero
787 3183 986 3237 postremo
1003 3183 1208 3226 recenfitae
1225 3198 1303 3226 uno

265 3237 417 3279 caeteris
447 3238 632 3281 omnibus
662 3241 900 3295 Superiores
927 3242 1303 3298 existantfldcircc‘)

266 3294 388 3337 iidem
414 3296 715 3340 Eminentissimi
749 3300 995 3343 statuendum
1027 3302 1302 3352 censuerunt,

265 3353 372 3408 quod
389 3382 404 3404 ,
417 3356 443 3395 s1
458 3356 496 3397 in
514 3356 719 3410 poster-um
730 3358 885 3400 fundari
901 3387 914 3409 ,
931 3361 998 3400 seu
1011 3358 1062 3401 de
1082 3372 1189 3399 novo
1203 3361 1303 3415 erigi

264 3412 522 3455 Provinciam
535 3443 549 3465 ‚
581 3415 706 3457 velex
724 3415 802 3471 jam
819 3415 995 3458 fundatis
1012 3417 1185 3472 aliquam
1200 3417 1304 3460 di-vi-

266 3469 308 3510 di
350 3470 558 3526 contingat
581 3502 595 3524 ‚
628 3483 691 3516 tot
723 3474 900 3530 superius
930 3474 1072 3517 decem
1106 3478 1300 3518 enarratis

265 3528 491 3570 Provinciis
517 3540 610 3573 tunc
629 3544 719 3576 vota
736 3535 993 3576 restituantur
1010 3562 1023 3584 ,
1050 3544 1147 3589 quot
1162 3548 1212 3574 ex
1227 3536 1301 3577 hu-

265 3583 435 3644 jusmodi
453 3585 712 3642 fundatione,
745 3593 809 3635 vel
825 3592 1015 3634 divifione
1029 3592 1067 3633 in
1085 3592 1305 3647 Religione

268 3644 542 3698 augebuntur.
567 3649 628 3689 vEt
643 3650 695 3693 ita
709 3649 840 3706 aliqud
858 3650 1070 3693 Provincia
1091 3652 1206 3706 plura
1224 3680 1238 3703 ‚
1268 3653 1308 3692 δε

266 3715 371 3745 nova
388 3713 481 3745 vota
493 3717 566 3757 per
583 3706 857 3752 fundationem
870 3738 883 3760 ‚
906 3709 968 3752 vel
983 3723 1056 3764 per
1067 3709 1300 3752 divifionem

265 3761 533 3818 acquirente,
555 3763 631 3806 tria
657 3764 928 3824 hujuscemodi
957 3779 1047 3812 vota
1073 3770 1207 3825 primo
1236 3783 1302 3812 ac-

1374 321 1662 379 quilita,tribus
1676 319 1815 375 primis
1834 334 1882 363 ex
1897 323 2037 366 decem
2053 326 2223 380 praeffitis
2242 332 2412 372 provin-

1373 383 1445 422 ciis
1461 394 1584 422 unum
1599 395 1672 434 pro
1689 379 1856 433 ipsarum
1871 383 2050 434 qualibet
2068 388 2299 431 accrescant
2317 417 2330 438 ‚
2348 401 2412 430 at-

1371 453 1451 494 que
1470 436 1629 492 insuper
1645 438 1865 480 Custodem
1882 439 2031 491 eligant
2048 470 2060 491 ‚
2087 447 2125 485 δε
2138 445 2223 486 aliis
2242 449 2414 489 Provin-

1374 498 1446 539 ciis
1474 511 1681 539 numerum
1717 506 1905 538 votorum
1932 499 2112 542 limiliter
2140 508 2411 557 augentibus,

1376 556 1544 612 reliquis
1573 569 1622 596 ex
1644 555 1787 596 decem
1804 556 2027 598 Provinciis
2043 562 2129 612 pari
2146 567 2257 613 pasto
2272 566 2412 606 secun..

1376 617 1472 656 dum
1486 614 1656 669 ipsarum
1669 613 1852 655 ordinem
1866 625 1957 655 vota
1970 615 2062 656 illuc
2079 618 2197 673 usque
2211 623 2409 671 crescant,

1377 672 1507 730 quoad
1522 672 1707 713 omnibus
1725 672 1870 714 decem
1887 674 2107 716 Provinciis
2125 689 2213 719 vota
2228 708 2240 729 2
2270 682 2308 721 &
2325 686 2412 722 Cu-

1377 731 1508 773 stodes
1522 762 1537 782 ,
1563 732 1703 786 quibus
1721 729 1839 773 antea
1854 731 2102 786 gaudebant,
2128 737 2384 779 restituantur
2399 766 2412 777 .

1375 791 1498 853 Qod
1522 790 1547 831 fi
1578 790 1735 832 accidat
1760 791 1936 846 aliquam
1963 804 2011 832 ex
2028 792 2170 836 decem
2184 797 2410 837 Provinciis

1375 850 1531 899 dividi,
1558 859 1653 891 tunc
1671 863 1801 904 neque
1826 849 1919 903 ipsa,
1935 863 2061 904 neque
2079 854 2160 893 aliae
2177 868 2319 896 novem
2336 855 2410 896 ali-

1374 907 1480 965 quod
1495 921 1544 951 ex
1561 905 1836 962 hujuscemodi
1852 907 2046 950 divisione
2070 912 2268 953 Votorum
2284 925 2410 965 augu-

1374 978 1553 1010 mentum
1574 965 1815 1022 adipiscatur
1838 994 1853 1017 ,
1885 980 2015 1022 neque
2047 970 2257 1011 Provincia
2288 970 2411 1011 divisa

1374 1025 1486 1083 poffit
1501 1025 1610 1066 ultra
1633 1035 1724 1068 vota
1739 1054 1752 1076 ,
1783 1026 1922 1082 quibus
1938 1040 2042 1067 nunc
2057 1028 2167 1069 cedit
2183 1056 2196 1077 ‚
2225 1026 2310 1069 ullo
2336 1041 2407 1068 un-

1373 1098 1488 1140 quam
1504 1095 1688 1138 tempore
1704 1098 1775 1138 per
1791 1084 2012 1138 quamlibet
2028 1113 2043 1135 ,
2068 1087 2131 1127 vel
2149 1086 2381 1129 divifionem
2394 1114 2408 1135 a

1370 1143 1435 1186 vel
1462 1141 1738 1184 fundationem
1752 1142 1968 1198 cujuslibet
1988 1145 2207 1186 Provinciae
2225 1173 2238 1194 ,
2264 1146 2302 1187 in
2330 1147 2409 1185 Pa-

1371 1213 1480 1244 trum
1494 1203 1796 1256 Capucinorum
1817 1201 2037 1256 Religione
2060 1203 2285 1245 faciendam
2299 1231 2312 1253 ,
2333 1204 2408 1244 ali-

1371 1260 1479 1316 quod
1511 1258 1669 1313 insuper
1699 1262 1850 1303 Votum
1879 1260 2107 1315 postulare.
2134 1266 2241 1305 Cum
2267 1273 2406 1303 autem

1372 1318 1516 1360 eadem
1531 1318 1696 1372 Religio
1718 1318 1756 1359 in
1785 1330 1936 1360 tantam
1953 1321 2155 1376 hucusque
2171 1321 2317 1363 molem
2336 1334 2408 1375 per

1372 1386 1435 1417 tot
1454 1376 1686 1418 Provincias
1713 1377 1880 1418 dilatata
1895 1381 2157 1427 excreverit,
2189 1389 2232 1421 ut
2261 1380 2326 1420 vix
2353 1380 2408 1420 R.

1370 1437 1415 1474 P.
1432 1433 1612 1475 Minister
1628 1435 1840 1476 Generalis
1858 1435 2018 1488 integro
2035 1437 2247 1478 Minister-ii
2269 1436 2406 1476 sexena

1369 1493 1435 1533 nio
1451 1491 1488 1532 in
1503 1490 1643 1532 iisdem
1662 1492 1906 1534 Vifitationis
1921 1506 2064 1534 munus
2083 1493 2193 1547 potiit
2207 1494 2378 1549 implere
2396 1521 2411 1543 ,

1370 1549 1524 1592 idcirco
1536 1550 1690 1592 nullam
1708 1552 1966 1607 imposterum
1980 1552 2041 1592 vel
2040 1551 2319 1609 fundationem
2343 1552 2406 1592 vel

1369 1608 1586 1663 divisionem
1602 1611 1905 1651 provinciarum
1923 1610 1961 1650 in
1985 1611 2203 1665 Religione
2225 1610 2409 1665 absque)

1365 1665 1555 1707 consensu
1569 1667 1729 1720 S-Sedis
1745 1667 1980 1721 Apostolicae
1998 1666 2103 1722 poffe
2115 1667 2320 1718 fieri2Efi‘1i
2337 1671 2412 1710 Pa-

1367 1736 1447 1766 tres
1462 1724 1810 1767 decreverunt-Et
1825 1725 2108 1780 insuper‚quod
2122 1728 2160 1768 in
2178 1728 2321 1768 suturis
2333 1730 2414 1768 Ca-

1370 1783 1506 1839 pitulis
1521 1785 1628 1825 circa
1640 1784 1857 1825 electiones
1874 1783 1971 1825 nihil
1988 1784 2220 1835 innovetur,
2242 1786 2309 1827 sed
2328 1787 2413 1825 Re-

1372 1841 1470 1896 ligio
1489 1852 1676 1884 votorum
1692 1841 1855 1898 antiqufi
1870 1870 1883 1892 ‚
1912 1844 1948 1883 &
1964 1843 2163 1898 perpetua
2191 1843 2345 1888 fruatur
2364 1844 2412 1883 li-

1374 1901 1560 1951 bertate,
1587 1916 1702 1956 quam
1726 1901 1927 1955 hucusque
1944 1902 2095 1954 ingenti
2124 1903 2259 1943 Divini
2276 1899 2412 1943 cultus

1373 1970 1590 2013 augmento
1616 1956 1799 2014 pofl'edit.
1816 1960 1938 2014 Quod
1953 1959 1977 2000 fi
1997 1960 2061 2001 vel
2077 1974 2233 2011 omnes,
2248 1961 2313 2002 vel
2329 1974 2414 2001 ma-

1379 2017 1440 2075 jor
1460 2019 1761 2060 Provinciarum
1787 2031 1875 2072 pars
1891 2047 1904 2068 ‚
1935 2033 2016 2073 quse
2032 2019 2136 2060 ultra
2150 2030 2311 2061 montes
2340 2017 2413 2059 de-

1379 2085 1478 2133 gunt
1493 2105 1508 2125 ,
1539 2077 1820 2131 votorumque
1837 2077 2051 2130 paritatem
2070 2076 2296 2131 efflagitant
2314 2104 2326 2126 ³
2342 2091 2415 2119 no-

1377 2135 1452 2176 lint
1481 2134 1568 2175 huic
1597 2133 2004 2177 Eminentiffimorum
2045 2140 2208 2178 Patrum
2230 2139 2412 2177 Decreto

1376 2192 1632 2248 acquiescere
1646 2222 1659 2243 s
1676 2202 1771 2234 tunc
1789 2193 1915 2235 statim
1933 2193 2216 2249 intelligantur
2242 2192 2412 2249 praefatis

1374 2251 1518 2294 decem
1533 2252 1759 2297 Provinciis
1776 2251 1918 2295 eadem
1935 2255 2041 2294 Vota
2059 2254 2255 2303 restituta,
2270 2252 2412 2307 quibus

1374 2311 1528 2352 caeteris
1542 2310 1768 2355 Provinciis
1789 2311 1966 2364 praestant
1983 2341 1994 2355 .
2025 2314 2080 2355 Et
2096 2312 2148 2353 ita
2162 2312 2284 2353 iidem
2299 2311 2414 2352 Emi-

1372 2368 1578 2411 nentiffimi
1605 2369 1878 2419 censuerunt,
1910 2369 1933 2410 fi
1964 2370 2204 2412 Sanctiffimo
2237 2370 2412 2410 Domino

1371 2426 1522 2470 Nostro
1537 2427 1751 2480 placuerit,
1766 2429 1837 2468 hac
1856 2429 1933 2468 Die
1950 2443 1972 2469 x
1983 2429 2124 2482 1.Junii
2139 2442 2335 2469 m.nc.xi,1
2348 2442 2361 2468 ι
2376 2440 2410 2467 r.

1372 2487 1428 2525 Ut
1452 2494 1590 2524 autem
1625 2484 1809 2536 praemiffa
1839 2483 1988 2526 firmius
2017 2484 2214 2527 subsistant
2244 2515 2259 2536 ,
2291 2487 2330 2526 &
2362 2486 2410 2526 ab

1371 2541 1571 2590 omnibus,
1587 2541 1634 2582 ad
1649 2555 1749 2595 quos
1764 2541 1912 2596 spectat
1934 2573 1948 2593 ,
1978 2545 2017 2583 &
2033 2557 2108 2597 pro
2124 2555 2308 2597 tempore
2325 2541 2412 2597 spe-

1372 2599 1493 2640 &abit
1510 2628 1524 2649 ,
1540 2598 1829 2643 inviolabiliter
1853 2601 2120 2644 observentur
2137 2630 2152 2652 ,
2177 2606 2295 2644 Motu
2311 2617 2409 2655 pro·-

1372 2658 1487 2713 prio,
1509 2671 1554 2698 ac
1569 2671 1619 2699 ex
1633 2667 1745 2700 certa
1768 2657 1932 2700 scientia
1955 2659 2081 2702 nostra
2096 2687 2109 2710 2
2136 2659 2270 2715 deque
2297 2662 2409 2715 Apo-

1372 2716 1515 2757 stolicae
1541 2715 1747 2776 potestatis
1778 2716 2032 2772 plenitudine
2058 2745 2075 2768 ‚-
2099 2719 2408 2771 praeinserrum-.

1370 2777 1597 2815 Decretum
1615 2773 1851 2816 eorumdem
1880 2775 2163 2818 Cardinalium
2179 2805 2193 2827 s
2206 2786 2407 2819 tenore-2

1368 2831 1619 2887 praesentium
1642 2831 1922 2875 confirmamus
1939 2862 1952 2883 a
1968 2836 2006 2875 ὃς
2019 2836 2284 2889 approbamus
2301 2863 2313 2885 ‚
2326 2834 2408 2876 illi-

1368 2905 1447 2945 que
1488 2891 1729 2934 inviolabilis
1766 2891 2005 2946 Apostolicae
2048 2890 2250 2935 firmitatis
2283 2894 2408 2935 robur

1369 2948 1604 2999 adiicimus,
1628 2964 1673 2992 ac
1699 2964 1867 3000 omneS‚
1892 2952 1931 2993 &
1959 2950 2131 3006 singulos
2159 2962 2240 2993 tam
2263 2953 2371 3008 Juris
2391 2979 2406 3002 ‚

1368 3009 1488 3061 quarn
1502 3006 1591 3049 facti
1615 3006 1790 3050 defectus
1805 3038 1821 3058 ‚
1845 3008 1870 3050 fi
1887 3010 1954 3064 qui
1980 3007 2153 3064 desuper
2176 3010 2407 3065 quomodo*

1367 3066 1468 3108 libet
1496 3067 1793 3109 intervenerint
1822 3096 1839 3116 ,
1877 3066 2104 3123 supplemus
2120 3098 2131 3109 .
2164 3071 2405 3112 Decernen-

1365 3133 1426 3165 tes
1453 3124 1660 3179 praesentes
1687 3124 1827 3167 literas
1856 3126 2009 3168 validas
2026 3154 2039 3177 ‚
2067 3126 2228 3177 firmas,
2255 3129 2294 3167 δε
2318 3125 2407 3167 effi-

1364 3196 1481 3225 caces
1501 3184 1698 3235 existere,
1723 3181 1860 3226 &sore
1878 3213 1893 3235 ‚
1907 3184 2076 3239 suosque
2100 3185 2305 3239 plenarios
2325 3212 2338 3234 ,
2366 3186 2407 3224 &

1363 3242 1543 3296 integros
1569 3241 1730 3284 effestus
1762 3241 1936 3293 sortiri,
1973 3245 2011 3283 &
2039 3243 2255 3293 obtinere,
2285 3244 2324 3283 δε
2354 3243 2404 3284 ab

1361 3301 1571 3350 omnibu-s,
1586 3302 1626 3342 ὃς
1641 3300 1798 3354 lingulis
1817 3331 1832 3351 ,
1845 3315 1945 3357 quos
1959 3300 2037 3341 illae
2053 3312 2309 3343 concernunt
2326 3331 2341 3351 ‚
2364 3302 2405 3343 δε

1364 3358 1669 3413 quomodolibet
1685 3370 1952 3410 concernent‚
1967 3360 2006 3400 in
2029 3355 2213 3404 futurum
2235 3359 2405 3402 inviola-

1362 3416 1499 3459 biliter
1518 3445 1532 3469 ,
1560 3419 1599 3458 &
1631 3416 1863 3460 inconcusse
1889 3416 2096 3464 observari
2122 3448 2137 3467 ,
2170 3417 2299 3472 sicque
2326 3431 2401 3473 per

1362 3475 1615 3532 quoscunque
1639 3476 1807 3532 Judices
1823 3503 1836 3523 2
1866 3476 1902 3515 δι
1921 3473 2247 3526 Οοωηύίῖατίοε,
2262 3477 2402 3531 quavis

1362 3535 1611 3579 authoritate
1628 3535 1841 3589 fungentes
1870 3532 2067 3589 judicari,
2089 3536 2128 3576 ὃς
2150 3533 2313 3576 diffiniri
2329 3534 2401 3578 de-

1365 3593 1491 3643 bere,
1519 3608 1564 3635 ac
1578 3593 1737 3634 irritum
1752 3621 1766 3643 ,
1789 3594 1829 3632 δε
1849 3593 1963 3633 inane
1981 3621 1998 3641 s
2021 3591 2044 3633 fi
2061 3591 2171 3635 secus
2201 3591 2318 3647 super
2338 3595 2399 3636 his

1366 3651 1387 3692 ὲ
1418 3665 1619 3708 quoquam
1657 3651 1797 3706 quavis
1837 3651 2086 3693 authoritate
2126 3650 2298 3699 scienter
2333 3652 2400 3694 vel

1360 3711 1596 3764 ignoranter
1624 3709 1846 3763 contigerit
1862 3711 2080 3752 attentari.
2113 3713 2208 3751 Non
2239 3709 2400 3752 obstan-

1361 3770 1464 3813 tibus
1508 3768 1874 3814 constitutionibus
1904 3798 1921 3820 2
1967 3769 2006 3821 ξε
2020 3817 2029 3827 ,
2061 3767 2400 3811 ordinationibus

1604 3830 1643 3869 N
1676 3839 1697 3870 2
2173 3829 2342 3884 Aposto-
