2658 4244
952 234 1116 356 Sub
1177 249 1254 361 Se
1321 247 1461 338 Pio
1526 250 1659 339 VJ:

522 354 652 417 Vivit
685 359 815 431 ¹Vocis·
849 362 1035 412 Oraculo

257 447 487 501 Concedit
510 488 526 510 ,
562 451 685 519 quod
709 487 726 510 ,
762 468 851 500 non
868 447 1146 499 obstantibus
1167 455 1290 502 Con-

288 515 596 571 stitutionibus
621 522 647 570 a
674 527 732 573 Se
760 521 891 570 editis
909 556 925 578 ,
960 524 1139 570 Fratres
1165 522 1289 589 aeque

290 589 466 639 Officia
491 592 673 658 propria
707 627 724 649 ,
769 610 822 640 ac
850 587 1004 640 Missas
1032 590 1089 641 de
1119 593 1286 642 SanCto

262 673 263 681 ¹
285 662 339 710 P.
356 663 612 710 chisco
629 694 646 717 ‚
682 659 868 727 aliisque
892 660 1083 711 Ordinis
1110 663 1286 712 Sanffls

256 728 434 787 ,dicere
460 727 625 795 poffint
655 763 672 785 ‚
717 732 782 779 ita
812 743 964 782 tamen
993 768 1010 790 ,
1060 747 1111 782 ut
1139 734 1286 784 talia..

283 793 454 847 Officia
471 827 487 853 ‚
519 796 567 849 ὃς
583 794 725 848 Miffae
748 803 938 868 propriae
954 838 971 860 ,
1003 802 1173 853 Miffali
1191 809 1288 854 Ro-

277 882 414 983 Lnano
438 883 531 917 non
555 883 869 937 apponantur,
901 870 977 922 sed
1001 871 1184 924 seorsim
1208 876 1285 925 ha-

311 949 470 986 eantur
489 975 502 988 .

241 1020 380 1086 Julius
399 1028 590 1069 Antonius
606 1028 830 1071 SanHorius
844 1057 858 1079 ,
872 1029 1117 1088 mistratione
1131 1034 1283 1076 Divina

300 1085 342 1124 S.
355 1086 401 1125 R.
420 1088 466 1127 E.
505 1087 629 1129 Tituli
660 1091 699 1128 S.
719 1088 999 1131 Bartholomaei
1022 1094 1064 1132 in
1090 1091 1224 1148 Infida

352 1143 561 1198 ‚Presbyter
575 1146 798 1188 cardinalis
817 1148 959 1202 5:1an
973 1153 1164 1192 severina·

410 1205 631 1260 appellatus
651 1231 666 1254 2
699 1208 785 1249 FF.
821 1210 1109 1262 Capacinorum

465 1272 776 1318 nuncupatorum
793 1267 887 1306 Ord.
902 1269 1055 1309 Minor.

593 1324 692 1366 Vicc-
700 1321 895 1364 Proteffir
908 1352 920 1363 .

364 1391 524 1434 Mnibus
540 1419 554 1442 ‚
578 1392 615 1432 &
633 1390 792 1445 singulis
805 1393 1062 1447 praesentibus
1076 1423 1090 1445 ‚
1115 1398 1154 1437 &
1168 1396 1277 1440 flim-

392 1450 443 1491 ris
465 1478 480 1501 ,
511 1448 563 1490 ad
595 1463 696 1504 quos
729 1450 937 1504 praesentes
970 1456 1234 1507 pervenerint
1260 1484 1274 1506 ‚

233 1510 305 1553 scu
335 1506 642 1565 quomodolibet
675 1506 943 1562 speetaverint
958 1540 971 1562 ‚
1004 1522 1146 1556 notum
1178 1511 1275 1555 faci-

233 1582 322 1611 mus
338 1596 352 1618 ,
381 1569 419 1608 &
444 1565 676 1609 attestamur
691 1593 705 1616 a
731 1568 906 1622 qualiter
929 1571 1058 1613 Nobis
1073 1600 1088 1623 ,
1114 1572 1275 1614 nomine

232 1626 476 1669 dilectorum
498 1625 630 1668 Nobis
651 1626 692 1667 in
717 1627 880 1669 Christo
896 1631 1083 1672 Fratrum
1096 1632 1276 1685 Capuci-

230 1699 379 1729 norum
394 1694 714 1739 nuncupatorum
730 1685 893 1728 Ordinis
908 1686 1114 1731 Minorum
1125 1717 1139 1739 ,
1154 1689 1275 1733 die,

234 1743 403 1790 Sabathi
435 1741 683 1798 infrascripta
704 1743 1046 1798 supplicantibus,
1077 1747 1272 1790 Sanfflfli-

232 1818 322 1846 mus
355 1803 551 1845 Dominus
568 1801 714 1845 Noster
731 1803 825 1844 Pius
848 1804 991 1845 Divina
1014 1806 1275 1848 Providentia

232 1866 344 1917 Papa
373 1862 550 1921 Qintus
582 1861 678 1901 vivae
695 1862 804 1902 vocis
818 1863 985 1905 oraculo
997 1893 1011 1914 ‚
1039 1866 1150 1906 nobis
1169 1863 1273 1907 faeto

238 1920 429 1964 conceffit
444 1950 458 1972 ‚
483 1922 523 1960 δε
547 1919 707 1961 indulsit
723 1921 929 1964 Fratribus
945 1922 1135 1976 praedietis
1153 1953 1165 1974 ,
1195 1934 1240 1968 ut
1255 1953 1270 1974 ,

260 1978 576 2022 uemadmodum
594 1992 663 2034 per
678 1980 941 2023 sanctitatem
967 1981 1077 2023 suam
1107 1982 1271 2025 conces-

230 1994 345 2090 sum,
373 2037 442 2081 seu
457 2037 659 2080 indultum
691 2035 767 2080 fuit
799 2035 989 2081 fratri-bus
1016 2039 1168 2091 eisdem
1182 2071 1196 2092 .,
1227 2053 1271 2084 ut

231 2112 311 2141 non
325 2099 505 2140 obstante
520 2098 636 2140 Bulla
649 2094 735 2151 ejus
751 2125 764 2146 ,
792 2098 903 2141 edita
931 2099 1046 2154 super
1060 2102 1271 2142 Brevi-ario

231 2159 423 2200 Romano
434 2157 593 2199 noviter
607 2153 848 2209 reformato,
862 2156 980 2202 festos
998 2160 1093 2200 Dies
1108 2187 1123 2209 ,
1133 2158 1198 2202 seu
1210 2159 1272 2202 so-

229 2215 453 2258 lennitates
465 2245 479 2267 ,
493 2215 651 2272 propria
663 2213 806 2257 officia
821 2245 835 2267 ‚
849 2219 888 2258 &
901 2220 1270 2263 HorasCanonicas

231 2276 348 2318 Beati
380 2272 572 2317 Francisci
593 2274 757 2316 Ordinis
777 2276 978 2318 Minorum
998 2277 1238 2320 Fundatoris
1255 2307 1270 2329 2

229 2329 280 2374 &v
303 2331 472 2376 aliorum
488 2331 754 2388 ejusdemmet
770 2335 933 2377 Ordinis
950 2340 1187 2379 Sanctorum
1203 2352 1271 2380 ce·-

229 2390 396 2433 lebrare
410 2420 424 2442 ,
456 2393 630 2434 recitare
646 2422 658 2443 ‚
690 2391 759 2434 seu
775 2394 990 2437 decantare
1010 2395 1159 2449 possent
1173 2425 1188 2446 ‚
1213 2397 1270 2438 ita

230 2449 453 2500 etiam‚non
466 2449 648 2493 obstante
664 2452 778 2494 Bulla
795 2453 1060 2495 Beatitudinis
1075 2453 1140 2509 sue
1154 2454 1274 2507 super

230 2504 374 2547 Miffali
410 2509 595 2549 Romano
625 2522 752 2563 nuper
783 2509 1029 2561 reformato,
1059 2514 1098 2552 &
1129 2513 1242 2552 edito
1255 2539 1273 2560 ,

229 2561 412 2619 proprias
427 2560 557 2604 Missas
574 2566 815 2607 eorumdem
846 2571 1080 2610 Sanff‘torum
1104 2569 1266 2610 Ordinis

228 2619 402 2678 praefati,
420 2621 458 2662 in
475 2622 601 2664 veteri
620 2622 763 2665 Miffali
777 2636 987 2667 contentas
1001 2655 1015 2677 ‚
1033 2625 1270 2670 servata-ta-

228 2691 319 2723 men
335 2677 466 2721 forma
481 2682 576 2722 novi
593 2679 755 2723 Miffalis
772 2711 787 2735 ‚
817 2682 885 2726 seu
903 2683 952 2725 ad
971 2683 1076 2726 illius
1093 2686 1237 2729 Ritum
1253 2715 1268 2738 ,

227 2739 269 2778 δε
286 2751 469 2780 normani
486 2767 499 2788 ,
530 2739 746 2781 celebrare
762 2769 776 2791 ‚
807 2742 845 2782 &
874 2742 1012 2796 legere
1041 2745 1169 2787 libere
1186 2775 1199 2796 ,
1229 2749 1268 2787 &

224 2794 341 2838 licite
373 2795 516 2851 possint
533 2825 548 2848 ‚
579 2811 624 2839 ac
658 2798 819 2840 valeant
837 2828 853 2850 ,
881 2798 1105 2845 dummodo
1136 2804 1268 2847 Missas

223 2853 452 2912 hujusmodi
467 2856 505 2897 in
519 2855 603 2899 aliis
626 2855 770 2898 diebus
786 2855 1010 2901 solennibus
1042 2876 1127 2903 noti
1154 2865 1269 2906 cele-

223 2913 347 2955 brent
365 2942 379 2964 ‚
411 2927 485 2955 nec
502 2914 541 2956 in
557 2928 663 2956 novo
677 2914 824 2956 Missal'i
835 2918 1024 2960 Romano
1039 2933 1241 2975 apponant
1252 2952 1266 2974 ,

221 2970 538 3027 seu'iinprimant
554 3001 569 3023 ‚
597 2971 665 3015 sed
681 2972 854 3016 seorsum
871 2976 1043 3019 habeant
1060 3007 1072 3017 .
1099 2983 1145 3021 In
1162 2995 1264 3033 quo-

221 3045 313 3083 rum
328 3032 509 3074 omnium
522 3061 536 3084 ‚
550 3033 586 3073 δε
602 3032 849 3087 singulorum
865 3031 987 3075 fidem
998 3064 1012 3086 ‚
1030 3035 1096 3078 has
1113 3039 1263 3083 nostras

219 3087 309 3131 fieri
323 3087 489 3132 fecimus
505 3118 519 3140 ,
545 3104 668 3132 manu
685 3091 815 3134 nostra
834 3091 1068 3149 subscriptas
1083 3125 1097 3148 ,
1127 3112 1171 3139 ac
1188 3112 1259 3140 no-

218 3146 287 3189 stri
301 3146 475 3191 consueti
491 3148 607 3203 sigilli
622 3152 862 3206 appensione
876 3155 1052 3196 munitas
1069 3183 1079 3194 .
1104 3158 1255 3199 Datum

217 3203 359 3249 Romae
377 3206 416 3249 in
432 3208 589 3251 Palatio
604 3209 840 3263 Apostolico
857 3208 923 3252 die
942 3228 1078 3256 xxvi.
1110 3217 1255 3257 Mensis

217 3265 385 3320 Augusti
408 3267 528 3308 Anno
558 3267 845 3310 Incarnationis
877 3270 1100 3312 Dominicae
1131 3289 1254 3316 Mtxx.

218 3323 484 3368 Pontificatus
501 3323 683 3383 ejusdem
708 3324 939 3368 sanctissimi
965 3329 1018 3368 D.
1045 3333 1099 3372 N.
1125 3333 1179 3373 D.
1195 3334 1254 3375 Pii

223 3382 342 3423 Anno
355 3385 515 3441 anto
529 3414 540 3427 .

346 3443 379 3499 J
381 3446 441 3494 ul.
457 3445 565 3494 Ant.
583 3445 710 3495 Cara'.
728 3444 773 3493 S.
788 3444 1024 3496 Severinae.

220 3521 356 3564 Locus
373 3523 424 3574 ›1‹
442 3524 573 3579 sigilli
585 3523 800 3581 pendentis
814 3555 824 3567 .

366 3610 523 3661 &oannes
535 3616 752 3658 Matthaeus
769 3620 810 3658 de
824 3619 988 3659 Robertis
1010 3619 1230 3658 Secretara‘us
1243 3645 1253 3657 .

217 3698 429 3752 Exemplar
464 3700 675 3743 amhentic.
701 3706 744 3744 in
770 3706 1004 3759 Pergamena
1026 3708 1068 3747 in
1083 3707 1252 3750 Archivo

275 3758 462 3799 Gener-ali
491 3760 649 3801 Ordinis
677 3765 839 3806 Armar.
861 3765 1062 3824 Authentq
1088 3770 1131 3809 in
1141 3765 1248 3826 fafi-

275 3815 402 3874 collig.
426 3829 533 3861 num.
552 3830 622 3873 32.

1350 374 1532 420 Fratres
1562 371 1752 440 triginta
1781 371 1838 421 ad
1868 373 2399 434 Claffe'mi‘Pontinciam‘

1382 454 1544 491 contra
1562 444 1740 491 Turcas
1756 460 1840 510 pro
1860 442 2078 511 spirituali
2096 454 2265 502 Militis
2288 454 2400 503 sub--r

1382 510 1498 561 fidio.
1512 510 1755 563 destinatos
1773 548 1790 571 ‚
1818 515 2099 583 ampliffimis
2124 524 2390 595 Privilegiis

1381 598 1665 650 communit.

1477 713 1736 768 PIUS
1822 717 2097 767 PAPA
2189 726 2250 771 V.

1541 843 1610 885 Ad
1625 841 1820 902 futuram
1849 848 1910 888 rei
1940 849 2185 890 memoriam.

1462 961 1554 1003 UM
1586 962 1756 1006 dilectus
1777 963 1903 1006 Filius
1917 991 1932 1014 2
1965 964 2150 1006 Vicarius
2170 966 2387 1008 Generalis

1477 1018 1546 1077 (*)
1565 1022 1750 1064 Fratrum
1769 1022 1935 1065 Ordinis
1969 1026 2008 1067 S.
2026 1023 2223 1067 Francisci
2249 1029 2387 1080 Capu-

1342 1079 1530 1119 cimorum
1547 1093 1896 1137 nuncupatorum,
1910 1082 2105 1125 mandato
2123 1083 2256 1125 nostro
2269 1112 2282 1134 ,
2313 1087 2386 1125 Di-

1342 1135 1492 1179 lectum
1508 1139 1633 1180 etiam
1649 1141 1796 1182 Filium
1811 1141 1909 1198 (**)
1926 1142 2158 1184 Anselmum
2174 1142 2227 1184 de
2246 1146 2387 1185 Petra-

1341 1195 1510 1239 molaria
1529 1225 1543 1247 ,
1573 1199 1613 1239 &
1627 1199 1782 1255 aliquot
1797 1200 1899 1243 alios
1911 1215 1960 1243 ex
1980 1202 2189 1244 Fratribus
2202 1200 2387 1257 ejusdem

1342 1255 1505 1295 Ordinis
1521 1255 1696 1310 elegerit
1717 1286 1732 1307 ‚
1762 1259 1982 1301 mittendos
2000 1261 2048 1302 ad
2066 1260 2243 1302 Classem
2258 1262 2386 1303 Chri-

1341 1311 1556 1353 stianorum
1573 1340 1586 1362 ,
1616 1327 1701 1368 quae
1727 1325 1866 1359 contra
1884 1318 2085 1360 'infideles
2109 1331 2305 1374 paratur3
2336 1329 2390 1362 ut

1339 1368 1394 1411 ibi
1414 1373 1533 1411 Sacra
1547 1370 1797 1423 ministrare,
1823 1375 2105 1429 aegrotantium
2138 1391 2278 1419 curam
2310 1388 2390 1432 ge-'

1337 1441 1431 1470 rere
1447 1455 1461 1477 ,
1487 1442 1629 1470 omnes
1655 1433 1820 1473 monitis
1836 1462 1854 1484 2
1875 1434 1915 1474 δε
1938 1435 2135 1490 exemplis
2158 1436 2209 1476 ad
2238 1437 2313 1477 Dei
2334 1436 2389 1476 ti-

1339 1499 1494 1528 morem
1517 1515 1530 1537 ,
1569 1488 1610 1528 &
1639 1503 1820 1530 amorem
1852 1491 2083 1545 accendere
2107 1521 2122 1544 ‚
2156 1491 2395 1549 militesque*

1337 1543 1388 1587 ad
1413 1545 1587 1587 viriliter
1611 1561 1686 1602 pro
1713 1547 1863 1590 Christi
1880 1549 1981 1592 Fide
2005 1550 2389 1595 dimicandumxani-

1335 1617 1448 1646 mare
1481 1603 1664 1648 studeant
1682 1620 1698 1647 τ
1729 1609 1783 1649 Et
1811 1608 1986 1651 eundem
2019 1610 2249 1653 Anffilmum
2266 1611 2387 1654 d-iffis

1338 1662 1547 1705 Fratribus
1562 1665 1600 1704 in
1617 1664 1894 1708 Guardianum
1912 1666 2142 1722 praefecerit
2155 1697 2169 1719 ‚
2198 1684 2290 1712 cum
2311 1683 2383 1724 po·-

1337 1722 1482 1763 testate
1503 1721 1627 1763 alium
1649 1723 1718 1764 fibi
1743 1721 2034 1776 substituendi,
2057 1727 2209 1769 &alios
2226 1728 2386 1782 exipsis·

1335 1781 1541 1822 Fratribus
1559 1781 1777 1836 Capucinis
1802 1786 1942 1826 Socios
1971 1783 2104 1826 secum
2129 1785 2382 1838 assumendi,

1334 1838 1399 1881 seu
1416 1837 1647 1895 deligendi.
1664 1844 1751 1883 Nos
1764 1869 1778 1891 ‚
1793 1852 1836 1884 ut
1853 1843 1933 1897 ipse
1951 1844 2163 1887 Anselmus
2180 1873 2195 1895 ,
2226 1847 2265 1886 &
2284 1847 2383 1886 Fra-

1332 1907 1414 1940 tres
1431 1927 1445 1949 ,
1472 1911 1518 1940 ea
1535 1927 1549 1949 ,
1581 1898 1631 1940 ad
1654 1914 1739 1955 qua:
1754 1901 1972 1942 mittuntur
1997 1931 2011 1952 ,
2042 1903 2187 1945 melius
2203 1904 2382 1959 exequi,

1331 1959 1372 1997 &
1401 1955 1629 2011 adimplere
1662 1957 1801 2014 possint
1818 1989 1832 2010 ,
1863 1960 2053 2013 speciales
2068 1990 2082 2012 ,
2113 1963 2152 2002 δι
2181 1960 2381 2004 infrascri-

1333 2022 1418 2071 ptas
1433 2014 1645 2059 facultates
1668 2044 1683 2069 ,
1714 2018 1752 2057 &t
1769 2018 1980 2074 privilegia
1997 2019 2053 2061 eis
2071 2019 2380 2075 impertienda...-

1331 2072 1410 2116 effe
1424 2073 1635 2116 censentes
1650 2104 1664 2127 ,
1693 2085 1812 2118 motu
1826 2078 1989 2133 proprio
2007 2105 2021 2127 ‚
2052 2079 2093 2119 &
2108 2093 2158 2121 ex
2176 2091 2287 2123 certa
2306 2092 2383 2121 tio-J

1333 2133 1405 2175 stra
1434 2132 1592 2175 scientia
1619 2133 1754 2176 eidem
1768 2135 1964 2178 Anselmo
1979 2138 2216 2181 Guardiano
2231 2166 2245 2189 ³
2269 2136 2377 2192 ejus-

1331 2206 1412 2247 que
1426 2190 1723 2235 Succefforibus
1740 2221 1754 2244 2
1780 2209 1823 2236 ac
1840 2195 1965 2236 Sociis
1980 2195 2177 2251 affignatis
2194 2225 2206 2247 ,
2235 2197 2276 2236 ἅτ
2289 2196 2376 2238 assi-

1332 2249 1498 2305 gnandis
1531 2248 1726 2305 praefatis:
1753 2252 1878 2313 Qod
1897 2256 2076 2296 omnium
2094 2284 2108 2306 ‚
2144 2257 2180 2297 &
2201 2254 2378 2311 singulo-

1331 2323 1421 2351 rum
1436 2308 1487 2351 de
1503 2308 1636 2353 Classe
1652 2308 1811 2367 praefata
1826 2340 1839 2362 a
1863 2313 1998 2355 tamin
2017 2316 2149 2365 Mari,
2164 2314 2284 2370 quam
2300 2314 2377 2370 ³¹³7

1328 2368 1369 2410 bi
1384 2369 1690 2411 constitutorum
1705 2398 1718 2421 ‚
1745 2368 2009 2413 confessiones
2028 2372 2168 2415 audire
2183 2401 2199 2423 ,
2224 2373 2375 2427 eosque

1330 2427 1379 2468 ab
1393 2428 1575 2468 omnibus
1598 2429 1776 2480 peccatis
1791 2456 1805 2478 ‚
1836 2430 1877 2468 δε
1891 2428 2065 2471 censuris
2086 2431 2374 2479 Ecclesiasticis

1328 2487 1365 2524 ὃς
1379 2485 1528 2525 casibus
1543 2486 1855 2537 quomodolibet
1872 2486 2086 2530 reservatis
2101 2516 2115 2538 ‚
2147 2487 2272 2529 etiam
2296 2489 2372 2532 in.»

1328 2541 1460 2590 Bulla,
1474 2541 1512 2581 ὶη
1527 2540 1595 2581 die
1609 2545 1750 2583 Coenae
1771 2543 1931 2584 Domini
1947 2543 2026 2599 legi
2043 2546 2229 2588 consueta
2244 2575 2258 2597 ‚
2272 2561 2374 2589 con-

1329 2599 1453 2643 tentis
1470 2627 1483 2649 a
1513 2597 1550 2639 in
1577 2597 1683 2643 Foro
1697 2600 2165 2654 Conscientiaetantiim,
2195 2604 2371 2660 injuncta

1328 2657 1491 2701 salutari
1507 2657 1751 2712 poenitentia
1772 2659 2015 2702 absolvere:
2037 2661 2210 2703 Necnon
2226 2677 2369 2706 eorum

1330 2726 1425 2759 vota
1457 2729 1715 2773 quaecumque
1742 2744 1756 2767 2
1799 2717 2038 2769 eastitatis,
2068 2721 2105 2760 &
2141 2720 2368 2777 Religionis

1329 2778 1434 2817 votis
1459 2774 1653 2817 duntaxat
1668 2776 1850 2830 exceptis
1866 2803 1880 2826 ,
1911 2777 1949 2818 in
1966 2777 2043 2819 al-ia
2059 2778 2224 2834 pietatis
2241 2795 2367 2834 opera.

1327 2844 1611 2884 commutare,
1632 2847 1678 2875 ac
1693 2836 1877 2876 omnibus
1896 2863 1910 2885 ‚
1937 2837 1975 2876 &
1991 2836 2154 2892 singulis
2167 2838 2367 2881 Christifi-

1324 2892 1483 2934 delibus
1512 2891 1566 2934 de
1596 2891 1758 2947 praefata
1780 2890 1910 2936 Classe
1937 2895 2193 2947 Christiana,
2226 2897 2292 2939 seu
2311 2898 2367 2940 de

1323 2951 1463 3008 Copiis
1477 2979 1492 3002 ,
1522 2953 1559 2993 &
1574 2952 1765 2993 Exercitu
1780 2961 1922 2994 contra
1940 2955 2091 2996 Turcas
2106 2984 2120 3005 ‚
2150 2956 2190 2996 &
2207 2958 2224 2998 Ι
2232 2955 2363 2999 nfide-

1322 3010 1380 3052 les
1400 3010 1651 3066 pugnaturis,
1673 3010 1917 3053 Sanctiffimae
1933 3013 2189 3056 Eucharistiae
2206 3043 2220 3066 ‚
2235 3017 2275 3056 &
2291 3030 2364 3057 ex·-

1319 3078 1456 3111 tremae
1493 3069 1688 3111 unctionis
1712 3071 1972 3114 Sacramenta
1988 3072 2207 3116 ministrare
2223 3087 2237 3125 3
2271 3078 2361 3115 Nec

1318 3141 1395 3169 non
1424 3127 1554 3172 Missas
1578 3126 1694 3183 super
1720 3127 1863 3171 Altare
1889 3130 2070 3185 port-atili
2088 3132 2125 3173 in
2140 3131 2232 3173 loco
2247 3132 2362 3174 clau-

1317 3185 1358 3226 so
1371 3216 1384 3237 ,
1401 3189 1439 3228 ὃς
1453 3188 1473 3229 a
1494 3187 1626 3229 ventis
1643 3196 1732 3228 tuto
1746 3215 1759 3238 ‚
1785 3189 1824 3230 in
1844 3190 1972 3232 Terra
1987 3204 2076 3231 cum
2096 3190 2328 3232 reverentia
2343 3218 2358 3241 ‚

1315 3245 1354 3284 &
1368 3247 1522 3288 honore
1535 3244 1770 3287 celebrare:
1794 3248 1981 3290 omnibus
1997 3249 2120 3297 vero,
2142 3249 2180 3288 &
2195 3248 2358 3302 singulis

1317 3302 1519 3347 Fidelibus
1537 3303 1589 3345 de
1603 3300 1738 3346 Classe
1752 3333 1766 3355 ‚
1790 3308 1827 3347 &
1843 3307 1984 3361 Copiis
2002 3304 2173 3361 praefatis
2187 3334 2201 3357 ,
2228 3317 2270 3348 ut
2282 3306 2357 3351 sibi

1316 3360 1490 3419 aliquem
1506 3372 1586 3405 tam
1602 3376 1651 3404 ex
1668 3362 1782 3405 dietis
1799 3365 2006 3406 Fratribus
2021 3394 2035 3416 ‚
2065 3364 2182 3419 quam
2197 3365 2356 3410 alium.»

1317 3423 1579 3466 Sacerdotem
1610 3421 1875 3475 approbatum
1907 3423 2068 3477 eligere
2081 3450 2096 3473 ‚
2137 3423 2207 3479 qui
2238 3425 2356 3478 possit

1315 3492 1456 3522 eorum
1470 3478 1747 3524 Confessiones
1764 3479 1925 3531 audire,
1941 3481 2087 3537 eosque
2103 3482 2150 3524 ab
2166 3484 2355 3526 omnibus·

1313 3540 1488 3592 peccatis
1516 3567 1529 3590 ‚
1569 3536 1787 3580 exceffibus-
1808 3568 1822 3591 ,
1854 3538 2041 3592 delictis,
2072 3539 2245 3583 censuris
2268 3571 2283 3593 ,
2311 3545 2352 3591 ὃς

1312 3598 1444 3650 poenis
1472 3595 1760 3638 Ecclesiasticis
1776 3626 1790 3649 ‚
1821 3597 1944 3640 etia-m
1961 3628 1973 3651 ,
2004 3607 2048 3641 ut
2063 3600 2319 3655 praemittitur
2334 3630 2349 3653 ,

1312 3653 1528 3697 reservatis
1561 3654 1768 3697 absolvere
1798 3668 1810 3696 :
1844 3659 2038 3702 Praeterea
2055 3687 2069 3709 ‚
2111 3667 2155 3699 ut
2187 3659 2348 3714 plenius

1310 3714 1592 3766 aegrotantibus
1608 3715 1770 3756 Fratres
1783 3714 1934 3771 prefati
1944 3715 2174 3760 satisfacere
2188 3718 2348 3773 possint,

1311 3782 1353 3812 ut
1371 3773 1436 3826 ipsi
1454 3774 1615 3814 Fratres
1632 3772 1680 3828 (si
1695 3787 1799 3828 opus·
1811 3772 2206 3835 fuerit,proipsbruni
2219 3791 2347 3832 aegro-

1310 3831 1478 3873 tantium
1492 3830 1788 3876 necessitatibus
1800 3833 1822 3892 )
1834 3833 1872 3876 in
1889 3833 2020 3879 Classe
2033 3837 2100 3889 ,δι
2117 3836 2214 3880 alibi
2228 3839 2342 3880 elee-

1589 3891 1625 3933 Ε
1877 3891 1895 3896 ”
2091 3894 2189 3938 mos
2185 3909 2283 3950 ynas
