2658 4244
341 317 495 363 220
932 281 1095 371 Sub
1156 278 1543 370 Clemente
1603 278 1782 370 XII.

371 395 564 436 observari
587 396 723 445 insuper
743 397 845 435 debet
875 397 973 434 aliud
999 399 1352 446 interhlndulgentias
1383 400 1484 448 hujus
1495 399 1763 436 communionis
1785 398 1954 443 generalis
1970 420 1983 441 ‚
2007 396 2043 434 8(
2067 396 2155 435 alias
2188 398 2422 447 Indulgentias

274 449 464 486 ottlinarias
476 445 680 490 discrimen,
705 447 836 482 ratione
853 447 1023 495 temporis
1041 473 1054 493 ‚
1082 460 1156 496 quo
1181 460 1285 496 opera
1314 449 1513 498 praescripta
1544 449 1670 485 debent
1697 447 1904 494 adimpleri,
1929 458 2008 485 nam
2034 446 2152 495 quoad
2174 446 2420 494 Indulgentias.

274 497 459 534 ordinarias
482 521 495 541 ‚
512 506 648 542 tempus
670 496 690 533 a
714 496 833 542 primis
863 496 1028 545 Vesperis
1053 498 1159 544 usque
1186 499 1230 532 ad
1265 497 1423 535 occasum
1462 498 1557 536 Solis
1595 497 1664 533 diei
1701 497 1937 543 subsequentis
1965 495 2183 531 determinari
2211 495 2300 532 solet
2317 523 2331 542 ‚
2354 511 2416 546 pm

277 546 506 587 indulgentiis
530 555 642 580 autem
668 543 936 582 Communionis
958 545 1392 594 generalis'praescribitur
1417 545 1488 583 dies
1519 546 1710 583 Dominicae
1737 547 1928 590 duntaxat,
1949 545 2054 592 juxta
2080 544 2202 581 Verba
2224 546 2423 592 „apostolici

273 595 399 629 Brevis
421 607 430 630 ε
454 596 516 642 qut'
539 592 578 627 in
603 604 674 629 una
701 603 742 629 ex
766 593 960 634 Dominicis
985 593 1169 643 cujuslibet
1190 606 1266 630 men
1279 607 1304 629 ιι
1320 618 1432 631 .....
1446 593 1566 631 devote
1590 595 1812 644 visitaverint
1835 617 1848 637 ‚
1873 594 1991 642 ibique
2008 594 2085 642 piar
2117 593 2162 628 ad
2187 594 2300 631 Deum
2308 604 2428 644 precer

273 641 460 692 efficdert'nt
471 642 543 685 &c-
569 640 646 677 hinc
675 642 712 676 P.
735 642 1072 693 Qntanadvennas
1098 644 1222 679 attenta
1277 643 1382 678 ummi
1405 643 1584 680 Pontificis
1611 645 1814 687 locutione,
1844 642 1998 689 sonuque
2025 641 2252 686 Verborum,
2276 641 2311 679 in
2327 645 2432 692 Apo·

274 692 398 728 stolico
423 693 524 729 Brevi
554 688 787 737 expressorum
813 692 951 736 censet,
977 702 1112 739 tempus
1139 691 1440 735 indulgentiarum
1468 691 1620 728 inchoari
1646 695 1666 729 ἢ
1693 692 1800 740 primo
1828 692 1959 738 punsto
1986 690 2258 735 mediaenoais‚
2285 702 2430 740 proten-

273 740 380 788 dique
408 741 449 777 ad
478 738 643 787 punstum
667 738 809 776 alterius
837 740 1009 788 subsequae
1032 740 1151 776 mediae
1180 740 1316 777 noetis.
1344 741 1419 775 Cui
1444 740 1604 787 opInioni
1623 750 1732 777 tamen
1767 743 1814 777 R.
1832 742 1869 776 P.
1894 740 2019 777 Gobat
2035 764 2050 784 ³
2071 736 2297 787 quantumuis
2326 738 2426 778 illam

274 788 494 837 verofimilem
520 797 650 831 vocet,
678 787 781 827 variis
805 788 839 823 in
870 789 954 824 locis
978 789 1231 831 contrariatur,
1258 800 1303 823 ex
1326 788 1482 832 ratione,
1508 788 1604 835 quod
1628 790 1810 827 Dominica
1834 790 1907 825 dies
1938 789 2060 827 veniat
2078 789 2139 824 sub
2157 788 2294 826 nomine
2307 789 2399 826 Festi
2413 813 2430 834 ,

272 837 379 887 juxta
408 836 673 874 declarationem
697 837 735 872 S.
765 837 840 872 Rit.
872 835 1173 882 congregationis
1200 836 1292 883 apud
1319 837 1501 872 Barbosam
1526 835 1631 874 Verb.
1654 836 1784 888 Festum
1802 861 1816 882 ‚
1839 839 1873 874 &
1894 837 1974 873 ideo
2009 862 2022 881 ,
2051 837 2093 873 ad
2115 839 2285 874 rationem
2311 838 2431 874 Indul-

274 886 492 931 gentiarum,
518 897 581 933 pro
609 884 714 921 Festis
741 884 992 929 concessarum,
1020 887 1054 921 &
1071 888 1089 922 ἐι
1106 884 1219 932 primis
1250 883 1411 931 Vesperis
1435 884 1672 933 incipientium
1695 911 1709 930 ,
1747 886 1849 922 etiarn
1878 885 2120 930 indulgentias
2155 886 2431 924 Communionis

274 935 471 979 generalis,
499 945 653 981 tempore
676 933 857 981 primarum
887 934 1106 982 vesperarum
1132 932 1283 969 inchoari
1306 932 1480 968 concludit
1499 958 1509 969 .
1549 934 1667 980 Qam
1694 945 1874 980 utramque
1897 935 2102 982 opInionem
2139 935 2175 971 in
2212 934 2431 973 subfidium...

275 984 396 1027 dubii,
422 984 519 1031 quod
546 982 690 1029 desuper
710 982 782 1029 jam
812 994 880 1018 non
905 983 1006 1020 semel
1027 982 1184 1026 emersu,
1210 981 1402 1020 differendo
1418 981 1587 1017 adducere
1618 981 1718 1016 volui
1735 1006 1745 1016 .

377 1033 435 1068 Ne
460 1044 601 1078 quoque
626 1031 672 1065 ob
700 1034 854 1067 locorum
883 1032 940 1066 seu
964 1031 1214 1069 Conventuum
1238 1030 1431 1066 nostrorum
1466 1029 1659 1066 distantiam
1685 1029 1817 1066 fideles
1841 1030 1908 1065 hoc
1931 1030 2113 1066 thesauuro
2142 1033 2271 1078 privari
2297 1033 2434 1070 contin-

275 1090 393 1126 geret,
426 1080 607 1116 pontificia
619 1078 870 1125 dispensatione
887 1079 1056 1114 indultum
1070 1078 1117 1115 est
1131 1103 1143 1122 ,
1170 1088 1207 1114 ut
1220 1078 1416 1128 hujusmodi
1438 1078 1650 1114 Communia
1665 1101 1678 1121 ‚
1701 1078 1802 1114 etiam
1815 1080 1850 1114 in
1873 1079 2097 1115 Saecularium
2124 1079 2282 1117 Eccleliis
2305 1083 2324 1118 ἃ
2351 1082 2435 1117 fra.

275 1129 383 1164 tribus
413 1128 534 1163 nostrIS
567 1127 696 1162 institui
725 1138 827 1173 queat
843 1153 854 1163 .
882 1128 964 1163 lnde
994 1127 1150 1173 pluribus
1175 1127 1210 1163 in
1237 1126 1319 1162 locis
1347 1126 1478 1164 Fratres
1504 1127 1548 1163 ad
1577 1126 1757 1164 Parochias
1783 1138 1978 1171 vocantur,
2003 1127 2038 1162 in
2063 1126 2189 1173 quibus
2217 1129 2434 1167 Communia

274 1189 395 1214 eorum
409 1175 647 1226 sollicitudine
669 1177 861 1212 celebratur
877 1200 891 1218 ,
918 1175 953 1210 in
980 1176 1046 1212 hoc
1071 1175 1286 1212 essentialiter
1308 1176 1501 1214 confistente
1527 1199 1540 1219 ‚
1566 1186 1603 1210 ut
1624 1176 1792 1223 populum
1819 1177 1862 1215 ad
1899 1176 2133 1220 indulgentias
2175 1177 2433 1215 lucrifacIendas

274 1226 450 1264 stimulent
463 1250 477 1269 ,
489 1223 640 1273 ejusdem
650 1223 872 1260 confessiones
884 1224 1082 1271 excipiant,
1096 1225 1130 1260 8(
1145 1225 1425 1262 communionem
1440 1226 1725 1264 Sacramentalem
1745 1225 1934 1272 dispensent
1944 1250 1953 1259 .
1982 1226 2219 1271 Nuncupatur
2232 1237 2346 1269 autem
2361 1226 2436 1264 haec

276 1274 394 1323 praxis
423 1273 621 1311 Communia
645 1271 821 1320 generalis
844 1273 892 1309 ob
918 1274 1123 1311 concursum
1143 1273 1290 1322 populi,
1316 1275 1376 1321 qui
1393 1275 1428 1311 in
1445 1273 1551 1319 locis,
1578 1274 1638 1312 ubi
1666 1273 1869 1321 peragitur,
1894 1273 2082 1318 generatim
2113 1274 2149 1310 8(
2184 1274 2357 1313 turmatim
2384 1273 2435 1315 ad,

276 1336 350 1362 eam
372 1324 545 1361 confluere
567 1320 701 1357 videtur
716 1347 726 1358 .

377 1373 507 1408 Eadem
538 1370 695 1413 motiva,
718 1383 793 1420 quae
822 1373 867 1408 R.
897 1373 934 1408 P.
959 1371 1159 1418 Georgium
1185 1373 1309 1409 Gobat
1358 1373 1400 1409 ad
1423 1373 1512 1409 hanc
1536 1372 1708 1409 materiam
1733 1370 1839 1409 fufius
1868 1369 2078 1408 traaandam
2103 1372 2270 1409 induxere
2295 1396 2310 1418 ‚
2333 1383 2428 1409 com-

278 1422 443 1470 pulerunt
462 1425 493 1456 &
511 1431 563 1454 me
589 1419 632 1454 ad
656 1420 792 1456 Noram
819 1420 905 1458 hanc
928 1421 1104 1468 prolixius
1130 1421 1382 1459 extendendam
1397 1445 1410 1465 ‚
1435 1424 1518 1474 quia
1530 1421 1609 1469 sum
1635 1430 1750 1458 certus
1771 1445 1783 1465 ‚
1807 1420 1866 1457 hoc
1891 1418 1951 1470 effi*
1977 1420 2023 1456 ad
2034 1421 2190 1457 honorem
2208 1421 2278 1458 Dei
2302 1421 2346 1462 ὼ·
2371 1421 2427 1456 bo-

280 1482 364 1556 Zulm
385 1470 580 1526 animarum
605 1468 644 1502 in
665 1470 870 1517 purgatorio
892 1470 1138 1515 detentarum,
1155 1471 1187 1519 fi
1208 1470 1254 1505 ad
1279 1469 1464 1507 multorum
1488 1472 1650 1507 notitiam
1676 1471 1823 1507 veniant
1847 1482 1887 1506 ea
1902 1495 1915 1515 ‚
1940 1481 2012 1518 quae
2040 1470 2087 1505 ad
2097 1469 2184 1505 hanc
2200 1469 2355 1519 speflant
2373 1469 2434 1506 In-

305 1532 328 1557 u
338 1527 493 1567 gentiam
503 1539 514 1552 0

380 1567 483 1602 Plura
505 1564 575 1600 alia
589 1565 810 1607 ,attentione
823 1564 858 1601 8(
876 1565 962 1600 scitu
987 1565 1090 1608 digna
1103 1590 1117 1608 ,
1133 1565 1250 1601 videre
1265 1566 1369 1601 libeat
1382 1578 1400 1599 a
1430 1565 1477 1600 ud
1493 1575 1703 1601 memoratos
1725 1566 1814 1599 RR.
1826 1568 1894 1602 1³1³.
1916 1567 2263 1613 Qntanadvennam
2276 1592 2290 1612 ‚
2308 1568 2432 1604 Goba-

280 1627 353 1654 tum
366 1638 378 1658 ,
407 1614 599 1650 Hautinum
611 1618 676 1649 &c.
702 1615 853 1648 celebres
865 1637 878 1655 ,
891 1614 925 1649 8(
940 1612 1099 1653 Scholis,
1120 1624 1159 1646 ac
1171 1612 1291 1647 Curiis
1310 1611 1386 1646 noti
1413 1623 1500 1645 imos
1514 1613 1695 1646 Societatis
1706 1611 1785 1654 Jesu
1798 1614 2010 1659 Theologos
2025 1638 2038 1658 ‚
2058 1615 2119 1661 qui
2146 1627 2191 1651 ex
2206 1617 2364 1652 instituto
2387 1615 2433 1651 dg

281 1665 344 1699 hac
367 1661 509 1695 materia
536 1670 644 1703 agunt
671 1672 680 1694 ε
710 1661 842 1694 Primus
867 1659 1008 1705 quidem
1030 1658 1065 1693 in
1090 1658 1279 1705 appendice
1304 1657 1347 1693 ad
1372 1656 1431 1691 sua
1458 1656 1660 1700 singularia,
1686 1656 1851 1695 secundus
1873 1660 1911 1695 in
1936 1671 2081 1705 opetum
2103 1662 2285 1702 moganum
2311 1665 2431 1703 Tomo

281 1710 456 1756 secundo,
485 1707 546 1747 seu
570 1706 775 1757 Qirinario
793 1710 886 1753 &c.,
911 1705 1031 1745 tertius
1058 1705 1145 1745 verb
1171 1704 1278 1744 Libro
1304 1704 1409 1746 tertio
1434 1715 1499 1744 art.
1526 1704 1649 1745 tertio.

2393 1806 2404 1822 1
