2658 4244
358 293 509 358 216

293 399 368 446 Fr.
404 398 666 447 Antonium
700 401 903 452 Mariam
938 403 1196 464 Piscatori,
1223 411 1327 458 Par-

324 466 559 526 mensem,
596 467 804 523 Ecclefiae
834 474 1068 543 Ephefinae
1089 479 1328 549 Archiepi-

321 534 514 608 scopum
530 538 718 608 praeficit
735 577 748 592 .
894 551 898 555 '

382 691 758 742 CLEMENS
806 695 1253 751 EPISCOPUS

346 820 487 861 Servus
506 822 713 861 Servorum
729 823 810 862 Dei
823 822 981 864 DilebJo
993 825 1096 866 Pilio
1111 828 1284 867 Antonio

417 878 569 921 Mariae
603 879 790 938 Piscatori
822 881 866 921 de
902 884 1045 923 Parma
1078 885 1210 926 Elcflo

438 936 613 994 Ephesia.
629 940 804 979 Salutem
817 966 832 987 ,
858 940 911 988 &⁴
928 941 1190 998 Apostolicam

638 996 945 1040 Benediffionem
960 1030 971 1041 .

421 1109 534 1153 Ivina
561 1109 800 1166 disponente
828 1114 1048 1157 clementia
1079 1145 1094 1168 ,
1126 1116 1237 1171 cujus
1268 1117 1330 1159 in-

435 1167 642 1213 scrutabili
678 1172 942 1226 providentia
985 1175 1330 1226 ordinationem

279 1228 499 1283 suicipiunt
527 1227 710 1271 universa
729 1260 745 1281 ,
779 1231 817 1273 in
848 1232 1088 1288 Apostolicae
1113 1234 1326 1290 dignitatis

278 1285 382 1328 solio
412 1315 426 1337 ,
466 1289 626 1330 mer-itis
661 1288 761 1331 licet
790 1290 1008 1346 imparibus
1037 1322 1052 1344 ,
1084 1294 1321 1346 constituti,

277 1343 328 1386 ad
350 1346 555 1388 universas
567 1348 688 1389 Orbis
705 1349 904 1393 Ecclesias
921 1353 1050 1394 aciem
1069 1353 1207 1395 nostrae
1224 1367 1327 1395 con-

275 1401 530 1448 siderationis
545 1406 825 1459 extendimus,
846 1411 886 1450 &
903 1424 976 1464 pro
993 1425 1131 1453 earum
1151 1413 1253 1455 statu
1271 1413 1327 1454 sa-

276 1459 455 1506 lubriter
470 1463 688 1521 dirigendo
700 1495 712 1517 ,
729 1467 947 1522 Apostolici
967 1467 1119 1511 favoris
1131 1471 1326 1514 auxilium

278 1519 518 1565 adhibemus
532 1551 548 1574 ,
578 1523 647 1567 sed
662 1524 810 1566 deillis
825 1528 1059 1579 propenfii'is
1082 1532 1326 1582 cogitare-s

278 1581 373 1621 Nos
387 1581 584 1623 convenit
597 1611 612 1634 ,
627 1596 725 1636 quas
738 1584 914 1637 propriis
937 1596 1078 1624 carere
1096 1586 1326 1624 pastoribus

277 1637 511 1686 intuemur,
548 1649 593 1677 ut
614 1642 673 1678 eis
699 1639 813 1691 juxta
837 1653 914 1679 cor
939 1637 1117 1680 nostrum
1136 1641 1322 1681 Pastores

275 1693 550 1751 praeficiantur
566 1693 732 1746 idonei,
764 1695 832 1750 qui
860 1694 1084 1737 commiffos
1100 1696 1167 1749 sibi
1187 1700 1324 1753 Popu-

277 1753 340 1796 los
370 1766 445 1808 per
468 1752 572 1794 suam
595 1753 997 1808 circumspectionem
1015 1754 1250 1809 providam,
1281 1759 1323 1798 δε

274 1811 580 1869 providentiam
602 1813 932 1869 circumspectam
961 1811 1178 1857 salubriter
1221 1815 1323 1858 diri-

278 1881 404 1927 gant,
434 1873 475 1912 &
504 1869 752 1923 informent,
785 1887 830 1915 ac
854 1872 958 1914 bona
985 1873 1157 1928 ipsarum
1172 1875 1323 1918 Eccle-

278 1929 426 1973 fiarum
461 1944 540 1972 non
581 1930 705 1973 solum
740 1933 973 1987 gubernent
1007 1933 1166 1975 utiliter
1194 1962 1209 1985 ,
1250 1934 1321 1977 sed

276 1991 401 2031 etiam
425 1990 678 2032 multimodis
706 1991 877 2034 efferant
904 1991 1196 2034 incrementis.
1234 1996 1321 2035 Du-

275 2046 373 2088 dum
398 2046 594 2102 fiquidem
630 2051 879 2103 provisiones
919 2051 1196 2094 Ecclefiarum
1236 2067 1322 2095 om-

275 2107 386 2148 nium
410 2105 518 2160 apud
546 2106 695 2149 Sedem
720 2108 997 2162 Apostolicam
1027 2121 1125 2152 tunc
1171 2125 1321 2154 vacan-

275 2166 376 2207 tium
392 2195 408 2215 ,
422 2167 459 2206 &
476 2166 512 2205 in
530 2163 732 2219 posterum
747 2178 1035 2210 vacaturarum
1050 2168 1317 2222 ordinationi,

273 2226 312 2266 &
334 2223 576 2277 dispositioni
599 2225 742 2267 nostrae
784 2226 1078 2270 reservavimus
1104 2256 1119 2279 ,
1166 2229 1317 2272 decer-

275 2294 425 2326 nentes
452 2297 501 2324 ex
529 2293 627 2324 tunc
650 2285 814 2328 irritum
832 2313 845 2335 ‚
876 2287 916 2326 &
940 2286 1062 2329 inane
1093 2315 1107 2337 ,
1145 2290 1171 2328 fi
1203 2288 1316 2331 secus

277 2343 392 2396 super
405 2342 465 2382 his
478 2372 493 2392 ,
508 2355 580 2396 per
594 2344 877 2399 quoscunque,
891 2345 1039 2400 quavis
1052 2347 1318 2399 auetoritate,

274 2398 471 2451 scienter,
488 2399 552 2442 vel
567 2401 803 2456 ignoranter
817 2404 1084 2458 contingeret
1099 2408 1318 2449 attentari.

275 2459 538 2503 Postmodum
587 2461 686 2502 verb
730 2461 1054 2516 Metropolitana
1103 2463 1320 2508 Ecclesia-2

275 2518 465 2573 Ephesin.
494 2549 509 2570 ,
555 2533 643 2574 quae
670 2521 709 2561 in
739 2522 922 2575 partibus
956 2521 1192 2565 Infidelium
1222 2537 1322 2566 con-

277 2577 370 2620 sistit
387 2607 400 2629 ,
412 2593 483 2633 per
498 2579 796 2633 promotionem
812 2579 859 2622 ad
875 2580 1160 2624 Cardinalatus
1185 2582 1320 2638 digni>-

278 2647 407 2678 tatem
435 2637 581 2678 Dilecti
612 2637 704 2679 Filii
732 2639 851 2681 nostri
869 2640 1076 2682 Dominici
1094 2669 1108 2692 ,
1138 2646 1179 2684 S.
1197 2643 1251 2684 R.
1270 2645 1318 2684 E.

277 2695 505 2737 Cardinalis
522 2695 715 2738 Pallionei
734 2699 1088 2753 nuncupati,illius
1104 2701 1318 2756 Archiepi.

277 2755 395 2807 copi,
419 2754 592 2796 Pastoris
607 2754 748 2797 solatio
764 2756 953 2800 destituta
967 2788 982 2809 ,
1013 2762 1100 2801 Nos
1112 2759 1161 2802 ad
1178 2761 1318 2814 provi-

277 2809 424 2853 sionem
438 2812 618 2868 ejusdem
635 2813 820 2857 Ecclefiae
830 2815 1013 2858 celerem
1026 2846 1039 2868 ,
1071 2821 1111 2860 δε
1125 2818 1291 2861 felicem
1302 2847 1317 2871 ,

277 2868 318 2910 in
330 2882 406 2925 qua
419 2873 547 2914 nullus
562 2884 707 2928 praeter
722 2877 808 2916 Nos
822 2875 897 2918 hac
924 2876 1016 2918 vice
1041 2874 1084 2919 se
1111 2878 1319 2920 intromit-

254 2927 259 2931 ’
280 2932 514 2982 tei-epotuit
530 2960 545 2982 ,
579 2932 799 2988 sive-potest
817 2963 830 2986 ,
858 2933 1134 2979 reservatione
1148 2938 1217 2986 ,δε
1236 2940 1319 2980 De-

281 2997 412 3053 creto·
428 2987 700 3033 obsistentibus
729 2991 986 3047 supradietis,
1019 3010 1069 3038 ne
1101 2996 1171 3038 illa
1190 2995 1321 3053 longae

281 3047 503 3103 vacationis
526 3061 750 3100 exponatur
780 3052 1082 3106 incommodis,
1113 3057 1323 3111 paternis,

281 3102 323 3145 δι
349 3102 531 3147 sol-licitis
561 3106 698 3150 studiis
725 3110 1022 3165 intendente-s,
1054 3114 1140 3168 post
1162 3114 1324 3157 delibe-

283 3163 514 3214 rationem,
545 3178 666 3219 qnam
682 3165 732 3207 de
749 3168 1006 3221 praeficiendo
1024 3173 1159 3216 eidem
1176 3174 1326 3218 Eccle-

285 3220 344 3263 siae
382 3223 571 3278 Ephesin.
613 3223 822 3277 personam
865 3231 1009 3274 utilem
1033 3262 1047 3282 ,
1078 3248 1124 3276 ac
1168 3234 1324 3278 etiaim,

285 3277 530 3324 fructuosam
545 3312 559 3333 ,
590 3297 682 3324 cum
697 3277 1008 3331 Venerabilibus
1025 3290 1236 3333 Fratribus
1252 3306 1325 3334 no-

287 3339 375 3380 stris
404 3345 443 3382 S.
461 3342 512 3384 R.
530 3342 577 3383 Ε.
602 3339 893 3384 cardinalibus
916 3345 1122 3389 habuimus
1147 3348 1325 3405 diligen-

289 3406 373 3440 tem
388 3411 403 3452 3
424 3402 599 3442 Demum
613 3400 660 3443 ad
678 3412 719 3442 te
734 3400 902 3443 Ordinis
918 3403 1107 3446 Fratrum
1122 3408 1329 3451 Minorum

289 3460 426 3515 Sanfiti
454 3459 653 3501 Francisci
679 3461 987 3515 Capucinorum
1002 3475 1326 3517 nuncupatorum

293 3514 478 3570 expresse
495 3514 710 3572 professum
723 3546 737 3568 2
768 3533 817 3560 ex
835 3521 1058 3564 Catholicis
1073 3551 1088 3572 ,
1112 3522 1327 3566 nobilibus-

293 3587 373 3627 que
408 3575 651 3618 Parentibus
680 3578 717 3618 in
741 3578 926 3620 Civitate
944 3582 1128 3623 Parmen.
1153 3591 1326 3623 ortum.)

294 3631 644 3687 quinquagenario
670 3635 866 3690 majorem
901 3665 915 3688 ,
945 3641 965 3680 :i
1001 3639 1180 3693 pluribus
1212 3642 1324 3682 annis

294 3689 615 3743 Presbyterum,
646 3694 711 3748 qui
729 3694 968 3748 Capeliani,
998 3700 1035 3738 &
1051 3699 1325 3739 Concionato-

296 3746 350 3786 ris
376 3747 586 3789 charissimi
610 3750 647 3790 in
678 3752 843 3793 Christo
871 3754 963 3797 Filii
991 3756 1109 3797 nostri
1146 3757 1324 3813 Philippi

295 3801 577 3858 Hispaniarum
608 3808 731 3859 Regis
759 3810 972 3854 Catholici
998 3841 1011 3863 ,
1042 3814 1326 3872 aC-Qalifica·

297 3862 397 3903 toris
410 3862 677 3919 lnquifitionis
692 3875 830 3907 contra
845 3869 1070 3913 liaereticam
1083 3874 1329 3927 pravitatem

935 286 1126 376 Subi
1158 283 1533 379 Clemente
1594 289 1771 379 XII.

1388 410 1431 450 in
1450 408 1602 462 Regnis
1624 409 1903 463 Hispaniarum
1923 433 1937 456 ,
1968 419 2124 449 necnon
2142 407 2366 468 Theologi,
2389 416 2434 464 &k

1401 469 1695 511 Examinatoris
1718 470 1759 510 in
1784 468 2038 509 Nunciatura
2065 463 2327 512 Praefatorum
2347 473 2430 524 Re-

1397 540 1568 581 gnorunt
1586 527 1864 584 Hispaniarum
1882 525 2115 568 muneribus
2140 526 2287 569 summa
2303 542 2438 582 cumo

1396 585 1516 627 laude
1544 584 1701 628 functus
1717 601 1758 628 es
1774 615 1788 638 ,
1818 587 1854 627 &
1871 586 1923 627 de
1946 584 2059 641 cujus
2074 586 2290 628 nobilitate
2307 591 2437 642 gene-3

1397 644 1456 684 ris
1474 673 1488 695 ,
1522 646 1617 688 vitae
1641 646 1872 696 munditia,
1904 645 2111 688 honestate
2141 660 2328 698 morum,
2360 645 2439 700 spis·-¹

1397 702 1610 744 ritualium
1640 706 1896 760 providentia
1923 733 1936 755 ,
1968 705 2008 744 &
2035 704 2326 760 temporalium
2356 705 2442 746 cii·-

1395 761 1691 817 cumspectione
1709 792 1723 814 ,
1751 763 1920 819 ⁴aliisque
1943 763 2215 820 multiplicum
2229 765 2438 807 virtutum

1395 821 1511 863 donis
1545 820 1625 864 fide
1648 821 1766 877 digna
1796 823 2020 865 testimonia
2036 823 2338 879 perhibentur,
2372 822 2437 865 di-

1394 881 1571 922 reximus
1587 875 1738 923 'oculos
1769 883 1906 924 nostrae
1934 883 2079 924 mentis
2095 913 2108 935 ,
2140 882 2284 939 quibus
2302 881 2436 925 omni-

1394 938 1468 979 bus
1485 938 1624 980 debita
1641 940 1912 981 meditatione
1925 939 2115 993 pensam,
2130 944 2191 984 Te
2205 942 2251 993 ,a
2269 939 2434 998 quibus-

1396 998 1455 1039 vis
1483 998 1940 1046 excommunicationis,
1972 997 2232 1053 suspensionis
2262 1029 2276 1052 ,
2308 1002 2346 1042 &
2371 1001 2437 1041 in-

1396 1054 1560 1098 terdicti
1576 1083 1589 1105 ,
1611 1054 1776 1110 aliisque
1788 1054 2069 1097 ecclesiasticis
2085 1058 2292 1099 sententiis
2307 1088 2323 1108 ‚
2337 1072 2435 1100 cen-

1391 1113 1486 1156 suris
1505 1142 1518 1164 ,
1550 1115 1590 1154 &
1610 1115 1772 1168 poenis,
1811 1114 1834 1156 si
1865 1113 2006 1170 quibus
2035 1116 2348 1171 quomodolibet
2373 1117 2437 1159 in-

1390 1173 1560 1215 nodatus
1588 1173 1719 1216 existis
1738 1202 1751 1224 ,
1783 1173 1833 1215 ad
1863 1172 2050 1215 effetfflum
2074 1176 2324 1230 praesentium
2342 1186 2434 1217 tan.

1387 1232 1472 1274 tum
1496 1231 1826 1287 consequendum
1851 1262 1866 1283 ,
1909 1234 2051 1274 harum
2080 1232 2184 1276 serie
2219 1233 2433 1276 absolvem-

1387 1303 1481 1341 tes,
1513 1291 1551 1331 &
1581 1290 1806 1333 absolutum
1833 1290 1919 1332 sore
1947 1292 2158 1335 censentes
2186 1321 2200 1343 ,
2246 1292 2433 1349 Ecclessae

1390 1351 1577 1405 Ephesio.
1595 1347 1762 1404 praefatae
1776 1352 1830 1393 de
1844 1352 2018 1393 Pei-sona
2033 1361 2101 1394 tua
2114 1352 2242 1394 Nobis
2253 1379 2266 1402 ,
2300 1352 2340 1391 &
2353 1350 2431 1394 eis-

1388 1408 1484 1451 dem
1503 1409 1707 1451 Fratribus
1725 1410 1863 1453 nostris
1879 1438 1892 1461 ,
1923 1409 1977 1451 ob
1999 1420 2162 1452 tuorum
2181 1410 2433 1466 exigentiam

1388 1468 1630 1510 meritorum
1662 1479 1860 1524 accepta,
1890 1468 1944 1511 de
1972 1471 2160 1513 Fratrum
2177 1470 2435 1514 eorundem

1389 1527 1555 1566 consilio
1570 1554 1585 1575 ,
1600 1528 1835 1580 Apostolica
1860 1529 2119 1573 Auc'toritate
2135 1527 2424 1586 providemus,

1389 1584 1532 1636 Teque
1547 1583 1607 1624 illi
1634 1585 1671 1626 in
1700 1585 2066 1639 Archiepiscopum
2088 1587 2329 1642 praeficimus
2347 1614 2361 1636 ,
2393 1587 2435 1628 δε

1387 1639 1589 1679 Pastorem
1619 1667 1633 1688 ,
1664 1654 1803 1681 curam
1826 1670 1840 1689 ‚
1872 1645 2087 1694 regimen,
2118 1646 2158 1686 δι
2184 1644 2433 1687 administra-

1385 1695 1541 1736 tionem
1570 1696 1685 1750 ipsius
1715 1695 1901 1739 Ecclefiae
1932 1699 2120 1751 Ephesin.
2153 1701 2303 1741 Tibiin
2322 1701 2438 1756 spiri-

1385 1753 1591 1803 tualibus,
1622 1757 1662 1796 &
1695 1755 1990 1808 temporalibus
2025 1757 2211 1812 plenarie
2243 1761 2438 1801 commit-

1384 1811 1533 1864 tend0,
1564 1811 1680 1856 firma
1697 1813 1764 1870 spe
1777 1845 1793 1865 ,
1808 1813 2038 1872 fiduciaque
2052 1816 2262 1871 conceptis
2279 1842 2294 1864 2
2322 1817 2437 1873 quod

1384 1870 1555 1915 dextera
1604 1874 1766 1916 Domini
1803 1874 1897 1916 Tibi
1936 1874 2136 1918 affistente
2165 1876 2370 1932 ‚propitia
2415 1905 2432 1928 ,

1383 1931 1568 1985 praediaa
1639 1933 1824 1976 Ecclesia
1871 1932 2063 1988 Ephefin.
2108 1949 2183 1989 per
2228 1945 2302 1976 tuae
2356 1935 2438 1978 cir·

1382 1992 1694 2045 cumspectionis
1738 1991 1973 2034 industriam
1994 2019 2009 2042 ,
2053 1995 2094 2033 &
2124 1991 2299 2035 studium
2342 1994 2434 2035 fru-

1380 2047 1561 2092 &uosum
1588 2062 1758 2105 regetur
1786 2051 1946 2092 utiliter
1971 2078 1986 2100 ,
2031 2053 2070 2093 &
2107 2049 2301 2106 prospere
2329 2050 2432 2094 diri-

1381 2119 1531 2163 getur,
1561 2125 1605 2152 ac
1634 2119 1747 2165 grata
1783 2109 1825 2152 in
1853 2109 2012 2152 eisdem
2042 2109 2310 2165 spiritualibus
2332 2139 2348 2160 ,
2393 2111 2432 2152 &

1380 2168 1673 2223 temporalibus
1711 2168 1897 2223 suscipiet
1931 2168 2214 2212 incrementa.
2242 2173 2433 2226 Jugum-›

1378 2228 1504 2282 igitur
1519 2228 1784 2278 Domini,tuis
1798 2229 2026 2283 impositum
2043 2229 2434 2284 humeris,prompta

1379 2287 1606 2330 devotione
1631 2286 1871 2343 suscipiens,
1904 2301 2072 2338 curam,
2103 2289 2141 2329 &
2177 2288 2429 2329 administra-

1381 2345 1539 2387 tionem
1569 2346 1752 2402 praefatas
1770 2346 1820 2388 sic
1834 2359 2032 2387 exercere
2049 2345 2203 2388 studeas
2221 2345 2397 2387 sollicite
2416 2373 2431 2398 ,

1381 2401 1588 2455 fideliter,
1620 2407 1659 2447 δε
1685 2405 1910 2458 prudenter
1927 2434 1941 2456 ,
1973 2404 2087 2460 quod
2110 2404 2291 2447 Ecclesia
2318 2404 2430 2458 ipsa-2

1384 2461 1572 2515 Ephesio.
1606 2463 1887 2506 Gubernatori
1913 2463 2092 2519 provido
2110 2492 2125 2514 ,
2153 2466 2187 2504 Sc
2222 2461 2432 2505 fructuoso

1382 2520 1697 2564 administratori
1715 2522 1890 2579 gaudeat
1906 2524 1946 2565 se
1961 2522 2234 2564 commistam:
2255 2524 2426 2577 Tuque,

1382 2590 1528 2634 praeter
1562 2594 1721 2623 aeternae
1752 2582 2036 2624 retributionis
2070 2582 2274 2636 praemium
2300 2610 2315 2630 ,
2358 2585 2434 2621 no*-

1381 2636 1501 2680 stram‘
1516 2669 1531 2690 ,
1561 2644 1597 2682 δι
1614 2641 1727 2683 ἀίἂκ
1743 2642 1859 2684 Sedis
1885 2641 2214 2683 benedictionem
2230 2670 2247 2690 ,
2270 2641 2310 2680 &
2339 2653 2432 2694 gra-

1380 2698 1480 2739 tiam
1505 2701 1656 2743 exinde
1678 2700 1846 2742 uberius
1874 2700 2064 2756 consequi
2093 2700 2311 2742 merearis.
2342 2701 2430 2740 Nos

1378 2758 1487 2798 enim
1504 2758 1627 2809 Tibi,
1641 2771 1701 2811 ut,
1714 2759 1904 2814 quamdiu
1926 2758 2029 2802 dicta
2045 2758 2224 2801 Eccleiia
2244 2758 2433 2812 Ephefin.

1379 2816 1427 2858 ab
1446 2814 1686 2861 infidelibus
1707 2819 1976 2866 detinebitur,
1998 2817 2048 2859 ad
2066 2817 2174 2858 illam
2196 2815 2431 2866 accedere,

1381 2877 1418 2918 Sc
1442 2874 1548 2929 apud
1573 2890 1663 2918 eam
1690 2874 1959 2929 personali-ter
1985 2873 2166 2917 relidere
2185 2874 2349 2916 minime
2371 2886 2435 2916 te-

1383 2934 1532 2986 nearis,
1548 2935 1656 2977 dista
1680 2934 1916 2990 Apostolica
1933 2933 2262 2985 Auctoritate,de
2280 2933 2435 2988 specia-

1384 2993 1432 3035 lis
1448 2993 1558 3037 dono
1571 2996 1712 3051 gratiae
1725 2993 1984 3050 'indulgemus
2001 3023 2012 3034 .
2039 2995 2092 3036 Et
2115 2992 2277 3049 insuper
2290 2991 2339 3035 ad
2354 3006 2402 3034 ea
2419 3019 2434 3042 ,

1385 3067 1471 3109 quae
1501 3054 1632 3097 intuae
1662 3053 1964 3096 commoditatis
1992 3066 2250 3107 augmentum
2278 3049 2431 3092 cedere

1388 3112 1550 3156 valeant
1567 3143 1581 3166 ,
1600 3111 1880 3156 favorabiliter
1895 3111 2156 3154 intendentes
2172 3138 2186 3160 ,
2202 3109 2281 3150 tuis
2302 3109 2375 3150 hac
2391 3109 2434 3150 in

1385 3182 1504 3229 parte
1543 3170 1895 3229 supplicationibus
1929 3168 2143 3218 inclinati,
2177 3167 2303 3217 Tibi,
2328 3176 2371 3207 ut
2402 3165 2426 3207 ἃ

1385 3243 1770 3288 quocunque,quem
1786 3225 2432 3278 malueris,CatholicoAntistite,

1386 3288 1617 3344 gratiam,&
1629 3287 1958 3330 communionem
1974 3284 2090 3329 Sedis
2108 3285 2346 3341 Apostolicae
2361 3285 2434 3324 ha-

1389 3347 1729 3400 bente,accitis‚&
1743 3347 1783 3388 in
1798 3346 1875 3387 hoc
1896 3343 1964 3387 fibi
1979 3343 2244 3387 assistentibus
2259 3342 2434 3393 duobus,

1390 3406 1456 3450 vel
1474 3409 1602 3450 tribus
1617 3407 1707 3449 aliis
1733 3403 1962 3447 Catholicis
1979 3431 1993 3454 ,
2025 3401 2348 3456 Archiepiscopis
2366 3400 2433 3455 vel

1388 3466 1596 3522 Episcopis
1609 3495 1624 3518 ,
1640 3464 1808 3508 similem
1828 3463 1997 3518 gratiam
2012 3491 2027 3511 ,
2055 3462 2094 3500 &
2109 3460 2432 3502 communionem

1389 3526 1634 3569 habentibus
1649 3551 1664 3575 ,
1685 3537 1828 3567 munus
1852 3517 2166 3564 consecrationis
2181 3519 2368 3573 recipere
2382 3517 2433 3560 li-

1390 3584 1488 3626 bere
1520 3584 1682 3634 valeas,
1713 3596 1757 3624 ac
1786 3579 1923 3622 eidem
1947 3576 2165 3627 Antistiti,
2198 3588 2241 3618 ut
2261 3587 2431 3632 recepto

1386 3643 1493 3696 prius
1519 3657 1593 3698 per
1617 3655 1708 3683 eum
1733 3639 1755 3681 a
1782 3639 1846 3680 Te
1872 3634 2006 3676 nostro
2027 3664 2043 3687 ,.
2067 3638 2107 3677 δε
2137 3639 2325 3679 Romanae
2349 3638 2433 3677 Ec-

1386 3699 1512 3741 clestae
1541 3699 1736 3746 nomine,
1761 3692 1968 3735 fidelitatis
1996 3693 2141 3737 debitae
2173 3696 2290 3737 solito
2321 3694 2430 3750 jura-

1391 3767 1561 3806 mento,
1593 3767 1733 3796 munus
1766 3749 1974 3807 praefatum
1997 3755 2243 3796 auctoritate
2266 3753 2429 3795 nostra.)

1392 3815 1463 3855 tibi
1483 3811 1719 3868 impendere
1733 3838 1747 3860 ,
1780 3810 1893 3851 licite
1910 3812 2022 3865 poffit
2040 3840 2053 3862 ,
2082 3810 2316 3854 facultatem
2333 3823 2430 3852 con-

1392 3870 1572 3914 cedimus
1600 3885 1671 3925 per
1694 3868 1932 3926 praesentes.
1968 3872 2164 3913 Volumus
2196 3880 2356 3968 ευῐὲᾞὶ,
2391 3870 2428 3909 8(

2301 3941 2309 3966 ι
2354 3940 2374 3966 a
