2658 4244
1006 201 1166 288 Sub
1230 201 1449 288 Sixto
1519 202 1618 287 V.

259 336 345 379 pem
371 318 412 364 iti
436 322 567 380 aliqua
592 321 715 368 domo
727 322 794 366 seu
813 321 905 362 loco
919 316 1092 373 ipsorum
1109 320 1287 372 Capuci-

246 395 399 427 morum
413 410 427 432 ,
457 382 645 435 admitti,
676 380 828 438 recipi,
856 380 896 420 &
925 376 1094 421 retineri
1108 406 1119 416 ·
1176 380 1286 419 Con-

245 439 496 484 traditftores
519 442 719 497 quoslibet
733 470 748 493 ,
777 441 814 481 δε
830 435 1001 479 rebelles
1020 465 1034 487 ,
1066 435 1201 490 eisque
1217 451 1288 478 au-

245 499 394 542 *xilium
413 528 425 551 ,
456 500 663 543 >confilium
679 529 693 552 ‚
726 498 790 540 vel
805 495 985 539 favorem
1002 495 1153 537 directe
1169 522 1184 544 ,
1220 494 1283 536 vel

255 557 450 601 indirecte
466 587 481 609 ,
509 558 815 614 quomodolibet
832 554 1060 611 praestantes
1076 584 1091 604 ,
1107 567 1180 609 per
1196 567 1294 594 cen-

253 621 363 659 suras
379 646 393 667 ,
424 619 462 658 &
476 629 616 671 poenas
631 614 928 658 Ecclefiasticas
941 641 956 664 ,
974 613 1130 668 aliaque
1143 626 1292 668 oppor-

255 687 351 718 tuna
365 675 464 730 juris
480 700 494 722 ,
515 674 551 713 &
567 672 658 716 faeti
674 674 852 716 remedia
867 702 880 724 ,
899 671 1176 727 appellatione
1193 670 1298 726 post-

252 731 396 790 pofitfi,
411 730 722 783 compescendo,
740 731 1008 786 legitimisque
1024 732 1141 785 super
1156 730 1214 772 his
1230 731 1300 771 ha-

250 789 397 834 bendis
410 787 581 838 servatis
595 789 844 845 processibus
859 817 873 839 ,
888 788 1104 832 sententias
1116 818 1130 840 ,
1149 790 1189 829 &
1201 802 1294 829 cen-

246 851 355 894 suras
370 847 467 902 ipsas
484 877 498 898 ,
522 850 647 890 etiam
664 850 821 891 iteratis
838 848 993 891 vicibus
1008 847 1264 904 aggravando
1278 875 1292 898 ,

246 908 438 949 invocato
451 906 502 948 ad
521 906 596 948 hoc
613 908 738 950 etiam
753 936 767 958 ,
800 907 824 956 fi
841 921 939 963 opus
955 907 1104 957 fuerit,
1138 905 1290 949 auxilio

245 964 404 1011 brachii
425 965 635 1008 saecularis
665 981 676 1008 :
711 981 789 1008 non
819 967 1065 1008 obstantibus
1084 965 1291 1007 Constitu.-

249 1023 425 1066 tionibus
447 1052 461 1075 ,
488 1025 861 1068 &ordinationibus
877 1025 1116 1081 Apostolicis
1133 1053 1146 1075 ,
1178 1038 1221 1065 ac
1252 1024 1291 1064 in

248 1081 449 1128 Conciliis
468 1084 590 1126 etiam
604 1084 863 1140 generalibus
878 1083 1000 1127 editis
1017 1113 1031 1135 ,
1046 1098 1090 1126 ac
1108 1082 1291 1132 Ordinis,

243 1143 287 1183 ⁴&
300 1144 639 1196 Congregationis
655 1144 954 1199 Capucinorum
982 1142 1259 1198 praedictorum
1272 1167 1287 1189 ,

245 1200 480 1258 juramento
509 1230 523 1252 ,
564 1201 871 1244 confirmatione
915 1202 1143 1256 Apostolica
1167 1230 1182 1251 ,
1222 1199 1291 1241 vel

245 1260 384 1314 quavis
402 1256 594 1303 firmitate
610 1261 684 1303 alia
699 1262 897 1304 roboratis
920 1290 932 1311 ,
951 1260 1120 1308 statutis,
1136 1261 1176 1299 ὃ(
1189 1272 1289 1298 con-

243 1315 520 1363 suetudinibus
536 1346 550 1368 ,
585 1333 741 1361 necnon
762 1318 1020 1361 facultatibus
1040 1347 1054 1368 ,
1086 1313 1288 1371 dispensas-

245 1375 423 1423 tionibus
438 1402 452 1424 2
466 1376 685 1424 &indultis
701 1405 715 1427 ,
731 1377 800 1432 ipsi
817 1376 1136 1431 Congregationi
1149 1379 1286 1429 Capu-

244 1434 459 1483 cinorum,
491 1448 711 1491 eorumque
742 1435 1053 1490 Superioribus,
1084 1435 1120 1474 8<
1143 1432 1286 1475 Perso-

243 1491 304 1535 nis
320 1519 333 1541 ,
363 1501 432 1531 aut
460 1490 646 1534 domibus
675 1493 989 1548 quibuscumque
1020 1491 1246 1547 recipiendi
1269 1520 1283 1542 ,

243 1548 310 1591 vel
326 1550 529 1592 retinendi
546 1552 709 1597 fratres
735 1555 787 1596 de
802 1553 1066 1595 observantia
1082 1580 1096 1601 ,
1127 1550 1280 1606 etiam,

242 1609 404 1654 suorum
431 1609 694 1662 superiorum
721 1610 887 1654 licentiat
914 1609 1043 1667 petita
1058 1610 1252 1652 duntaxat
1269 1636 1282 1660 5

240 1668 279 1707 &
307 1679 383 1707 non
412 1665 610 1718 obtenta,
643 1680 710 1712 aut
739 1685 816 1712 non
843 1667 971 1726 petitz'l
998 1668 1281 1719 transeuntes,

241 1736 326 1767 tant
343 1726 530 1789 expresse
544 1755 558 1776 ,
574 1727 610 1767 &
629 1728 911 1784 principaliter
927 1756 941 1778 ,
954 1729 1072 1781 quam
1086 1742 1158 1783 per
1169 1742 1281 1769 com-

241 1783 559 1834 mumcationem
585 1786 636 1828 ad
664 1786 784 1829 instar
797 1786 1209 1837 aliorumOrdinum‚
1241 1787 1280 1826 δε

238 1844 619 1898 ⁴congregationum
633 1874 646 1896 ,
658 1859 822 1902 quarum
837 1845 1056 1900 gratiarum
1072 1875 1085 1895 ,
1100 1847 1137 1887 &
1153 1843 1285 1888 indul-

245 1910 384 1942 torum
414 1900 482 1954 ipsi
513 1901 639 1947 forsan
670 1905 867 1959 Capucini
893 1904 1112 1959 participes
1155 1902 1285 1946 effeffl

242 1958 360 2008 sunt,
390 1959 541 2002 etiamsi
562 1958 834 2015 pariformiter
851 1993 866 2015 ,
896 1965 933 2003 δε
947 1964 1056 2019 aeque
1082 1962 1285 2018 principa-

242 2017 345 2083 liter
362 2043 376 2066 ,
408 2017 487 2073 ipsa
503 2022 831 2065 Communicatio
847 2051 860 2073 ,
891 2023 931 2063 &
945 2021 1125 2064 extensio
1150 2019 1283 2064 faeta-2

242 2074 366 2117 suerit
404 2091 478 2131 per
522 2079 794 2136 quoscumque
827 2083 1033 2123 Romanos
1066 2080 1282 2123 Pontifices

242 2133 555 2179 Praedeceffore's
567 2166 582 2189 ,
605 2149 673 2180 aut
692 2138 941 2183 Succeffores
958 2141 1110 2182 nostros
1126 2167 1140 2188 ,
1156 2144 1281 2183 etiam

241 2196 537 2260 ,motu-proprio
552 2224 565 2248 ,
597 2211 642 2240 ac
656 2197 708 2241 de
724 2198 958 2255 Apostolicae
973 2197 1178 2255 potestatis
1196 2199 1284 2254 ple-

241 2251 430 2318 nitudine
445 2282 459 2305 ,
491 2269 535 2296 ac
551 2255 603 2297 de
617 2258 856 2301 eorumdem
884 2258 1163 2301 Cardinalium
1185 2272 1283 2299 con-

243 2309 333 2355 filio
355 2337 378 2377 ⁹.
402 2326 476 2367 pro
490 2323 678 2371 tempore
693 2317 884 2360 concessis
900 2346 914 2367 ,
938 2318 1169 2373 approbatis
1186 2346 1199 2367 ,
1222 2317 1281 2357 in—

241 2379 523 2427 novatis:quae
553 2375 717 2426 omnia,
751 2391 794 2418 ac
822 2375 993 2430 desuper
1018 2373 1215 2419 confestas
1233 2375 1282 2416 li-

242 2438 347 2470 teras
362 2457 376 2479 ,
407 2429 683 2488 processusque
698 2435 858 2477 habitos
875 2448 949 2488 per
961 2435 1119 2476 easdem
1137 2463 1163 2487 „
1182 2443 1288 2488 qua:

243 2494 361 2531 tenus
372 2489 567 2541 praemiffis
585 2491 622 2532 in
638 2491 773 2546 aliquo
789 2492 1050 2535 adversantur
1066 2522 1080 2544 ,
1111 2492 1282 2545 abroga-

244 2556 330 2583 mus
348 2570 362 2593 ,
392 2543 578 2608 cassamus
593 2576 608 2598 ,
642 2549 680 2588 &
697 2550 946 2591 annullamus
963 2579 973 2589 .
1006 2553 1089 2591 Aut
1105 2578 1118 2600 ,
1145 2551 1171 2589 si
1191 2547 1279 2602 ipfis

243 2603 463 2655 Capucinis
478 2631 492 2654 ,
522 2619 743 2661 eorumque
759 2607 936 2650 Praelatis
950 2636 964 2658 ,
995 2610 1034 2648 &
1054 2607 1280 2663 Superiori-

242 2658 344 2724 bus,
376 2660 441 2701 vel
468 2663 668 2717 quibusvis
698 2666 786 2708 aliis
812 2668 1104 2717 communiter,
1137 2665 1278 2709 veldi-

243 2716 353 2784 vJsm}
377 2718 426 2759 ab
453 2722 684 2775 Apostolica
708 2724 754 2765 fit
783 2725 889 2768 Sede
906 2725 1106 2766 indultum
1122 2754 1136 2773 .,
1168 2723 1273 2780 quod

238 2776 372 2842 literis
396 2781 664 2824 revocatoriis
691 2812 705 2835 ,
736 2782 806 2825 sub
827 2798 1077 2839 quacumque
1099 2782 1274 2825 formula

238 2833 390 2900 editis,
423 2836 679 2890 nullatenus,
712 2842 776 2884 vel
794 2841 861 2883 nifi
877 2843 1003 2885 modis
1027 2870 1041 2892 ,
1071 2844 1110 2883 &
1135 2841 1274 2884 formis

239 2907 278 2936 ln
296 2893 517 2949 hujusmodi
534 2897 697 2941 indultis
713 2901 917 2942 contentis
932 2930 945 2951 ,
971 2915 1113 2957 parere
1127 2930 1141 2952 ,
1171 2904 1208 2943 &
1223 2902 1276 2942 ob

238 2965 318 2995 non
332 2953 551 3018 paritiones
566 2956 717 3013 aliquas
733 2957 952 3001 sententias
967 2988 981 3010 ,
1003 2958 1185 3002 censuras
1200 2989 1214 3011 ,
1239 2962 1277 3001 δε

235 3024 379 3077 poenas
395 3026 606 3057 incurrere
621 3046 633 3068 ‚
665 3026 733 3058 aut
748 3018 844 3060 alias
861 3018 1051 3061 interdici
1074 3047 1088 3069 ,
1119 3017 1277 3075 suspen-

237 3068 276 3113 dt
293 3097 306 3120 ,
340 3070 377 3110 &
395 3076 737 3118 excommunicari
753 3091 831 3119 non
849 3077 990 3132 poffint
1004 3106 1018 3127 ,
1051 3091 1122 3133 per
1137 3079 1275 3120 literas

235 3128 488 3183 Apostolicas
504 3147 584 3176 non
602 3132 801 3178 facientes
818 3136 977 3191 plenam
992 3135 1276 3191 &expressam,

234 3200 280 3229 ac
295 3187 360 3253 de·
376 3191 502 3232 verbo
522 3192 574 3234 ad
601 3195 780 3237 Verbum
796 3195 850 3237 de
865 3195 1025 3237 indulto
1051 3195 1274 3252 hujusmodi

232 3257 483 3312 ntenthnem
510 3279 524 3302 ,
562 3253 686 3294 etiam
713 3254 962 3308 quibuslibet
992 3254 1077 3295 aliis
1108 3254 1276 3310 privile-

234 3317 310 3358 gus
329 3335 345 3357 ‚
375 3307 663 3363 indulgentiis,
694 3313 1047 3367 exemptionibus,
1078 3316 1114 3355 &
1141 3314 1271 3355 literis

234 3364 478 3417 Apostolicis
492 3370 751 3423 generalibus
767 3391 781 3420 ¹,
796 3371 862 3414 vel
879 3371 1133 3425 specialibus,
1149 3372 1272 3414 etiam

236 3432 345 3486 motu
360 3449 374 3472 ,
388 3423 552 3469 scientia
564 3457 577 3478 ,
590 3431 629 3470 &
645 3430 852 3484 potestatis
870 3428 1122 3484 plenitudine
1136 3459 1149 3480 ,
1165 3431 1272 3472 sim--

234 3479 339 3520 libus
365 3484 582 3539 eoncessis,
613 3502 957 3544 quorumcumque
973 3500 1162 3530 tenorum
1185 3489 1270 3531 exi-v

236 3536 368 3603 flant)
384 3553 454 3593 per
476 3558 562 3598 quae
576 3574 590 3596 ,
614 3546 870 3602 praesentibus
886 3562 964 3589 non
982 3547 1159 3599 expressa
1174 3577 1188 3599 ,
1202 3546 1269 3588 vel

235 3596 420 3638 totaliter
447 3612 524 3642 non
545 3602 717 3651 inserta,
742 3605 904 3649 effectus
918 3620 1055 3649 earum
1084 3606 1270 3660 impediri

236 3655 368 3697 valeat
383 3684 396 3705 a
428 3662 737 3711 quomodolibet
754 3666 818 3707 vel
834 3665 986 3708 differri
1002 3694 1014 3715 ,
1045 3667 1083 3706 δε
1104 3664 1156 3706 de
1182 3665 1272 3720 qui-

1349 322 1478 362 lumus
1494 316 1801 359 neminicontra
1820 318 2002 371 praediAEta
2030 324 2068 364 in
2100 324 2235 380 aliquo
2252 324 2388 367 suffra·

1347 378 1434 433 gari
1459 389 1471 415 ³
1505 372 1752 429 Caeterisque
1781 380 1996 420 contrariis
2029 384 2343 440 quibuscumque
2374 414 2386 424 .

1350 436 1545 479 Volumus
1560 444 1725 484 autem,
1747 444 1790 476 ut
1809 433 2059 488 praesentium
2074 443 2268 497 exemp-lis
2285 471 2299 493 ,
2326 453 2392 484 et-

1349 496 1425 537 iam
1440 491 1630 547 impressis
1643 519 1657 541 ,
1670 506 1784 533 manu
1799 495 1961 536 Notarii
1980 498 2126 551 publici
2142 499 2393 556 subscriptis,

1350 556 1391 595 ἃς
1412 550 1578 607 alicujus
1596 551 1756 593 Praelati
1774 551 2069 606 Ecclefiastici',
2093 557 2227 611 ejusve
2253 562 2395 602 Curiae

1348 611 1493 667 sigillo
1517 610 1728 665 obsignatis
1745 638 1758 660 ,
1776 609 1926 651 eadem
1940 606 2202 670 ›fides‘ubique
2222 617 2260 658 in
2285 617 2395 673 judi-

1357 671 1423 713 cio
1436 698 1451 720 ,
1482 671 1519 710 &
1535 681 1647 711 extra
1663 668 1764 710 illud
1779 670 1972 712 habeatur
1985 700 1999 722 ,
2029 687 2113 728 quae
2128 671 2279 716 eisdem
2293 690 2394 731 prae-

1355 730 1532 772 sentibus
1558 728 1823 770 adhiberetur
1849 756 1862 778 ‚
1907 728 1931 769 fi
1962 729 2086 773 essent
2113 733 2300 775 exhibitae
2326 736 2393 776 vel

1351 789 1532 832 ostensae-
1565 791 1719 829 Datum
1743 789 1883 828 Romae
1899 788 2003 842 apud
2023 793 2207 833 Sant‘tum
2227 795 2394 836 Petrum

1353 849 1422 890 sub
1446 846 1609 892 Annulo
1643 845 1854 888 piscatoris
1877 845 1944 887 die
1963 848 2154 902 vigesimo
2172 854 2314 892 octavo
2328 854 2396 906 Ja-

1351 907 1484 950 nuarii
1522 905 1734 948 Millefimo
1777 904 2094 960 quingentesimo
2123 908 2318 962 octuagefi
2329 923 2394 950 mo

1351 966 1464 1010 sexto
1482 995 1496 1018 ,
1526 964 1790 1008 Pontificatus
1812 963 1945 1004 Nostri
1962 968 2082 1007 Anno
2099 965 2237 1007 Primo
2255 996 2266 1006 .

1411 1088 1471 1128 Ex
1507 1080 1825 1183 gallebzprivil-
1857 1081 1990 1142 Apost'.
2015 1085 2056 1124 Ρ.
2073 1085 2295 1138 Rodrt'quez
2310 1081 2391 1142 fol.

1468 1155 1564 1185 mm
1593 1155 1656 1190 52,
1681 1169 1692 1187 ,

1396 1377 2087 1434 GREGORIUS
2158 1382 2330 1431 XIV.

1345 1506 1469 1549 Italus
1491 1533 1505 1555 ,
1549 1518 1595 1545 cx
1626 1506 1797 1546 Civitate
1828 1503 2113 1558 Mediolanensi
2137 1532 2150 1554 ,
2194 1506 2382 1547 Nicolaum·

1403 1561 1663 1621 sfrondratus
1677 1572 1792 1603 antea
1808 1561 1932 1603 diHus
1946 1592 1959 1614 ,
1995 1568 2034 1605 S.
2051 1565 2100 1603 R.
2118 1566 2162 1603 E·
2183 1565 2385 1607 cardina-

1399 1624 1448 1664 lis
1484 1623 1561 1662 Tit.
1590 1625 1628 1661 5.
1648 1622 1840 1670 Caect'liae,
1874 1624 2027 1673 Romae,
2067 1636 2108 1663 v.
2125 1624 2219 1663 Dec.
2237 1638 2388 1666 MDcx.

1402 1684 1576 1722 summus
1595 1678 1771 1735 Pontifex
1791 1689 1942 1720 creatus
1955 1709 1964 1719 .
1999 1675 2110 1724 Obiit
2125 1680 2185 1720 die
2201 1697 2280 1730 xv.
2300 1681 2384 1727 Οὲἵ.

1402 1754 1579 1789 mnxcr.
1596 1735 1965 1798 postquamstdfft
1980 1737 2130 1792 Mensc'ffs
2147 1754 2192 1788 X-
2213 1740 2287 1780 dies
2307 1753 2385 1782 xr.

1635 1856 1762 1906 Vivae
1795 1859 1920 1905 vocis
1950 1856 2112 1903 oraculo

1346 1990 1542 2041 Vicariis
1572 1983 1873 2044 Generalibus
1893 2020 1909 2041 ,
1948 1982 1994 2037 ὃς
2023 1983 2383 2033 Provincialibus

1379 2059 1586 2128 indulget
1605 2094 1619 2115 ,
1637 2072 1686 2106 ut
1705 2072 1973 2122 quocunqne
1989 2069 2197 2121 tempore
2216 2092 2232 2113 ,
2250 2055 2296 2106 ὃς
2316 2074 2386 2104 ex-

1376 2145 1446 2180 tra
1461 2130 1680 2196 Capitula
1695 2163 1711 2185 ,
1730 2127 1972 2176 Saeculares
1994 2125 2050 2173 ad
2070 2125 2301 2174 Ordinem
2321 2144 2388 2174 re-

1376 2204 1528 2269 cipere
1546 2198 1714 2268 poffint
1733 2233 1745 2250 φ

1420 2320 1535 2363 Ulius
1551 2318 1746 2362 Antonius
1767 2315 2279 2364 SanctoriusMiseratione
2310 2315 2388 2355 Di-

1346 2323 1406 2466 Ῑ
1438 2381 1524 2420 vina
1549 2406 1563 2427 ,
1610 2375 1739 2418 Tituli
1767 2376 1807 2414 S.
1836 2374 2116 2416 Bartholomaei
2146 2376 2183 2415 in
2210 2373 2340 2415 Insula
2368 2401 2382 2422 ,

1345 2446 1360 2467 ¹²
1437 2442 1477 2479 S.
1491 2439 1542 2477 R.
1560 2437 1607 2475 E.
1624 2433 1847 2485 Presbyter
1871 2432 2102 2473 Cardinalis
2125 2437 2164 2475 S.
2182 2431 2387 2474 Severinae

1342 2504 1590 2547 nuncupatus
1608 2520 1622 2540 ,
1651 2490 1992 2544 Congregationis
2009 2492 2195 2531 Fratrum
2212 2489 2386 2545 Capuci..

1341 2566 1486 2593 norum
1513 2549 1680 2592 Ordinis
1700 2549 1914 2589 ‚Minorum
1941 2550 2156 2590 Protector
2181 2576 2194 2598 ,
2226 2551 2384 2590 Corre-

1340 2615 1426 2652 c‘tor
1445 2640 1458 2661 ,
1474 2613 1511 2651 &
1527 2609 1788 2651 Gubernator
1800 2641 1813 2651 .
1845 2606 2048 2648 Univerfis
2062 2609 2100 2648 &
2112 2606 2270 2659 fingulis
2291 2621 2386 2662 prae.

1338 2671 1468 2712 sentes
1495 2669 1634 2711 literas
1662 2665 1921 2719 inspecturis,
1953 2675 2093 2707 notum
2113 2663 2278 2713 facimus
2297 2696 2311 2718 ‚
2343 2668 2384 2710 ὃς

1336 2729 1594 2776 attestamur,
1623 2723 1730 2780 quod
1746 2724 1941 2765 hodierna
1956 2721 2204 2777 infrascripta
2225 2723 2291 2764 die
2309 2754 2322 2775 ‚
2342 2725 2384 2765 in

1335 2788 1492 2832 Palatio
1505 2783 1742 2839 Apostolico
1757 2782 1908 2824 Montis
1930 2782 2152 2839 Quirinalis
2180 2782 2380 2824 Sanc‘tiffi-

1339 2861 1423 2889 mus
1457 2847 1494 2887 in
1528 2841 1689 2886 Christo
1734 2843 1858 2883 Pater
1890 2870 1904 2892 ,
1935 2843 1972 2882 &
2017 2842 2215 2883 Dominus
2248 2842 2382 2884 noster

1338 2910 1391 2949 D.
1407 2902 1630 2960 Gregorius
1657 2900 1804 2942 Divina
1826 2901 2091 2944 Providentia
2117 2903 2225 2955 Papa
2255 2903 2381 2950 X1V.

1339 2964 1388 3008 ad
1420 2964 1566 3006 nostras
1586 2974 1757 3016 preceS,
1785 2961 1824 3000 &
1844 2960 2070 3002 instantiam
2096 2985 2110 3007 ,
2145 2960 2240 3000 vivae
2263 2960 2377 3003 vocis

1337 3022 1516 3066 oraculo
1530 3020 1661 3063 Nobis
1679 3017 1783 3059 facto
1808 3018 2022 3070 conceffit,
2053 3020 2090 3059 &
2106 3017 2267 3059 indulsit
2283 3047 2296 3069 ,
2328 3029 2376 3059 ut:

1337 3081 1472 3125 dileffi
1493 3079 1607 3122 nobis
1624 3079 1663 3119 in
1679 3077 1843 3120 Christo
1868 3077 2109 3119 Reverendi
2135 3080 2275 3119 Patres
2292 3087 2376 3121 tam

1337 3140 1525 3184 vicarius
1550 3135 1762 3180 Generalis
1786 3165 1800 3188 ,
1829 3138 1869 3178 δι
1898 3137 2052 3180 Vicarii
2071 3135 2373 3185 provinciales,

1336 3199 1454 3255 quam
1493 3196 1581 3251 ipfis
1621 3194 1846 3239 absentibus
1880 3196 1948 3238 vel
1989 3195 2192 3249 impeditis
2232 3207 2378 3234 eorum

1336 3254 1601 3301 Commissarii
1620 3253 1849 3297 Generales
1866 3283 1881 3304 ,
1913 3257 1953 3295 δε
1969 3251 2243 3296 Provinciales
2256 3282 2271 3302 ,
2303 3266 2378 3308 pro

1334 3329 1519 3368 tempore
1547 3313 1762 3357 existentes
1782 3312 1893 3354 dietae
1906 3311 2247 3367 Congregationis
2263 3338 2276 3361 ,
2294 3325 2379 3352 om·

1334 3389 1402 3418 nes
1417 3377 1456 3416 δε
1470 3371 1726 3430 quoscunque
1744 3369 2040 3413 Christifideles
2056 3398 2070 3420 ,
2090 3369 2299 3424 cupientes
2317 3370 2379 3412 in,

1334 3434 1444 3488 gredi
1464 3432 1569 3475 suam
1588 3430 1846 3480 Religionem
1864 3458 1878 3480 ,
1909 3431 1947 3470 &
1967 3429 2343 3483 Congregationem
2362 3458 2377 3479 ,

1330 3495 1371 3534 δε
1407 3491 1566 3534 admitti
1595 3490 1635 3529 in
1669 3488 1892 3537 Novitios,
1922 3489 1961 3528 &
1992 3490 2162 3529 Fratres
2193 3486 2374 3542 ejusdem

1333 3548 1675 3606 congregationis
1691 3574 1704 3596 ,
1736 3546 1954 3588 &Ordinis
1974 3575 1988 3597 ‚
2020 3560 2262 3602 quocunque
2280 3547 2375 3588 anni

1331 3620 1517 3661 tempore
1537 3636 1550 3658 ,
1574 3615 1687 3648 extra
1703 3605 1895 3659 Capitula
1912 3605 2132 3647 Generalis
2148 3634 2162 3655 ,
2186 3605 2252 3648 vel
2271 3608 2377 3647 Pro-

1330 3665 1518 3710 vincialia
1534 3693 1547 3715 ,
1579 3665 1631 3706 de
1646 3663 1813 3705 confilio
1825 3674 1959 3707 tamen
1975 3663 2094 3706 trium
2113 3664 2178 3706 vel
2197 3675 2373 3720 quatuor

236 3714 307 3756 bus
324 3728 601 3782 abquprullnque
617 3722 712 3763 totis
727 3725 934 3767 tenoribus
965 3723 1147 3766 habenda
1163 3722 1208 3765 fit
1228 3724 1266 3772 in
1327 3729 1514 3768 Fratrum
1534 3722 1733 3764 seniorum
1749 3723 1849 3764 Loci
1869 3722 1934 3764 seu
1949 3722 2195 3765 'Conventus
2208 3724 2278 3772 ,in
2293 3738 2374 3778 quo

234 3773 374 3821 nostris
391 3773 688 3826 llterlsmentio
702 3782 912 3839 specialis,
943 3797 1027 3838 quae
1049 3781 1181 3834 omnia
1193 3796 1267 3824 vo·
1325 3784 1501 3845 praedieti
1528 3781 1755 3836 recipiendi
1783 3781 2109 3834 erunt,servat?‡
2135 3794 2270 3831 tamen
2287 3781 2374 3825 for-

1757 3842 1845 3890 Fa

2249 3855 2314 3890 ma
