2658 4244
944 182 1103 274 Sub
1161 182 1473 272 ‘Urbano
1541 179 1635 267 V
1624 178 1754 269 III.

300 312 448 356 ‘dicium
464 304 694 366 specialibus
723 301 927 350 favoribus
943 331 968 356 ‚-
983 304 1021 344 &
1040 302 1177 357 gratiis
1194 300 1329 355 prose-

299 372 368 428 qui
394 369 580 414 volentes
595 397 609 421 ‚
632 370 672 410 &
685 366 707 410 ἃ
723 363 921 422 quibusvis
945 361 1328 404 excommunicatio-

297 431 358 473 nis
375 457 390 480 ,
403 428 658 485 suspenfionis
672 427 740 478 a&
756 421 952 466 interdicti
969 449 984 471 ,
997 418 1164 485 aliisque
1181 417 1327 459 Eccle-

297 488 456 531 fiasticis
480 487 688 529 sententiis
703 513 717 536 ,
743 482 914 525 censuris
929 508 943 531 ³
965 480 1004 520 &
1018 490 1147 534 poenis
1165 475 1186 518 ἐι
1199 479 1297 532 Jure
1311 503 1326 526 ,

296 548 367 590 vel
382 547 434 588 ab
459 546 619 588 homine
632 573 647 594 ,
660 542 798 598 quavis
812 540 1014 582 occasione
1027 563 1041 586 ,
1058 536 1123 578 vel
1141 535 1254 578 causa
1270 535 1326 579 la-

298 606 351 648 tis
369 633 382 655 ,
411 605 435 646 fi
449 605 592 661 quibus
614 598 921 656 quomodolibet
934 594 1148 638 innodatus
1163 593 1293 635 existit
1310 622 1323 645 ,

297 664 350 706 ad
376 664 558 706 effeetum
582 658 832 716 praesentium
860 657 1056 698 duntaxat
1076 652 1327 709 consequen-

297 723 421 771 dum,
446 721 585 762 harum
608 716 708 759 serie
735 714 987 757 absolventes
1006 740 1020 762 ,
1045 713 1082 753 δέ
1098 711 1326 755 absolutum

295 779 384 822 fore
399 776 603 821 censentes
619 803 632 825 ‚
648 772 874 828 hujufinodi
889 770 1247 828 supplicationibus
1264 772 1327 811 in-.

294 836 434 879 clinati
460 864 475 886 ‚
514 837 736 876 Decretum
767 825 1038 887 praeinsertum
1069 829 1297 885 hujusmodi
1313 858 1327 881 ,

290 892 517 949 ‘Apostolica
533 892 798 941 auetoritate,
812 901 952 934 tenore
967 887 1216 943 praesentium
1231 902 1325 943 per-

289 952 419 1008 petuo
451 951 719 1007 approbamus
737 978 750 1001 ,
777 951 816 991 &
841 947 1150 998 confirmamus,
1179 948 1323 1002 illique

289 1009 535 1053 inviolabilis
553 1009 789 1064 Apostolicae
807 1005 1004 1051 firmitatis
1033 1006 1158 1048 robur
1185 1005 1325 1051 adiici-

288 1083 378 1111 mus
393 1097 406 1119 ,
421 1083 466 1111 ac
482 1081 620 1110 omnes
635 1096 649 1118 2
675 1070 715 1112 8(-
729 1065 900 1121 [iugulos
914 1095 928 1117 ,
952 1066 1153 1122 tamJuris
1168 1094 1182 1116 ,
1207 1064 1324 1120 quam

288 1125 382 1169 faeti
412 1125 591 1169 defectus
620 1155 634 1178 ‚
668 1126 692 1168 fi
724 1125 791 1181 qui
818 1124 987 1180 desuper
1014 1123 1323 1179 quomodolibet

289 1187 583 1228 intervenerint
599 1212 613 1236 ,
641 1183 900 1240 supplemusr,
929 1181 1135 1239 ipsumque
1161 1184 1322 1224 Decre-

290 1253 378 1286 tum
393 1273 407 1294 ,
433 1257 478 1286 ac
508 1243 641 1287 omnia
657 1272 670 1294 ‚
691 1244 728 1283 &
756 1240 904 1296 singula
924 1240 962 1282 in
989 1255 1039 1283 eo
1052 1251 1244 1282 contenta
1272 1241 1320 1282 ab

290 1303 476 1344 omnibus
490 1331 504 1354 ‚
536 1301 584 1344 ad
599 1315 698 1356 quos
715 1302 861 1355 speRat
874 1328 890 1351 ,
918 1300 1006 1345 &in
1021 1298 1203 1341 futurum
1222 1313 1322 1353 quo-

287 1360 516 1403 modolibet
533 1359 740 1414 spectabit,
755 1355 925 1400 firmiter
942 1385 955 1407 ³
973 1358 1012 1404 ὃς
1030 1355 1319 1403 inviolabiliter

285 1417 511 1460 observari:
536 1419 672 1470 sicque
695 1429 766 1470 per
789 1416 1045 1470 quoscunque
1064 1413 1228 1468 judices
1251 1428 1319 1453 or—

284 1475 460 1516 dinarios
476 1502 488 1524 ,
511 1476 551 1515 &
566 1473 776 1528 delegatos
790 1501 805 1523 ,
833 1472 953 1513 etiam
969 1472 1190 1514 Causarum
1206 1471 1320 1513 Pala-

282 1533 330 1575 tii
344 1531 560 1587 Apostolici
577 1531 798 1577 Auditor-es
813 1529 984 1584 judicari
1000 1531 1064 1579 ,ὃς
1077 1527 1234 1576 definiri
1249 1528 1320 1570 de-

283 1591 382 1633 bere
399 1590 594 1640 volumus,
610 1603 655 1630 ac
671 1588 892 1639 irritum‚&
907 1587 1066 1638 inane',si
1083 1586 1195 1629 secus
1207 1585 1324 1642 super

285 1649 366 1698 his,
382 1647 404 1691 ἃ
417 1661 617 1704 quoquam
631 1647 772 1702 quavis
793 1645 1032 1690 auctoritate
1048 1645 1242 1695 scienter,
1259 1646 1324 1686 vel

283 1707 518 1762 ignoranter
531 1705 751 1760 contigerit
774 1705 990 1747 attentari.
1018 1707 1112 1747 Non
1130 1703 1323 1745 obstanti÷

285 1767 359 1807 b'us
377 1763 744 1806 constitutionibus
761 1791 775 1814 ,
801 1761 1190 1804 &ordinationibus
1207 1763 1320 1815 Apo-

285 1823 463 1874 stolicis‚
491 1836 535 1864 ac
560 1821 763 1878 quibusvis
793 1819 1017 1876 privilegiis
1043 1844 1056 1864 2
1086 1820 1252 1876 gratiis,
1280 1822 1320 1869 ὃς

283 1881 458 1925 Indultis
490 1882 525 1922 in
553 1881 800 1923 contrarium
828 1878 1113 1933 praemissorum
1148 1891 1329 1933 quomo-·

283 1940 441 1982 dolibet
467 1937 652 1985 conceffis
681 1967 693 1990 ‚
724 1935 969 1983 confirmatis
986 1965 1000 1986 ‚
1024 1938 1064 1986 ὃς
1094 1937 1290 1981 innovatis
1310 1966 1323 1987 ,

283 1996 513 2053 caeterisque
530 1997 741 2039 contrariis
762 1994 1067 2051 quibuscunque
1086 2023 1097 2034 .
1114 1996 1115 1999 ’
1133 1996 1317 2037 Datunu.

281 2059 423 2099 Romae
441 2055 548 2111 apud
571 2058 758 2100 SanCtum
777 2057 943 2096 Petrum
963 2052 1032 2096 sub
1061 2052 1224 2095 Annulo
1258 2053 1322 2094 Pi-

281 2114 444 2158 scatoris
469 2114 536 2156 die
550 2129 706 2157 xxvtrr-
726 2112 822 2157 Maii
852 2126 900 2153 M·
917 2126 989 2154 nc.
1007 2127 1124 2157 xxv.
1153 2109 1320 2158 Pontifi-

283 2184 396 2219 catus
418 2172 552 2218 Nostri
570 2176 687 2216 Anno
703 2168 889 2215 Secundo
901 2198 914 2219 ε

286 2278 289 2282 ’
340 2290 586 2346 Autograph.
604 2292 645 2332 in
661 2290 781 2333 Arch.
802 2291 942 2331 Secret·
957 2293 1071 2329 Brev.
1090 2287 1219 2344 Aposh
1239 2292 1315 2338 Rea

391 2349 492 2404 gest.
512 2347 776 2403 mensts‘Jnnii
793 2349 900 2388 Anni
930 2347 1034 2400 1635
1050 2343 1130 2402 fol.
1152 2349 1194 2388 18
1202 2359 1240 2395 5.
1269 2348 1314 2389 de

395 2420 470 2461 quo
495 2407 691 2462 exemplar
715 2410 758 2449 in
783 2404 1001 2466 Aah-gen.
1020 2406 1113 2448 Ord.
1138 2409 1241 2448 Tom.
1270 2410 1312 2449 Si.

395 2477 501 2506 num.
519 2479 569 2509 11-

2261 224 2354 291 73

1389 302 1448 351 A’
1487 299 1651 348 Sanffito
1677 304 1896 348 Romanae
1914 331 1930 356 ,
1967 299 2016 352 ὃ(
2039 302 2326 358 Universalis
2347 311 2422 356 In·‘

1422 366 1672 436 quifitionis
1692 367 1932 418 Tribunali
1963 373 2048 420 ΡΡ.
2068 374 2287 424 Minil'tris
2307 380 2420 429 Pro·

1422 439 1691 488 vincialibus
1712 440 2056 490 Provinciarum
2080 446 2421 497 Ultramotana·

1423 526 1525 558 rum
1555 507 1746 558 facultas
1777 511 2042 559 conceditur
2066 548 2082 570 ,
2112 516 2158 561 in
2192 515 2332 566 causis
2359 517 2421 567 ad

1420 584 1469 630 S.
1501 577 1731 628 Officium
1759 577 2087 645 spestantibus,
2116 598 2272 635 contra
2316 586 2419 638 suos

1420 648 1637 701 Subditos
1664 648 1965 717 procedendi.

1475 790 1601 834 Fer-id
1610 790 1758 844 quintd
1778 791 1856 832 Dic
1876 792 1999 832 tertia
2011 792 2121 845 ‘Julii
2137 807 2329 837 Mncxxv.

1455 892 1495 931 N
1510 887 1694 944 generali
1707 885 2034 941 Congregatione
2050 890 2176 931 Sacrae
2193 892 2416 939 Romanae-5

1470 949 1510 988 δε
1527 944 1775 989 Universalis
1793 945 2058 1004 Inquilitionis
2072 975 2084 996 ,
2100 947 2282 989 habitain
2303 948 2421 988 Pala-

1381 1007 1441 1047 tio
1470 1004 1701 1061 Apostolico
1730 1003 1877 1046 Montis
1903 1004 2123 1064 Qirinalis
2158 1019 2294 1048 coram
2321 1010 2421 1048 San-

1381 1063 1544 1108 Ctiffimo
1572 1062 1750 1109 Domino
1778 1062 1925 1105 Nostro
1950 1066 2001 1104 D.
2022 1064 2185 1106 Urbano
2201 1092 2214 1113 ‚
2237 1063 2418 1106 Divina„

1382 1122 1640 1164 Providentia
1660 1123 1764 1175 Papa
1780 1123 1932 1163 octavo
1945 1151 1960 1171 ,
1989 1135 2034 1162 ac
2056 1121 2322 1163 Illustriffimis
2337 1151 2351 1171 ,
2377 1123 2420 1168 &-

1381 1179 1737 1224 Reverendiffimis
1769 1179 1950 1220 Dominis
1984 1182 2159 1222 s.R.E.
2187 1179 2420 1223 Cardinali-

1384 1242 1452 1282 bus
1469 1241 1509 1280 in
1524 1249 1608 1280 tota
1630 1237 1856 1293 Republica
1872 1238 2095 1280 Christiana
2119 1249 2257 1280 contra
2272 1242 2418 1281 Haere-

1381 1299 1502 1343 ticam
1528 1297 1769 1350 pravitatem
1791 1295 2091 1350 inquisitoribus
2113 1297 2383 1340 Generalibus
2395 1312 2419 1346 ,’

1378 1356 1400 1397 ὲ
1414 1358 1555 1401 δαηέὶει
1574 1354 1679 1398 Sede
1696 1352 1923 1407 Apostolica
1940 1354 2168 1406 specialiter
2182 1355 2385 1409 deputatis
2397 1383 2412 1395 .

1437 1411 1706 1454 sanfflffimus
1732 1411 1928 1452 Dominus
1952 1412 2096 1454 Noster
2129 1414 2235 1465 Papa
2270 1411 2419 1466 praedi-

1381 1474 1466 1513 &us
1487 1468 1720 1512 inhaerendo
1737 1468 1906 1510 decreto
1920 1466 1987 1510 fel.
2005 1483 2087 1512 rec.
2104 1470 2217 1511 Pauli
2235 1471 2348 1526 Papae
2363 1471 2417 1510 V.

1384 1529 1454 1577 sub
1482 1527 1549 1574 die
1570 1542 1630 1578 tr.
1646 1527 1820 1575 Ianuarii
1841 1527 1934 1568 anni
1950 1542 1998 1573 M..
2016 1543 2089 1570 oc.
2107 1541 2152 1569 v1
2169 1541 2203 1569 1⁶
2230 1527 2419 1570 concessit

1385 1587 1622 1631 facultatem
1636 1587 1731 1627 RR.
1748 1586 1826 1625 ΡΡ.
1840 1585 2156 1629 Provincialibus
2171 1586 2272 1628 ultra
2294 1590 2417 1628 Mon·-

1385 1658 1446 1688 tes
1458 1675 1470 1696 ‚
1486 1644 1651 1691 Ordinis
1667 1643 1970 1698 Capucinorum
1984 1671 1997 1694 ,
2014 1644 2264 1699 procedendi
2279 1655 2419 1686 contra

1385 1704 1471 1746 suos
1497 1701 1670 1744 subditos
1697 1701 1735 1743 in
1761 1702 1880 1742 caufis
1905 1703 1955 1747 ad
1982 1706 2171 1744 Sanctum
2198 1701 2416 1746 Officium,

1382 1762 1650 1819 spec‘tantibus
1666 1760 1705 1801 in
1721 1759 1818 1800 locis
1834 1790 1848 1810 ,
1878 1760 1941 1801 ubi
1955 1760 2118 1802 haereses
2137 1760 2295 1815 impune
2309 1759 2417 1816 grasl-

1382 1824 1514 1864 santur
1529 1849 1544 1870 ‚
1563 1821 1600 1860 &
1617 1820 1805 1861 Sannum
1818 1817 2004 1859 Officium
2021 1818 2287 1874 Inquifitionis
2302 1849 2318 1873 ,
2341 1832 2417 1860 nec

1382 1896 1456 1937 per
1473 1876 1732 1931 Inquifitores
1746 1904 1760 1933 2
1785 1891 1861 1923 nec
1882 1890 1955 1933 per
1973 1879 2159 1925 locorum
2173 1877 2414 1921 Ordinatios

1381 1945 1627 1985 exercetur,
2377 1947 2380 1950 “
2406 1946 2410 1949 ’

1498 2054 1618 2110 Τίοαη.
1638 2054 1832 2095 Antonius
1851 2051 2067 2107 Thomafius
2081 2055 2235 2095 s.Rom.
2255 2052 2303 2104 ξς·
2319 2050 2413 2106 Um}

1612 2111 1771 2168 versalis
1787 2110 2050 2168 Inqursttionrs
2063 2115 2253 2156 Notarius
2267 2139 2280 2153 .
2340 2153 2343 2156 ,

1493 2231 1606 2272 Loco
1622 2227 1678 2287 »ἦ
1694 2227 1828 2285 Sigilli
1842 2258 1856 2276 ,

1404 2346 1581 2399 Exempl-
1598 2345 1788 2447 guthem.
1801 2348 1844 2393 in
1859 2344 1979 2390 Arch.
1988 2357 2123 2402 gener.
2141 2344 2235 2389 0νᾶ.
2258 2346 2415 2402 Tom.A.†

1491 2417 1593 2448 num.
1633 2433 1646 2447 .

987 2521 1689 2589 ΝΟΤΑ-

279 2643 352 2732 I)
368 2644 497 2681 Onitur
508 2644 572 2681 hoc
589 2646 797 2689 Decretum,
821 2645 1044 2692 quantumvis
1070 2644 1159 2680 illud
1170 2644 1212 2679 ad
1229 2643 1428 2680 Provincias
1448 2642 1725 2685 Ultramontanas
1746 2640 1920 2689 privative
1931 2641 2119 2689 pertineat,
2134 2640 2170 2677 in
2184 2640 2266 2678 serie
2280 2643 2411 2687 rerum}

377 2694 413 2730 S.
437 2693 604 2730 Ordinem
630 2695 833 2738 generaliter
857 2693 1135 2729 concernentium
1148 2718 1160 2738 ,
1183 2693 1233 2728 obv
1253 2693 1370 2728 varios
1390 2692 1474 2728 fines
1487 2716 1509 2737 „
1526 2696 1559 2728 Sc
1571 2726 1577 2730 ,
1587 2690 1776 2738 specialiter
1787 2691 1834 2725 ob
1859 2690 1965 2737 ipsam
1987 2690 2036 2726 sui
2060 2690 2284 2730 relevantiam
2310 2717 2320 2727 .
2354 2691 2413 2727 Est

277 2740 364 2777 illud
375 2741 662 2777 confirmatorium
679 2742 811 2777 Decreti
823 2765 835 2784 ‚
851 2743 870 2779 ai
878 2742 969 2785 glor.
985 2754 1082 2777 mem.
1095 2741 1253 2777 PauloV.
1265 2740 1404 2777 emanati
1419 2740 1490 2786 post
1504 2740 1711 2788 publicatam
1724 2737 1815 2774 suam
1828 2737 2119 2789 Constitutionem
2132 2736 2308 2774 Romanus
2321 2738 2411 2775 Pon-

278 2790 366 2838 tifex
378 2813 390 2831 ‚
418 2790 485 2836 qua
509 2789 685 2827 indefinite
702 2789 944 2837 Superioribus
961 2790 1185 2833 Regularium
1200 2813 1212 2833 ‚
1240 2790 1350 2825 omnis
1362 2788 1505 2826 facultas
1518 2813 1534 2832 ,
1557 2788 1669 2829 causas
1680 2788 1815 2830 suorum
1825 2786 2036 2835 subditorum
2062 2787 2102 2823 ad
2117 2787 2153 2824 S.
2171 2786 2409 2833 inquisitionis

277 2838 442 2873 Officium
463 2837 650 2885 spefikantes
663 2862 675 2881 ‚
699 2837 927 2882 cognoscendi
940 2837 1003 2874 fuit
1015 2839 1129 2874 ablata
1143 2863 1152 2874 .
1183 2837 1514 2876 informatusautem
1527 2837 1644 2884 postea
1666 2835 1933 2882 Sapientiffimus
1946 2835 2105 2875 Pontifex
2117 2859 2132 2879 ,
2158 2835 2252 2882 qnod
2267 2835 2335 2871 haec
2352 2835 2412 2871 sua

277 2885 491 2922 Constitutio
503 2898 572 2922 non
589 2885 693 2932 posset
709 2886 826 2921 sortiri
837 2884 993 2921 είῐεέὶυτη
1005 2910 1020 2930 ,
1030 2886 1161 2933 abipso
1175 2886 1368 2930 intentum,
1386 2897 1453 2922 tarn
1465 2909 1477 2928 ‚
1494 2885 1592 2931 quod
1606 2887 1639 2920 in
1653 2885 1806 2931 pluribus
1819 2883 2002 2931 Christiani
2017 2883 2126 2920 Orbis
2138 2883 2294 2931 partibus
2308 2885 2410 2922 hacre-

275 2933 331 2971 ses
340 2932 559 2978 grassarentur
573 2933 708 2981 impune
720 2959 732 2978 ,
748 2935 816 2970 tam
829 2958 842 2977 ,
857 2935 954 2981 quod
966 2934 1000 2969 in
1019 2934 1187 2982 aliquibus
1197 2947 1318 2972 ‚earum
1329 2958 1342 2978 ‚
1359 2935 1395 2971 S.
1411 2933 1642 2981 inquisitionis
1654 2932 1817 2969 Officium
1830 2943 1898 2968 non
1911 2942 2126 2970 exerceretur
2138 2957 2151 2976 ,
2165 2931 2311 2979 speciale
2325 2944 2406 2970 con-

276 2983 363 3018 didit
376 2985 558 3019 Decretum
573 2981 631 3018 sub
648 2983 701 3018 dIe
721 2982 932 3030 11.Januarii
954 2982 1031 3018 anni
1047 2984 1144 3028 1607.
1163 3007 1176 3026 ‚
1200 2995 1270 3031 quo
1285 2982 1532 3030 Superioribus
1549 2976 1661 3023 ,nostri
1675 2981 1818 3022 Ordinis
1837 2979 1872 3017 in
1887 2981 2079 3033 Jrovinciis
2096 2981 2403 3022 Ultramontanis,

273 3030 334 3066 ubi
358 3040 576 3066 memoratum
600 3031 637 3067 S.
651 3030 814 3067 Officium
834 3042 902 3066 non
926 3031 1061 3075 vigeret
1074 3056 1088 3075 ,
1114 3032 1227 3068 causas
1243 3033 1379 3067 suorum
1393 3030 1604 3067 subditorum
1619 3030 1685 3066 Sec.
1709 3029 1934 3074 cognoscendi
1949 3054 1961 3073 ,
1987 3029 2183 3066 facultatem
2202 3029 2398 3070 tribuebat,

271 3089 379 3127 prout
391 3079 500 3114 noster
519 3079 557 3114 P.
573 3078 804 3126 Hieronymus
825 3081 849 3116 a.
871 3079 997 3118 Castro.
1013 3081 1227 3119 Ferettorum
1242 3104 1256 3124 ,
1280 3091 1360 3118 tunc
1375 3079 1521 3117 Ordinis
1538 3079 1743 3120 Procurator
1754 3078 1945 3123 Generalis
1962 3090 2021 3126 per
2038 3077 2165 3119 Literas
2188 3078 2371 3114 circulares
2385 3100 2402 3119 ‚

271 3138 411 3175 quarum
438 3127 634 3172 Originalia
646 3127 760 3175 paflim
771 3126 807 3163 in
826 3127 1081 3164 Provinciarum
1094 3129 1305 3165 Ultramont.
1321 3126 1483 3164 ArchivIS
1496 3126 1603 3163 adhuc
1616 3126 1873 3183 inveniuntur}
1888 3127 1979 3173 hisce.
2001 3126 2171 3166 intimavit
2184 3126 2245 3163 sub
2260 3125 2404 3172 sequeu-

273 3183 308 3212 te
322 3186 437 3213 tenore
449 3201 460 3212 .
1265 3180 1267 3182 '

342 3253 347 3257 .
365 3224 550 3261 Sciendum
570 3225 706 3274 insuper
731 3223 779 3275 est
802 3224 852 3262 R.
862 3226 907 3264 P.
921 3223 967 3263 V.
979 3251 992 3270 ,
1013 3224 1102 3275 qued
1127 3226 1171 3263 ab
1193 3224 1265 3273 ipsa
1282 3226 1394 3264 Sacra
1409 3225 1680 3272 Congregatt'one
1694 3225 1737 3266 SQ
1748 3184 1863 3274 Officii
1879 3223 2108 3272 lnqut‘fitionis
2130 3219 2296 3271 expreffus
2319 3220 2405 3256 mihi

268 3270 371 3310 'datur
378 3272 423 3321 stt
437 3273 514 3308 ordo
527 3274 730 3321 notificandi
743 3272 885 3311 R.P.V.
895 3283 1001 3322 prout
1015 3286 1091 3311 cum
1099 3273 1319 3322 praesentibus
1333 3273 1439 3309 eidem
1452 3272 1597 3320 nott‘fico,
1613 3272 1765 3310 Mentem
1780 3254 1985 3315 Saniiitatis
1998 3273 2078 3309 Suae
2091 3266 2150 3319 effe
2165 3293 2176 3312 ‚
2188 3279 2228 3305 ut
2240 3267 2402 3316 praediea

261 3320 329 3368 sua
343 3320 543 3371 Constitutio
555 3322 663 3358 locum
676 3322 848 3359 duntaxat
859 3323 982 3359 habeat
993 3325 1031 3358 in
1041 3323 1202 3370 partibus
1216 3346 1230 3366 ‚
1243 3323 1282 3356 in
1295 3322 1418 3369 quibus
1432 3320 1566 3369 haereses
1583 3322 1626 3357 ab
1639 3318 1896 3372 Inquisitoribns
1908 3320 2107 3368 puniuntur
2128 3341 2138 3359 ,
2153 3318 2195 3358 (ἶς’
2210 3329 2277 3352 non
2290 3318 2328 3352 in
2342 3317 2403 3361 iis,

271 3370 310 3403 in
322 3370 443 3415 quibus
458 3381 498 3407 ex
511 3376 546 3407 eo
556 3396 569 3416 ‚
581 3372 673 3418 quod*
684 3371 896 3420 Inquisitores
911 3371 961 3406 ibi
975 3382 1043 3407 non
1054 3370 1117 3419 (int
1130 3394 1142 3413 ‚
1157 3379 1295 3410 manent
1300 3370 1371 3419 sine
1378 3370 1559 3418 punitione
1572 3395 1586 3411 .,
1599 3369 1811 3411 Inculcatum
1821 3368 1905 3405 mihi
1919 3367 2056 3418 insuper:
2070 3364 2113 3415 est
2129 3364 2246 3402 Eidem
2260 3366 2403 3406 intima-

270 3428 309 3451 re
323 3439 336 3459 ,
349 3417 436 3464 ficut
446 3419 564 3455 intimo
574 3443 590 3465 ,
614 3430 655 3456 ut
666 3419 743 3468 casu
755 3445 769 3463 ,
791 3432 856 3467 quo
869 3418 968 3467 causa
982 3417 1061 3455 talis
1074 3419 1116 3454 ab
1130 3418 1180 3453 Ea
1192 3414 1311 3466 futffit
1322 3418 1457 3465 cognita
1471 3441 1486 3462 ,
1506 3429 1556 3454 me
1567 3417 1704 3466 desuper
1719 3443 1731 3462 ‚
1745 3414 2082 3466 quamprImnmfieri
2098 3415 2228 3460 poterit
2239 3438 2253 3458 ,
2275 3415 2402 3450 certio-⁴

270 3476 341 3501 rem
354 3465 486 3510 reddat,
498 3467 682 3516 &pariter
696 3468 839 3516 ejusdem
850 3470 878 3505 S
880 3465 1057 3517 ucceffores
1069 3490 1081 3508 ‚
1096 3467 1256 3501 certiores
1270 3466 1416 3502 reddant
1425 3465 1673 3503 Procuratores
1681 3475 1743 3514 pro
1756 3473 1900 3513 tempore
1912 3462 2084 3513 existentes
2099 3487 2109 3497 .

373 3512 467 3549 Sicut
479 3525 595 3552 autem
608 3518 691 3555 talis
704 3517 843 3554 facultas
853 3515 945 3563 aeque
959 3514 1138 3560 necessaria
1150 3539 1161 3554 ‚
1187 3527 1225 3549 ac
1239 3514 1334 3549 utilis
1348 3513 1477 3561 semper
1491 3515 1597 3559 magis
1609 3514 1674 3550 fuit
1684 3515 1836 3562 judicata
1848 3538 1859 3556 ,
1881 3524 1950 3547 non
1966 3521 2032 3550 tam
2050 3535 2063 3554 ,
2085 3519 2121 3560 ut
2141 3511 2274 3547 Fratres
2300 3520 2400 3550 non-³

270 3561 580 3598 contaminarentur
590 3588 603 3608 ‚
629 3566 730 3611 quiam
741 3589 753 3608 ,
780 3575 817 3600 ut
829 3564 1045 3601 contaminati
1057 3588 1070 3607 ‚
1085 3564 1252 3598 ab'errore
1270 3562 1370 3598 cirins
1384 3573 1606 3609 purgarentur
1617 3574 1638 3606 ,·
1655 3562 1703 3598 ira
1715 3565 1902 3599 Decretum
1921 3559 2017 3597 Pauli
2032 3560 2080 3594 V.
2095 3558 2138 3595 ad
2148 3558 2320 3595 instantias
2342 3559 2403 3594 Pa-

269 3609 331 3645 tris
343 3609 509 3646 francisci
516 3611 697 3658 Januenlis‚
708 3613 827 3657 pariter
845 3612 1078 3648 ProcuratoriS
1092 3610 1276 3647 Generalis
1287 3609 1351 3646 fuit
1365 3612 1561 3647 roboratum
1575 3613 1723 3648 Decreto
1734 3635 1748 3656 ‚
1763 3621 1839 3646 ante
1850 3610 1987 3644 Notarn
1998 3607 2134 3656 postte,
2160 3608 2196 3644 8(-
2210 3606 2402 3644 Provinciis

270 3658 519 3695 communicato
535 3684 548 3703 ‚
572 3673 649 3697 eum
662 3661 766 3698 literis
781 3662 899 3699 sensus
909 3660 1103 3706 sequentis:

372 3705 579 3755 Transmitto
592 3707 638 3744 R.
651 3707 704 3744 ‘P-
720 3706 762 3745 V.
778 3710 1026 3757 transumptum
1041 3707 1277 3745 authenticum
1288 3705 1438 3744 alterius*
1447 3702 1593 3745 Decreti·
1604 3707 1632 3744 S
1634 3731 1642 3741 .
1654 3707 1767 3756 Officii
1781 3706 2010 3755 Inquisitiom‘s
2023 3729 2036 3749 ‚
2067 3703 2087 3740 ἂ
2101 3716 2151 3742 me
2164 3729 2177 3749 ‚
2206 3704 2252 3742 ad
2274 3702 2402 3752 instans

268 3756 338 3805 tias
352 3757 530 3794 variorum
544 3757 691 3808 Parrum
704 3756 989 3796 Provincialium
1001 3755 1340 3807 vltramontanorum
1346 3758 1526 3806 procurati
1538 3780 1552 3802 ‚
1577 3756 1696 3843 φίἰεςονε
1711 3755 1812 3806 cujus.
1822 3755 1949 3804 Patres
1961 3753 2212 3804 ‘Provinciales
2223 3751 2394 3800 cognosce-

2312 3811 2350 3837 re
