2704 4296
344 264 606 352 xxviii.
963 257 1832 349 ISAGOGE.

755 480 810 569 S
909 480 985 571 E
1083 480 1164 569 C
1267 483 1346 574 T
1444 482 1494 571 I
1593 484 1684 573 O
1880 480 1963 569 Ι*

290 671 420 758 De
457 669 822 756 Brevium
860 670 1314 787 etymologia
1337 739 1358 769 ‚
1407 667 1548 786 usu
1579 739 1601 769 ‚
1665 672 1755 760 δέ
1813 669 2157 758 materiis
2193 736 2215 766 ,
2276 694 2436 784 quae

450 807 598 906 per
664 816 759 875 ea
822 789 1383 904 expediuntur:
1445 818 1582 874 nec
1644 819 1791 874 non
1852 790 1945 876 de
2005 816 2260 897 eorum

663 913 995 994 materia
1032 930 1356 993 externa
1383 973 1406 1004 ‚
1451 908 1540 995 δέ
1582 906 2061 994 charablere.
2180 1017 2183 1020 Α

440 1083 636 1147 Reve
681 1103 862 1165 penes
916 1085 1230 1166 Optatum
1271 1080 1533 1145 Milevit
1564 1131 1579 1147 .
1643 1083 1788 1150 Lib.
1827 1084 1871 1146 1.
1923 1081 2242 1146 denotavit
2288 1078 2439 1140 olim

298 1200 300 1204 v
463 1167 833 1233 mobilium,
881 1173 944 1229 δι
979 1168 1283 1230 stabilium
1329 1169 1745 1231 Inventarium
1777 1197 1790 1232 :
1837 1174 2040 1227 Brevis
2076 1174 2199 1226 auri
2237 1178 2304 1237 (ς’
2339 1187 2433 1222 ar..

263 1259 414 1333 genti
435 1257 644 1332 fidenti
681 1257 878 1313 Cacilio
906 1294 922 1318 ‚
951 1257 1089 1330 sicut
1136 1258 1424 1333 delegatum
1451 1258 1641 1333 fuerat
1677 1262 1695 1325 ‚'
1746 1255 1781 1311 ἃ
1823 1260 2111 1334 Manfierio
2157 1258 2390 1312 traditur
2425 1297 2442 1322 ,

273 1339 447 1423 quod
487 1346 552 1405 &
601 1343 682 1405 D.
703 1339 1022 1404 Benedicti
1066 1342 1307 1426 Regula
1354 1342 1558 1402 firmat
1593 1384 1608 1409 ,
1651 1342 1806 1405 dum
1847 1359 2100 1404 monet:
2146 1363 2213 1396 ex
2248 1338 2437 1419 quibus

273 1426 455 1485 Abbas
503 1430 739 1487 Brevem
768 1443 942 1486 teneat
979 1475 992 1487 .
1038 1431 1174 1497 Jam
1221 1431 1374 1490 verb
1418 1431 1482 1490 in
1523 1431 1692 1493 sensu
1735 1433 1941 1493 Curiae
1979 1429 2317 1495 Romame,
2355 1426 2439 1489 est

270 1518 517 1578 Summi
560 1514 875 1581 Pontificis
910 1516 1223 1600 Epistola,
1247 1517 1444 1578 Breve
1477 1533 1828 1602 nuncupata
1857 1562 1871 1585 ‚
1916 1516 2053 1582 vel,
2087 1518 2256 1599 juxta
2297 1517 2439 1576 Ma-

253 1621 448 1664 ,crum
468 1644 486 1672 ‚
517 1625 589 1666 ex
620 1606 964 1687 germanico
995 1603 1316 1666 vocabulo
1357 1606 1550 1684 Brief,
1587 1604 1762 1689 quod
1796 1601 2111 1688 epistolam
2141 1598 2442 1683 significat·

269 1688 411 1754 vel,
435 1692 612 1771 juxta
648 1690 834 1758 alios,
871 1710 948 1750 ex
983 1688 1282 1755 brevitate
1323 1691 1688 1763 verborum,
1732 1711 1856 1776 qua
1887 1693 1949 1750 in
1984 1692 2056 1750 iis
2090 1685 2444 1756 rescribitur,

270 1778 336 1835 &
375 1775 519 1836 ideo
535 1774 994 1840 Brevia‚etiam
1021 1779 1240 1840 Literae
1270 1780 1335 1837 in
1377 1773 1574 1836 forma
1590 1776 1803 1841 Brevis
1822 1790 2156 1837 vocantur.
2187 1775 2278 1834 Ex
2314 1791 2442 1856 qua

271 1858 511 1944 duplici
538 1865 833 1945 opinione
867 1861 1007 1926 fluit
1031 1864 1325 1927 Brevium
1356 1882 1582 1948 genus,
1615 1863 1786 1947 quod
1821 1860 1931 1922 sint
1958 1861 2169 1923 breves
2202 1862 2442 1924 Summi

275 1945 587 2010 Pontificis
625 1950 887 2017 Literae‚
933 1954 1038 2014 cui
1078 1951 1161 2012 ad
1208 1952 1537 2034 pleniorem
1600 1948 2021 2012 definitionem
2097 1967 2214 2031 pro
2273 1943 2441 2006 diffe-

274 2037 469 2098 rentia
504 2035 698 2120 potest
729 2036 1012 2121 adjungi,
1047 2037 1222 2124 quod
1253 2038 1359 2100 fint
1394 2041 1601 2095 Breves
1649 2041 1849 2096 Summi
1892 2035 2164 2112 Pontificis
2213 2034 2437 2112 Epistola

279 2127 482 2179 munita
526 2126 584 2179 in
628 2145 744 2181 cera
789 2125 952 2184 rubra
989 2127 1151 2205 stgiffo
1181 2167 1197 2193 ‚
1244 2129 1383 2206 quod
1439 2126 1667 2197 annulus
1726 2125 2014 2203 Piscatoris
2057 2124 2253 2181 dicitur
2292 2162 2308 2186 ,
2370 2130 2438 2189 (ς’

270 2208 543 2291 fi⁴bftriptae
584 2207 619 2267 ai
664 2216 700 2268 S
705 2216 947 2272 ecretario
993 2217 1285 2278 Brevium.

456 2298 724 2363 Excludi
749 2305 930 2384 proin
963 2301 1184 2363 debent
1212 2301 1249 2363 ἃ
1282 2301 1520 2362 ratione
1550 2300 1767 2364 taiium
1806 2295 2092 2362 Brevium
2128 2295 2257 2358 aliae
2297 2295 2442 2358 Ro-

267 2400 470 2448 'manae
503 2386 706 2450 Curiae
734 2386 952 2452 Literae
983 2433 999 2459 ‚
1043 2391 1452 2470 quantumvis
1488 2385 1549 2448 in
1585 2384 1946 2450 membranis
1973 2400 2230 2448 exaratae
2250 2424 2265 2448 2
2295 2401 2440 2465 qua-

278 2467 363 2532 les
410 2475 594 2538 sunt,
640 2475 977 2551 Monitoria
1028 2475 1358 2539 Auditoris
1407 2475 1681 2539 Camerae
1715 2517 1731 2541 ‚
1778 2474 1994 2536 Brevia
2039 2476 2097 2539 S.
2142 2469 2440 2532 Poeniten-

279 2561 463 2620 tiariae
488 2599 504 2624 ,
557 2558 777 2625 Brevia
813 2602 830 2628 ‚
887 2562 1296 2644 delegationes
1343 2562 1661 2622 causarum
1699 2579 1864 2623 extra
1893 2560 2149 2623 Curiam
2197 2573 2442 2620 concer-

282 2647 488 2704 nentia
517 2649 632 2705 &c.
651 2683 667 2708 ‚
693 2666 834 2708 cum
863 2644 1165 2708 diversam
1198 2649 1456 2707 formam
1479 2687 1494 2711 ‚
1541 2647 1854 2714 diversum
1886 2647 2164 2730 Sigillum
2183 2688 2198 2713 ,
2234 2641 2439 2707 diver-

282 2728 490 2815 1osque
536 2729 801 2793 habeant
848 2728 1211 2794 Ministros.

462 2816 653 2879 Vsum
703 2819 1001 2883 Brevium
1035 2817 1534 2903 Apostolicorum
1568 2819 1690 2904 jam
1726 2818 1835 2880 sub
1872 2815 2211 2880 Coelestino
2238 2812 2341 2875 111.
2378 2814 2440 2877 81

80 2907 269 2995 <gfff-¹331
286 2903 485 2966 Paulo
523 2904 596 2967 11.
633 2906 1146 2970 Eminentiffimus
1181 2905 1526 2971 Cardinalis
1564 2913 1730 2991 Retra
1771 2904 1859 2988 [h]
1897 2903 2151 2967 deducit
2183 2923 2258 2965 ex
2293 2922 2436 2983 qua-

73 2966 430 3091 }‚ggf-sohdarn
484 2990 756 3076 Epistola
801 2995 1148 3060 Clementis
1199 2993 1317 3060 IV.
1362 2999 1580 3079 (cripta
1620 2992 1701 3056 ad
1744 2992 2071 3074 AEgidium
2116 2985 2445 3053 Groffum‚

150 3067 209 3103 '³'
287 3076 464 3142 suum
497 3082 1038 3163 consanguineum,
1067 3080 1179 3144 sub
1211 3079 1371 3145 hisce
1387 3082 1644 3146 Verbis:
1685 3083 1815 3140 Non
1836 3076 2111 3156 scribimus
2143 3075 2270 3133 ‘Tibi
2295 3116 2312 3142 ,
2355 3096 2443 3132 nec

291 3169 694 3248 consanguineis
729 3173 910 3246 nostris
929 3171 1033 3255 sub
1072 3171 1234 3230 Busta
1256 3215 1270 3240 ‚
1293 3173 1391 3250 se'd
1410 3170 1515 3247 sub
1550 3170 1827 3248 Piscatoris
1856 3168 2035 3244 Sigillo
2055 3214 2066 3236 ,
2098 3187 2198 3245 quo
2226 3165 2443 3221 Romani

291 3259 570 3333 Pontifices
603 3261 659 3315 in
688 3259 808 3336 suis
838 3261 1043 3336 secretis
1087 3276 1310 3317 utuntur
1340 3304 1354 3319 .
1399 3256 1705 3322 Limitant
1741 3275 1813 3318 ex
1859 3251 1978 3315 hoc
2019 3255 2208 3337 aliqui
2255 3249 2440 3335 hujus

294 3343 432 3406 uitis
479 3340 765 3415 initium,
811 3347 874 3410 ὃ(
923 3367 1049 3409 non
1099 3345 1202 3411 nisi
1241 3344 1475 3410 Literas
1502 3343 1825 3417 familiares
1871 3345 1934 3403 in
1994 3341 2186 3403 forma
2234 3339 2443 3402 Brevis

298 3429 493 3510 prime>
539 3432 857 3519 expeditas
908 3430 1081 3498 fuiffe
1137 3431 1444 3497 inferunt:
1511 3449 1574 3497 at
1615 3436 1797 3496 etiarn
1855 3431 2094 3513 negotia
2144 3426 2397 3510 publica
2427 3471 2442 3493 ‚

301 3511 382 3572 ad
409 3514 702 3583 Juflitiarn
736 3522 1064 3604 spestantia
1090 3569 1104 3594 ,
1160 3526 1223 3583 &
1252 3519 1492 3606 prolixa
1529 3517 1884 3583 discuffione
1916 3536 2041 3577 non
2077 3513 2438 3596 indigentia,

301 3618 403 3685 pet
450 3600 666 3666 Brevia
711 3609 998 3690 expedita
1044 3607 1212 3671 fuiffe
1243 3654 1258 3679 ,
1302 3627 1440 3668 cum
1490 3608 1621 3670 aliis
1667 3604 1886 3667 certius
1932 3619 2171 3664 tene0.-
2210 3623 2212 3625 ’

519 3689 831 3757 Moderno
861 3698 979 3780 jam
1013 3712 1291 3781 tempore
1325 3712 1540 3779 praeter
1584 3694 1818 3777 justitiae
1861 3692 2137 3751 materias
2165 3732 2181 3756 ,
2226 3690 2443 3749 etiam„

307 3777 517 3853 gratias
542 3814 558 3842 ‚
606 3796 708 3860 per
748 3782 964 3849 Brevia
1008 3781 1299 3848 concedi,
1331 3780 1691 3866 quotidiana
1738 3777 1920 3841 docet
1955 3779 2190 3925 praxig:
2222 3794 2442 3836 conce-

2175 3877 2359 3922 untur
