2658 4244
895 230 1053 322 Sub
1116 232 1540 322 Innocentio
1602 232 1741 318 XI.

251 358 303 399 Su
310 350 510 408 potiorum
526 352 638 410 ipsius
650 346 810 397 Ordinis
824 349 1112 392 auctoritatem
1124 378 1137 400 ,
1161 362 1284 403 quan-

250 416 338 454 tum
364 409 449 454 fieri
485 413 642 468 potest,
669 411 905 454 conservare
944 421 1087 458 cures,
1111 421 1158 449 ac
1185 420 1280 461 pro-

247 481 385 526 pterea
412 470 498 526 ipfis
521 470 803 525 Superioribus
831 466 1038 523 regimen,
1065 467 1104 509 ὃς
1130 466 1279 531 guber-

248 530 357 571 nium
373 527 617 571 subditorum
629 529 789 584 penitus
801 527 1006 582 relinquas
1019 555 1035 575 ‚
1059 538 1189 566 necin
1210 539 1278 567 ne—

250 588 371 644 gotiis
397 585 627 631 eorumdem
654 589 843 632 fratrum
861 586 920 628 Te
948 583 1167 625 immisceas
1183 612 1196 635 ,
1218 583 1285 626 nisi

246 645 300 688 ab
319 645 405 700 ipfis
428 644 706 701 Superioribus
728 645 936 700 requisitus
962 641 1087 685 fueris
1102 672 1118 692 ,
1141 653 1187 684 ut
1210 642 1283 687 ina

247 703 388 745 iisdem
409 703 578 758 negotiis
593 703 874 745 auctoritatem
891 714 1002 744 tuam
1022 701 1258 757 interponas
1271 730 1287 752 ‚

247 764 290 804 &
301 771 418 810 tunc,
432 761 458 801 fi
471 761 633 811 omnino
647 757 836 803 necessari
842 775 906 802 um
923 760 1015 803 fore
1030 760 1288 815 cognoveris,

243 830 291 862 ut
306 816 472 862 eandem
497 820 775 860 auetoritatem
796 830 908 862 tuam
939 819 978 861 in
992 819 1142 861 eisdem
1162 832 1289 874 nego-

245 878 310 921 tiis
325 889 516 918 exerceas
533 905 547 927 ,
571 876 610 920 id
633 876 768 922 facere
788 877 902 933 poffis
919 891 934 930 3
949 877 1017 921 sed
1034 907 1048 929 ,
1064 878 1198 934 quoad
1213 892 1287 932 po-

243 934 384 985 rueris,
402 949 475 990 per
495 936 556 978 Te
571 935 696 991 ipsum
713 937 788 979 hoc
806 936 943 980 facere
957 950 1090 987 curm,
1105 935 1289 979 adhibito

238 993 727 1050 ndstribendum,quando
741 1009 838 1049 opus
851 994 992 1046 fuerit,
1011 995 1048 1036 in
1064 993 1200 1038 iisdem
1215 1009 1289 1038 ne·-

240 1052 356 1109 gotiis
374 1079 387 1102 ,
405 1050 471 1094 seu
486 1053 604 1094 Caufis
617 1083 632 1103 ,
650 1054 743 1096 loco
762 1054 924 1096 Notat-ii
939 1081 953 1103 ‚
969 1053 1104 1108 aliquo
1119 1067 1170 1096 ex
1187 1056 1287 1096 Fra..

240 1109 495 1152 tribus'dic‘ti
519 1111 686 1155 Ordinis
706 1141 718 1152 .
750 1112 991 1155 Mandantes
1017 1111 1174 1154 dilectis
1194 1110 1283 1158 filiis

241 1168 427 1212 Ministro
450 1169 644 1214 Generali
660 1198 675 1221 ‚
701 1172 740 1211 &
756 1170 842 1212 aliis
860 1171 1148 1226 Superioribus
1166 1202 1181 1222 ‚
1208 1185 1283 1214 nec

242 1241 325 1270 non
350 1227 537 1270 univerfis
564 1229 776 1272 Fratribus
804 1260 820 1280 ‚
851 1230 889 1270 &
916 1230 1095 1285 personis
1126 1229 1290 1285 quibus..

241 1299 400 1343 cunque
413 1285 582 1345 Ordinis
609 1285 761 1347 praefati
774 1288 814 1345 in
832 1287 997 1335 Virtute
1011 1290 1159 1338 Sanfiae
1181 1289 1289 1337 obe-

977 1419 1251 1487 ΝΟ

1343 352 1503 394 dientiae
1519 380 1534 400 ,
1562 358 1607 390 ut
1625 352 1684 391 Te
1700 350 1739 389 in
1757 360 1896 392 eorum
1913 355 2187 399 Protecstorem
2202 360 2313 415 juxta
2329 369 2390 402 te-

1342 423 1480 453 norem
1498 405 1751 465 presentium
1767 410 2014 464 recipientes
2032 414 2078 456 es
2094 444 2107 466 ‚
2122 417 2197 471 quzi
2214 418 2385 467 debent,

1340 466 1576 511 reverentis.
1613 466 1903 522 prosequantur
1929 497 1942 518 ,
1974 477 2185 516 contrariis
2212 492 2290 519 non
2315 476 2390 520 ob..

1339 527 1528 569 stantibus
1551 526 1852 580 quibuscunque
1867 555 1878 565 .
1910 528 2111 572 Caeterum
2144 536 2204 576 Te
2232 536 2270 576 in
2301 537 2389 576 Do..

1349 588 1457 629 mino
1475 587 1685 626 hortamur
1701 612 1716 634 ,
1738 593 1783 624 ut
1800 583 1924 637 hujus
1921 585 2030 629 modi
2046 589 2285 635 Protectoris
2302 607 2389 636 mu..

1346 659 1420 688 nus
1434 645 1490 686 ita
1505 643 1620 685 obire
1636 641 1790 684 studeas
1805 671 1819 693 ,
1845 653 1892 688 ut
1909 644 2016 698 apud
2036 647 2168 688 Deum
2185 652 2390 693 bonorum

1350 717 1516 759 operum
1539 700 1875 752 Retriburoretm.
1894 712 2088 746 arternum
2105 711 2304 760 praemium
2321 739 2334 761 ‚
2347 713 2387 752 δε

1349 763 1370 804 εὶ
1384 762 1512 805 Nobis
1536 758 1777 814 condignam
1806 759 1966 803 laudem
1982 763 2114 805 valeas
2132 770 2385 821 promereri.

1349 824 1503 864 Datum
1531 821 1670 861 Romae
1692 817 1798 874 apud
1817 822 1855 861 S.
1870 822 2032 863 Petrum
2051 822 2118 863 sub
2142 826 2302 867 Annulo
2318 826 2384 873 Pi,

1347 880 1514 922 scatoris
1530 877 1597 920 die
1612 887 1714 918 xxvi
1730 879 2152 932 1.Januar.1uocrxxvl
2165 896 2198 925 1.
2216 880 2390 929 Pontifi-

1348 949 1463 984 catus
1482 937 1617 982 Nostri
1635 938 1755 978 Anno
1767 937 1934 993 Primo.

1979 1058 2013 1102 Ι.
2035 1059 2084 1099 G.
2103 1057 2246 1114 Slustut
2260 1087 2273 1102 .
2327 1122 2330 1125 ᾗ

1405 1174 1649 1231 Ἁωοὲναβῆ.
1663 1174 1705 1214 in
1724 1173 1842 1216 Arch.
1860 1175 2002 1232 secret,
2019 1177 2134 1220 Brtv.
2151 1175 2389 1235 Apost.Reg‚f

1464 1228 1795 1299 &an-,1677J0l-
1820 1244 1854 1287 ι,
2377 1230 2383 1236 '

1381 1422 1667 1486 TA.

353 1547 473 1590 UAM
488 1552 684 1589 memoriam
696 1554 715 1591 a
728 1551 846 1590 Nobis
873 1552 994 1601 exigat
1007 1551 1151 1589 attentio
1162 1577 1175 1597 ‚
1204 1564 1272 1601 qua
1286 1554 1340 1590 hic
1354 1553 1640 1591 Eminentfflimus
1656 1555 1687 1590 se
1702 1554 1851 1594 Ordinis
1866 1554 1990 1592 Nostri
2002 1555 2242 1593 emolumentis
2252 1556 2389 1594 addixe-

385 1609 436 1634 rat
450 1623 464 1643 ,
481 1599 581 1636 debet
594 1603 689 1649 aeque
700 1613 746 1637 ex
763 1601 863 1649 hujus
873 1600 1066 1640 extensione
1080 1626 1092 1645 ‚
1104 1603 1205 1648 quam
1221 1601 1406 1638 intensione
1421 1603 1580 1642 concludi
1591 1628 1600 1640 .
1617 1602 1778 1641 Extensro
1790 1618 1829 1642 ea
1843 1605 1909 1641 fnit
1925 1626 1937 1645 ‚
1950 1613 1988 1639 ut
2002 1605 2045 1640 ad
2062 1615 2121 1649 42.
2136 1616 2299 1641 annorum
2314 1606 2388 1653 spa-

240 1646 327 1682 tium
341 1657 537 1684 excurreret
554 1664 563 1684 ε
587 1649 735 1687 intentio
747 1659 863 1685 utitem
873 1650 936 1685 illa
949 1659 1020 1685 erat
1033 1672 1046 1691 ‚
1071 1660 1111 1687 ut
1127 1649 1325 1695 personante
1339 1650 1452 1685 solnm
1467 1652 1639 1698 Capucim'
1650 1651 1787 1687 nomine
1800 1664 1899 1689 aures
1911 1653 2059 1695 erexerit
2070 1677 2083 1695 ,
2102 1654 2317 1701 animumque
2329 1654 2389 1691 vel

237 1694 277 1729 in
292 1693 478 1742 praesidium
495 1698 551 1731 vel
566 1697 599 1731 in
613 1697 831 1733 commodum
848 1697 1158 1742 paraverit-Manet
1171 1696 1202 1732 ei
1215 1697 1360 1741 Religio
1373 1698 1543 1744 speciatim
1555 1699 1793 1740 obaerara,cum
1809 1712 1880 1735 eam
1893 1712 1982 1734 nova
1997 1701 2276 1746 prolessustodia
2292 1702 2387 1736 vide-

241 1742 323 1777 licet
338 1742 503 1787 Poloniae,
516 1743 577 1777 suo
590 1743 796 1790 potiffimum
808 1743 920 1783 studio
931 1742 1134 1780 foecundarit
1148 1756 1160 1783 ;
1182 1754 1219 1779 ut
1232 1744 1321 1780 enim
1336 1746 1526 1782 institutum
1541 1748 1691 1783 nostrum
1705 1746 1746 1783 ad
1760 1747 1962 1784 Sereniffimi
1979 1748 2089 1790 Regis
2099 1748 2240 1795 Juannis
2253 1749 2386 1784 Sobies-

240 1789 281 1825 ki
298 1788 471 1827 instantias
491 1790 623 1828 firmius
635 1791 684 1828 ibi
699 1791 899 1827 stabiliretur
913 1813 925 1834 ,
950 1802 1063 1827 curam
1077 1792 1283 1838 provisionis
1301 1815 1313 1835 ‚
1336 1793 1371 1829 8(
1390 1795 1542 1830 Fratrum
1570 1794 1653 1830 illuc
1665 1794 1908 1830 mittendorum
1934 1794 2007 1841 ipse
2020 1795 2056 1829 in
2067 1795 2100 1831 se
2114 1796 2274 1842 suscepit.
2298 1796 2387 1833 Emi-

243 1836 466 1872 nentiffimum
477 1838 696 1875 Cardinalem
711 1839 862 1875 nostrum
877 1837 1042 1877 Casinum
1054 1864 1069 1884 ,
1087 1850 1187 1886 quem
1200 1863 1213 1883 ‚
1229 1841 1262 1875 in
1278 1841 1398 1879 ultima
1414 1844 1493 1879 vitae
1507 1844 1570 1878 suae
1584 1843 1727 1890 periodo
1750 1843 1939 1890 alloquium
1968 1841 2050 1888 Ejus
2071 1844 2269 1879 ambientem
2280 1869 2295 1888 ,
2316 1856 2385 1880 non

239 1885 395 1920 obstante
410 1885 505 1923 vario
519 1886 701 1925 Incomodo
714 1886 899 1924 affefi'tuose
911 1887 1027 1923 invifit
1039 1912 1052 1932 ‚
1065 1888 1168 1935 paulo
1179 1890 1253 1935 post
1266 1888 1300 1927 8<
1313 1889 1347 1924 In
1361 1892 1417 1926 via
1434 1891 1630 1929 aeternitatis
1646 1892 1693 1929 est
1706 1890 1851 1936 secutus,
1865 1903 1904 1928 ac
1920 1890 2157 1938 Religionem,
2166 1892 2238 1940 jam
2250 1904 2386 1932 maereu-

240 1941 312 1969 tem
327 1956 342 1977 ,
354 1936 449 1969 novo
465 1933 499 1968 8<
516 1934 834 1981 duplicatdvdoloris
848 1945 1047 1979 argumento
1064 1947 1108 1972 ex
1121 1936 1183 1974 Sui
1196 1935 1330 1982 jaetura
1345 1939 1456 1977 affecit
1467 1963 1477 1974 .
1507 1949 1541 1984 ··,

435 2158 1095 2206 DECRETO.

239 2306 243 2309 -
304 2273 644 2343 Congregationis
659 2276 706 2326 S.
722 2278 848 2328 Rom.
863 2279 917 2327 &⁵
931 2279 1207 2351 Universalt's

595 2345 879 2417 Inquisttionis
895 2386 907 2399 .

238 2474 313 2519 Ne
342 2476 516 2524 Fratres
543 2473 623 2525 sub
653 2494 873 2544 praetextu
901 2479 1154 2552 deponendi
1196 2497 1268 2528 co-

271 2558 370 2588 ram
401 2548 447 2591 S.
475 2542 652 2594 Officio
671 2582 687 2604 ,
723 2550 910 2597 Almam
938 2551 1117 2603 Urbem
1148 2567 1271 2599 acce·-

268 2609 413 2668 dant,
447 2624 662 2664 cavetur.
712 2682 714 2684 V

364 2742 486 2782 Feria
515 2754 557 2794 4.
592 2746 670 2786 Die
704 2746 769 2787 18.
804 2746 977 2790 Obi'obris
1014 2749 1140 2804 1679.⁴

235 2861 282 2900 ln
296 2859 599 2913 Congregatione
619 2863 858 2904 Generalis.
881 2866 1062 2905 Romanae
1081 2894 1093 2915 ,
1107 2866 1154 2913 ly*
1174 2867 1273 2907 Uni-'

291 2915 448 2971 verfilis
486 2917 749 2973 lnquist'tionis
782 2948 795 2970 ‚
842 2921 979 2963 habita
1001 2925 1044 2962 in
1071 2928 1272 2966 Conventa

290 2976 332 3014 S„
346 2976 494 3015 Mariae
504 2974 629 3030 snper
646 2979 866 3019 Minervam
880 2992 1008 3020 coram
1036 2983 1271 3040 Eminentff-

272 3029 389 3086 stmis
410 3060 422 3081 ‚
456 3034 504 3078 ἐς
526 3035 847 3091 Reverendifflmis
866 3040 968 3078 DD.
986 3041 1024 3077 S.
1041 3041 1089 3080 R.
1105 3044 1151 3083 Ε.
1172 3044 1270 3083 Car-

288 3089 481 3130 trinalibus
499 3094 542 3130 in
560 3099 644 3132 tota
660 3094 870 3147 Republica
886 3094 1108 3150 Christiana
1133 3108 1272 3140 contra

287 3147 508 3190 haercticam
514 3152 764 3201 pravitatem
784 3153 1041 3195 Generalibus
1062 3157 1269 3212 Inqussto·

284 3206 392 3248 ribus
405 3235 423 3275 ξ
435 3207 460 3248 a*
478 3207 622 3250 sanela
636 3209 731 3266 Sede
740 3210 1188 3269 Apostolicaspccialitcr
1199 3216 1266 3256 de-

276 3274 432 3321 putam
449 3293 460 3305 .

1714 2071 1830 2086 w
2179 2070 2352 2087 m

1338 2182 1391 2223 po
1418 2167 1631 2218 viciniori,
1665 2166 1730 2209 vel
1758 2164 1999 2221 Inquisitore
2017 2196 2032 2218 ‚
2060 2166 2144 2210 casu
2167 2180 2248 2222 quo
2283 2167 2386 2222 Epi:

1337 2227 1478 2281 scopus
1504 2226 1582 2267 loci
1611 2255 1624 2277 ‚
1658 2227 1721 2268 vel
1756 2225 1971 2279 Inquisitor
2016 2223 2139 2267 fuerit
2166 2226 2224 2267 eis
2250 2223 2382 2280 suspe-

1335 2288 1422 2326 ‹stus
1440 2315 1450 2325 .
1483 2284 1838 2328 Contrafacientes
1856 2293 2019 2334 autem,
2048 2283 2116 2324 vel
2150 2283 2249 2324 nihil
2276 2283 2383 2326 rele-

1335 2358 1430 2386 vans
1448 2342 1699 2398 deponentes
1724 2341 1942 2396 puniantur
1971 2340 2094 2398 poenz‘i
2109 2341 2287 2383 carceris
2306 2355 2380 2396 per

1332 2402 1399 2444 sex
1415 2401 1574 2443 Menses
1589 2403 1630 2442 in
1646 2399 1876 2442 carceribus
1892 2403 2035 2443 eorum
2064 2399 2292 2454 Religionis
2313 2401 2380 2442 2&

1330 2459 1568 2501 mandiirunt
1600 2458 1883 2512 Superioribus
1902 2457 2082 2512 ejusdem
2101 2458 2300 2506 Ordinis,
2329 2468 2372 2499 ut

1333 2518 1410 2558 hoc
1441 2519 1667 2557 Decretum
1698 2511 1905 2555 notificent
1919 2514 2164 2556 Guardianis
2180 2518 2375 2557 Conven-

1334 2586 1447 2615 tuum
1465 2601 1478 2623 ,
1507 2569 1631 2628 iisque
1658 2570 1864 2628 injungant
1882 2599 1895 2621 a
1923 2582 1968 2613 ut
2001 2571 2053 2613 de
2081 2573 2160 2614 hoc
2190 2575 2376 2616 Decreto

1334 2633 1492 2687 copiam
1516 2640 1682 2673 teneant
1711 2628 1865 2670 affixam
1880 2629 1916 2669 in
1935 2630 2026 2671 loco
2042 2630 2237 2685 publico,
2256 2641 2302 2673 ut
2327 2632 2380 2674 ab

1331 2691 1512 2737 omnibus
1530 2688 1743 2746 Religiofis
1761 2688 1841 2743 legi
1858 2686 1971 2745 poffit
1984 2715 1998 2732 .

1388 2812 1518 2854 Locus
1534 2808 1589 2865 »ξι
1607 2805 1734 2863 Sigilli
1752 2808 1767 2847 ζ

1455 2925 1686 2983 Franciscus
1705 2922 1917 2966 Riccardus
1932 2917 2083 2967 sanHae
2099 2926 2314 2982 Romaenae's

1508 2984 1560 3035 ἶς’
1575 2982 1810 3039 ϋηὶυσψιίὲε
1829 2983 2094 3041 lnqusstiom's
2111 2988 2255 3029 Notar-

1388 3102 1562 3158 Exempl.
1575 3101 1793 3160 imprcfflaem
1821 3101 1875 3151 ὠ·
1894 3101 2080 3153 Αμιῆεηι.
2103 3105 2147 3144 in
2161 3102 2281 3146 Arcb·
2296 3082 2373 3158 ge..¹

1442 3163 1569 3204 neralt‘
1601 3161 1758 3205 Ordinis
1778 3162 1878 3203 Tam.
1892 3161 1945 3201 A.
1960 3174 2066 3203 num.
2083 3173 2152 3210 27.

1569 3267 2131 3334 NOTA.

330 3385 435 3426 Attis
468 3387 747 3431 Procuratoris
765 3389 979 3432 Generalis
994 3389 1161 3433 Ordinis
1178 3393 1261 3435 Ca·
1323 3370 1413 3459 D
1429 3373 1456 3408 E
1470 3371 1595 3408 acceffu
1610 3372 1654 3408 “d
1679 3373 1820 3408 Almam
1842 3370 1974 3405 Urbem
1989 3366 2071 3404 vide
2083 3365 2118 3402 &
2129 3377 2192 3412 ‘³'
2215 3379 2291 3416 ‘¹¹¹²
2312 3369 2366 3411 su·

346 3444 583 3496 pucinorum
599 3447 702 3488 lesto
714 3448 968 3499 memoriali,
1000 3451 1206 3492 Eminent.
1223 3452 1262 3491 δε

228 3500 517 3543 Reverendiss.
532 3506 624 3546 DD.
641 3506 885 3550 Cardinales
906 3509 1134 3550 Generales
1162 3522 1264 3563 prae-

229 3556 322 3598 dicti
346 3557 615 3603 decreverunt
634 3592 648 3614 ,
674 3575 720 3606 ut
748 3568 914 3608 Fratres
942 3565 1106 3608 Ordinis
1134 3569 1269 3622 Capu-

229 3615 413 3657 cinorum
430 3631 506 3659 non
522 3620 717 3664 accedant
729 3624 780 3666 ad
797 3625 949 3667 Urbem
978 3624 1046 3665 sub
1069 3633 1265 3679 praetextu

229 3674 458 3728 deponendi
477 3675 684 3729 spectantia
700 3682 748 3725 ad
763 3686 950 3725 sanetum
963 3682 1149 3725 Officium
1167 3712 1181 3734 ,
1194 3682 1261 3725 sed

227 3734 431 3786 deponant
447 3748 580 3777 coram
595 3736 793 3792 Episcopo
808 3742 885 3785 loci
900 3770 913 3793 2
925 3739 990 3783 seu
1007 3740 1261 3798 Inquisitore,

229 3791 295 3834 sub
312 3791 421 3851 cujus
437 3793 612 3837 Dioecefi
638 3795 819 3854 degunt,
843 3799 914 3859 seu
937 3813 1074 3844 coram
1094 3798 1262 3858 Episco3

1437 3423 1499 3469 pra
1516 3420 1579 3457 fol.
1604 3420 1661 3468 85.
1683 3421 1717 3455 8<
1745 3419 1800 3454 86.
1816 3418 1982 3455 habentur
1995 3440 2006 3450 .

2218 3545 2339 3570 -ἠ

1324 3652 1374 3699 F.
1427 3650 1691 3700 Emericum
1730 3683 1747 3704 ,
1794 3645 2046 3698 Provinciae
2097 3645 2360 3696 Austriacoss'-¹

1355 3722 1633 3789 Hungaricae
1651 3716 1963 3768 Diffinitorem
1972 3716 2062 3770 &a
2080 3715 2363 3787 Epissopum

1356 3787 1659 3860 Viennensem
1694 3787 1963 3858 renunciat:

1629 3861 1670 3904 R
2184 3856 2298 3910 NQae
