2704 4296
708 211 1780 326 ELENCHvR-

288 355 513 421 ceptionis
534 360 585 406 Β.
605 360 666 406 V.
682 358 842 404 Mariae
859 355 1174 402 Immaculatae
1193 389 1207 411 ,
1232 368 1330 402 tarn

288 427 338 472 in
371 427 577 475 Ecclesiis
603 432 810 474 Fratrum
831 458 848 481 ,
877 423 1018 489 quam
1048 425 1329 474 Monialium

289 497 513 563 perpetuo
536 498 725 562 largitur
740 530 752 541 .
1216 514 1235 544 1
1249 496 1329 556 83.

360 571 551 618 Beatum
579 564 780 612 Fidelem
814 562 837 611 ὲ
867 565 1158 633 Sigmaringa
1175 601 1189 622 ,
1222 569 1330 615 Sue·

289 654 425 695 vum,
445 636 695 686 Provincia:
711 636 966 684 Helveticae
984 636 1154 685 Filium
1172 639 1330 686 Beato-

292 725 399 758 rum
418 706 520 756 albo
537 703 690 753 inserit
704 739 717 752 .
1217 726 1237 757 ι
1249 709 1275 754 8
1285 725 1331 769 3.

390 811 547 866 SUB
599 811 1051 862 CLEMENTE
1101 814 1225 866 XII.

356 921 432 969 Fr.
454 915 784 966 Bernardinum
814 916 870 966 de
892 916 1015 968 Astis
1034 952 1049 976 ,
1080 920 1330 968 Provinciae

287 987 579 1039 Taurinenfis
607 989 867 1037 Alumnum
884 1024 900 1046 ,
930 990 978 1038 in
1011 988 1331 1059 Archiepisco-

283 1076 395 1127 pum
417 1055 622 1108 Ecclefiae
641 1058 957 1108 Turritanensi
975 1058 1162 1127 praeficit
1177 1095 1190 1109 .
1215 1064 1328 1110 186.

353 1133 557 1179 Decreto
592 1132 695 1178 Sac.
715 1133 894 1198 Congr.
913 1132 1114 1180 Concilii
1132 1135 1332 1199 Capuci·

283 1216 366 1250 nos
382 1200 408 1248 ὲ
424 1198 739 1249 Testatoribus
756 1202 1017 1251 nominatos
1032 1235 1050 1259 ,
1067 1219 1252 1269 capaces
1266 1199 1331 1251 es:-

284 1268 333 1319 se
343 1271 459 1334 juris
484 1269 748 1319 nominandi
765 1270 983 1321 Personas
1012 1271 1071 1319 ad
1099 1274 1173 1338 pia
1191 1270 1327 1319 subsi-

284 1339 360 1389 dia
377 1340 550 1389 dotalia
568 1374 583 1397 ,
604 1339 858 1389 declaratur
877 1373 890 1387 .
1210 1358 1228 1388 1
1242 1342 1322 1398 87.

355 1409 698 1479 Indulgentiam
725 1411 979 1476 plenariam⁴
1002 1427 1085 1477 pro
1114 1408 1323 1459 Ecclefiis

282 1492 379 1530 tam
401 1485 614 1529 Fratrum
629 1515 645 1538 ,
671 1481 809 1546 quam
829 1482 1106 1530 Monialium
1130 1482 1174 1529 in
1194 1478 1324 1529 Festo

285 1551 760 1602 commemorationis
776 1555 1024 1601 Sacrorum
1038 1552 1325 1621 Stigmatum

282 1625 332 1672 S.
353 1625 403 1673 P.
424 1619 664 1672 Francisco
690 1621 1010 1690 impressorum
1043 1621 1102 1671 ad
1132 1620 1326 1672 futura...

283 1706 494 1760 tempora
509 1706 750 1760 perpetuat
762 1727 775 1740 .
1210 1711 1326 1752 190.

354 1766 560 1813 Decreto
581 1767 682 1814 Sac.
697 1765 932 1832 Congreg.
950 1762 1218 1832 Indulgent.
1233 1762 1325 1815 διε.

285 1832 533 1902 praepositae
552 1869 568 1892 ‚
598 1833 625 1882 ὲ
657 1832 948 1884 83ηᾶἰῶωο
969 1835 1220 1902 approbato
1253 1833 1329 1884 de-

287 1905 504 1962 claratur,
520 1902 644 1971 quod
662 1902 888 1962 Ecclesiae,
905 1906 1124 1972 Capellae,
1144 1904 1192 1957 ὅς
1210 1907 1330 1954 Ora-

287 1977 404 2024 toria
418 1974 599 2043 publica
615 1976 659 2023 in
677 1972 948 2024 Refidentiis
961 2010 977 2033 ,
995 1972 1042 2026 <Sc
1058 1974 1331 2024 Miffionum

291 2043 518 2111 Hospitiis
545 2045 774 2115 gaudeant
793 2045 1098 2115 Indulgentiis
1114 2047 1335 2116 generali—

287 2129 357 2164 ter
376 2115 547 2166 Ordini
563 2114 778 2166 conceffis
794 2154 808 2168 .
1217 2135 1304 2177 191
1316 2153 1328 2167 .

358 2185 516 2237 Consti
527 2189 756 2237 tutionem
774 2185 947 2238 fel.rec.
967 2190 1221 2240 Clementis
1237 2191 1330 2238 IX.

289 2255 346 2307 de
360 2255 618 2308 Refidentia
633 2257 903 2309 Diffinitorii
918 2262 1157 2310 Generalis
1171 2263 1334 2309 Romae

288 2330 481 2378 innovat
492 2363 508 2386 ‚
522 2346 575 2377 ac
590 2344 814 2397 perpetuae
826 2366 840 2388 ,
854 2329 1193 2382 &inviolabilis
1207 2334 1252 2379 A
1259 2346 1334 2397 po-

291 2396 461 2448 stolicae
488 2397 718 2449 firmitatis
753 2400 916 2450 robore
950 2404 1209 2451 communit
1234 2420 1249 2459 ;
1287 2414 1337 2449 ut

289 2468 400 2516 Hoc
418 2485 686 2534 quacunque
704 2469 1007 2528 hebdomada,
1020 2471 1124 2519 bina
1142 2472 1239 2520 vice
1256 2466 1337 2516 sal-

291 2548 386 2583 tem
412 2568 430 2593 ,
459 2536 517 2584 ad
547 2537 795 2587 definienda
824 2543 873 2588 S.
908 2541 1164 2606 Religionis
1199 2550 1336 2603 nego·

293 2605 359 2653 tia
375 2621 682 2675 congregetur
693 2644 708 2665 ,
723 2606 877 2658 statuit
891 2627 903 2657 ε
919 2610 1027 2675 quid
1044 2611 1087 2655 in
1103 2604 1206 2656 casu
1217 2641 1232 2663 ,
1245 2621 1337 2671 quo

293 2676 393 2741 quis
415 2674 653 2726 Diffinitor
670 2681 909 2728 Generalis
937 2678 994 2726 ad
1013 2679 1214 2726 nativam
1233 2679 1339 2725 Pro·

291 2747 492 2795 vinciam
507 2747 704 2804 rediret,
721 2748 949 2816 agendum
967 2746 1021 2797 fit
1034 2783 1050 2805 ,
1066 2745 1334 2816 praescribit:

294 2813 343 2866 Bt
361 2852 377 2874 ,
403 2832 454 2865 ut
475 2818 655 2867 nullum
675 2819 831 2868 Curiae
854 2823 1069 2869 Romana:
1087 2818 1306 2867 Tribunal
1319 2851 1335 2874 ,

290 2884 370 2935 seu
388 2890 705 2958 Congregatio
717 2886 992 2948 causam,vel
1007 2890 1154 2947 litem,
1170 2890 1213 2937 in
1234 2884 1336 2937 Dif-

291 2954 492 3006 finitorio
513 2962 726 3009 Generali
745 2963 870 3028 prius
888 2977 977 3010 non
995 2956 1209 3015 decisam,
1227 2959 1336 3007 reci-

290 3029 403 3094 piat,
417 3026 496 3077 sub
512 3031 722 3096 nullitate
740 3030 950 3080 asiorum
963 3030 1172 3099 prohibet
1184 3066 1195 3078 .
1213 3038 1236 3078 '1
1246 3048 1332 3089 91.

362 3102 564 3149 Decreto
583 3105 685 3151 Sac.
700 3101 800 3151 Rit.
819 3105 1057 3172 Congreg.
1075 3100 1332 3151 Ordinariae

295 3167 322 3216 a
338 3169 627 3220 Sanffiffimo
643 3173 895 3240 approbato
909 3208 926 3230 ,
958 3174 1003 3221 in
1033 3169 1163 3221 causa
1184 3175 1334 3222 Cano·

293 3240 531 3290 nizationis
556 3244 609 3291 B.
630 3245 864 3310 Seraphini
890 3243 947 3292 de
973 3239 1147 3292 Asculo
1178 3243 1300 3292 Laici
1318 3276 1334 3300 ,

295 3307 350 3358 de
376 3311 624 3362 virtutibus
654 3327 748 3364 tarn
777 3313 1074 3381 Theologicis
1097 3348 1113 3371 ,
1159 3313 1334 3380 quam„

303 3380 623 3434 cardinalibus
651 3386 698 3435 in
727 3382 875 3454 gradu
893 3384 1076 3433 heroico
1103 3382 1334 3433 constare.»

300 3447 554 3502 declaratur
570 3488 583 3502 .
1223 3472 1333 3515 193.

370 3522 799 3576 F.B0naventuram
817 3527 840 3575 21
855 3526 1058 3575 Ferraria
1067 3523 1332 3574 Ministrum

302 3591 574 3642 Generalem
592 3630 608 3652 ,
625 3596 684 3645 ob
705 3596 958 3666 Apostolici
979 3597 1332 3646 Concionatoris

297 3677 463 3709 munus
483 3696 499 3718 2
530 3663 584 3712 ab
611 3666 887 3736 obligatione
913 3665 1123 3718 vifitandi
1149 3669 1334 3716 Provin-

296 3731 388 3780 cias
422 3731 614 3793 eximit,
642 3737 769 3804 eique
803 3739 918 3806 alios
945 3735 1214 3789 Vifitatores
1247 3755 1331 3806 pro

1391 354 1496 403 casu
1517 354 1786 402 necessitatis
1814 352 1857 402 in
1877 354 2002 403 vices
2021 362 2322 411 constituendi
2342 397 2357 418 ,
2380 358 2439 409 fa-

1390 427 1611 474 cultatem
1632 426 1827 492 largitur
1840 461 1852 472 .
2325 447 2436 492 ¹95·

1461 495 1670 544 Eundem
1689 499 1764 544 Fr.
1784 498 2154 547 Bonaventuram
2186 501 2210 548 a
2231 503 2438 550 Ferraria

1389 565 1658 616 Ministrum
1678 567 1953 615 Generalem
1983 569 2043 615 ob
2067 568 2184 617 idem
2206 571 2435 637 Apostoli·
2504 570 2506 573 ’

1389 639 1431 685 ci
1475 638 1646 704 Pulpiti
1690 635 1997 685 Ministerium
2040 640 2065 685 zi
2109 642 2434 690 communibus

1392 704 1663 758 Conventus
1679 706 1892 756 oneribus
1911 708 2136 765 eximit,&
2157 726 2206 759 uc
2226 709 2436 760 Anteces-

1392 775 1549 827 sorum
1568 776 1710 827 solitis
1738 778 2103 845 exemptionibus
2127 783 2327 847 potiatur
2346 816 2361 838 ,
2393 781 2436 828 ei

1391 848 1601 918 indulget
1617 884 1630 896 .
2319 860 2432 910 196.

1461 923 1539 969 Fr.
1556 918 1849 970 Vincentium
1871 918 2191 988 Bragadenum
2210 955 2225 977 ,
2244 924 2438 970 Provin-

1391 989 1468 1040 ciae
1491 994 1679 1042 Venetae
1704 988 1954 1041 Professum
1974 1027 1990 1050 ,
2019 990 2075 1040 ad
2100 988 2276 1040 Insulas
2305 995 2436 1040 Scar-

1390 1057 1609 1111 donenses
1625 1076 1869 1129 promovet
1883 1097 1896 1110 .
2031 1119 2039 1128 ³
2318 1080 2434 1121 197.

1460 1137 1712 1182 Decretum
1733 1136 1835 1182 Sac.
1852 1136 2006 1202 Cong.
2018 1133 2222 1182 Rituum
2237 1131 2290 1181 de
2310 1150 2433 1181 com-

1387 1201 1596 1251 miffione
1622 1201 1940 1252 reassumenda:
1967 1201 2108 1252 causae
2131 1201 2436 1253 Beatificatio-
2502 1251 2508 1263 ,

1386 1273 1454 1319 nis
1487 1269 1536 1321 <Sc
1556 1273 1933 1320 Canonizationis
1963 1276 2094 1321 Servi
2121 1274 2208 1321 Dei
2240 1278 2290 1324 P.
2315 1276 2435 1322 Lau-

1384 1342 1531 1390 rentio
1552 1341 1575 1390 ὲ
1601 1339 1858 1390 Brundusio
1876 1376 1894 1399 ,
1919 1343 2034 1390 olim
2054 1345 2293 1391 Generalis
2310 1377 2326 1399 ,
2358 1360 2436 1409 ap-

1384 1411 1549 1480 probat
1563 1447 1579 1469 ,
1605 1410 1653 1462 ὄε
1671 1410 1818 1479 fignat
1836 1448 1848 1460 .
2316 1415 2436 1470 198.

1455 1484 1534 1533 Fri
1558 1481 1852 1531 Franciscum
1870 1484 2130 1533 Antonium
2159 1482 2436 1533 Correrium

1383 1554 1634 1603 Provinciae
1663 1557 1850 1604 Venetae
1897 1550 2146 1604 Professum
2179 1589 2196 1613 ,
2236 1555 2434 1604 Patriar-

1383 1625 1515 1674 cham
1531 1625 1826 1673 Venetiarum
1849 1626 2080 1673 renuntiat
2094 1660 2107 1673 .
2323 1626 2438 1684 198.

1458 1693 1691 1744 Fratribus
1716 1693 1741 1740 ὲ
1770 1697 1820 1744 P.
1848 1692 2064 1743 Ministro
2090 1695 2306 1742 Generali
2330 1730 2346 1752 ,
2386 1693 2435 1744 ὃς

1389 1762 1674 1816 Diffinitorio
1693 1766 1911 1813 Generali
1926 1799 1942 1822 ,
1968 1766 2013 1812 in
2034 1765 2175 1813 Alma
2193 1764 2325 1818 Urbe
2347 1769 2439 1824 jam

1390 1834 1608 1886 residente
1626 1871 1642 1893 ,
1670 1852 1838 1884 munus
1862 1836 2159 1884 Saecularium
2179 1829 2439 1886 Confeffio-

1392 1925 1468 1956 nes
1490 1905 1742 1973 excipiendi
1760 1940 1776 1962 ,
1794 1922 2067 1972 quocunque
2086 1918 2294 1972 tempore
2315 1921 2442 1953 com-

1391 1979 1512 2027 mitti
1536 1974 1654 2043 posse
1669 2010 1685 2033 ,
1703 1974 1913 2024 concedit
1930 2011 1943 2023 .
2205 2026 2209 2029 μ
2318 1994 2342 2023 2
2354 1994 2458 2024 00.-

1465 2044 1853 2097 Constitutionem
1871 2064 1979 2096 am.
1993 2044 2175 2100 Urbani
2195 2049 2442 2097 PP.VIII.

1393 2117 1449 2167 de
1466 2118 1705 2166 Filiatione
1721 2116 1933 2174 Ordinis,
1946 2135 1999 2166 ex
2018 2135 2128 2166 vera
2146 2115 2192 2165 ὅ(
2211 2134 2444 2182 nunquam

1392 2191 1644 2256 interrupta
1666 2192 1712 2238 S.
1732 2192 1782 2238 P.
1805 2185 2028 2237 Francisci
2052 2187 2170 2235 linea
2193 2185 2284 2236 διε.
2312 2192 2445 2254 Apo-³

1392 2259 1561 2309 stolicae
1607 2257 1968 2308 confirmationis
2018 2259 2283 2308 munimine
2317 2259 2444 2307 inno-

1394 2345 1477 2382 vat
1492 2365 1505 2379 .
2326 2347 2350 2375 2
2361 2347 2388 2374 0
2402 2347 2419 2375 1
2431 2363 2445 2376 .

1465 2400 1610 2449 lturis
1639 2398 1696 2447 ad
1721 2397 1957 2447 Miffiones
1984 2401 2189 2448 volantes
2209 2398 2443 2446 Fratribus

1397 2468 1715 2533 Apostolicam
1744 2467 2110 2515 Benediffionem
2129 2504 2144 2523 ,
2174 2465 2222 2516 ὅ(
2250 2473 2270 2527 (
2286 2481 2446 2534 praeter

1397 2537 1549 2596 hanc)
1571 2537 1749 2602 utrique
1768 2537 2063 2586 Saecularium
2081 2535 2201 2585 sexui
2218 2534 2415 2587 confesso
2428 2571 2445 2595 ,

1399 2603 1449 2655 ὅ(
1469 2608 1810 2653 communicato
1828 2604 2172 2673 Indulgentiam
2193 2606 2444 2671 plenariam

1399 2677 1624 2743 largitur,
1653 2693 1732 2742 per
1760 2673 1952 2723 modum
1978 2672 2181 2744 suffragii
2207 2673 2444 2725 Defuncstis

1396 2745 1710 2814 applicandam
1729 2780 1742 2794 .
2321 2766 2345 2795 2
2356 2767 2383 2794 0
2394 2767 2438 2809 3.

1464 2815 1608 2882 Qod
1627 2813 1837 2866 Minister
1855 2817 2095 2865 Generalis
2113 2852 2129 2877 ,
2158 2818 2324 2884 aliique
2355 2823 2441 2868 Su-

1393 2889 1615 2956 periores,
1632 2905 1716 2940 ceu
1735 2888 1831 2935 veri
1849 2885 2128 2937 S.Francisci
2147 2890 2249 2937 Filii
2270 2890 2313 2936 in
2331 2907 2444 2956 quo-

1395 2976 1572 3025 cunque
1589 2959 1694 3008 loco
1709 2958 1926 3009 Tertium
1942 2957 2170 3008 Ordinem
2188 2957 2437 3016 instituere,

1393 3027 1442 3080 ὅ(
1459 3042 1663 3096 receptos
1689 3028 1747 3079 ad
1773 3046 1882 3079 eum
1900 3030 2146 3095 Saeculares
2176 3028 2357 3097 publice
2391 3029 2441 3080 δε

1391 3101 1607 3168 privatim
1637 3099 1851 3151 instruere
1882 3099 2078 3168 possint,
2108 3100 2342 3157 declarat,
2361 3100 2438 3149 de·

1393 3171 1643 3238 cernitque,
1656 3171 1780 3238 quod
1798 3169 2068 3222 Professores
2084 3173 2193 3220 tales
2209 3171 2438 3239 gaudeant

1393 3240 1604 3292 omnibus
1622 3245 1782 3311 gratiis
1798 3279 1813 3301 ,
1840 3243 2088 3310 privilegiis
2107 3277 2121 3299 ,
2144 3241 2327 3289 indultis
2344 3240 2435 3291 &c-

1393 3331 1494 3380 quae
1531 3331 1736 3380 unquam
1781 3331 1862 3381 per
1890 3313 2203 3381 Apostolicam
2234 3310 2438 3360 Sedem„

1393 3386 1559 3434 Tertio
1577 3384 1749 3434 Ordini
1767 3383 1952 3434 fuerunt
1967 3379 2195 3439 concessa,
2223 3379 2272 3431 &
2300 3396 2436 3432 erunt

1392 3454 1601 3523 deinceps
1627 3455 1915 3505 concedenda
1935 3490 1948 3503 .
2316 3469 2377 3501 20
2386 3472 2433 3514 3.

1460 3528 1551 3576 Pro
1578 3527 1824 3576 Dominica
1840 3523 2029 3574 secunda
2045 3558 2060 3580 ‚
2090 3520 2186 3590 post
2207 3520 2433 3572 Festum„

1393 3597 1650 3665 Epiphaniae
1668 3603 1728 3647 D.
1742 3593 1929 3663 N.Jesu
1947 3592 2114 3645 Christi
2131 3629 2146 3651 ,
2163 3595 2207 3642 in
2224 3593 2434 3643 Ecclefiis

1392 3669 1605 3717 Fratrum
1624 3703 1640 3724 ,
1665 3668 1712 3719 ὅ(
1740 3667 2014 3726 Monialium
2047 3664 2431 3735 Indulgentiam

1391 3740 1638 3806 plenariam
1655 3735 1863 3789 concedit
1877 3772 1887 3785 .
2313 3753 2428 3799 204.

2201 3804 2360 3856 Indul-
