2704 4296
390 291 464 350 1
976 196 1842 348 ISAGOGE.

326 383 489 439 moria
534 388 738 441 notam
767 376 1006 444 omitti,
1041 374 1310 463 probant
1335 377 1507 439 varia
1538 380 1853 459 exempla,
1897 372 2018 439 illis
2064 388 2263 442 autem
2313 377 2472 441 clau-

325 466 518 528 sulam
563 467 639 523 ad
661 469 911 544 futuram
944 468 1020 521 rei
1050 467 1349 522 memoriam
1380 460 1541 546 quasi
1570 481 1886 544 nunquam
1908 463 2142 536 (saltem
2170 466 2471 530 moderno

328 554 645 684 tempore)
687 556 1009 639 praeponi,
1052 550 1360 614 Officiales
1392 549 1597 611 Curiae
1636 549 1966 669 affirmant.

743 724 797 813 S
896 722 970 813 E
1069 722 1149 816 C
1249 721 1331 811 T
1427 720 1475 808 I
1575 720 1666 809 O
1869 721 1916 809 I
1941 722 2060 811 X,

559 899 698 985 De
760 895 1300 995 Narratione,
1359 894 1450 982 ὃ
1518 889 1920 980 Bullarum
1981 896 2232 1011 Stylo.
2245 956 2249 958 -

319 1072 468 1225 IN
503 1073 867 1136 narrationis
895 1069 1155 1134 exordio
1185 1071 1509 1156 exponitur
1540 1069 1744 1153 gratiae
1789 1073 2052 1153 petitio,
2101 1079 2164 1137 &
2210 1073 2469 1159 allegan-

440 1178 538 1223 tur
583 1164 814 1223 causae,
870 1179 1004 1240 quae
1059 1155 1218 1217 illius
1275 1154 1714 1218 concessionem
1758 1156 1866 1220 vel
1911 1155 2325 1227 facilitarunt‚
2367 1161 2468 1224 vel

318 1242 693 1308 effecerunt.
747 1245 851 1308 Ne
896 1259 1102 1305 autem
1147 1248 1348 1324 gratiae
1394 1241 1677 1304 concessae
1722 1246 2056 1307 contradici
2103 1251 2466 1329 contingat.

317 1329 732 1397 Ecclefiasticae
782 1327 1072 1390 Censurae
1117 1326 1374 1391 incursio
1421 1333 1803 1398 intentatur,
1852 1335 1958 1414 qui
1995 1334 2094 1395 vel
2127 1334 2288 1394 illius
2332 1354 2470 1394 exe-

316 1420 634 1480 cutionem
681 1412 1078 1499 impediunt,
1126 1415 1226 1478 vel
1271 1415 1422 1479 alias
1471 1417 1600 1498 ejus
1649 1415 2076 1481 subsistentiam
2126 1423 2467 1502 impetunt.

314 1503 584 1573 Pariter,
631 1525 707 1566 ne
739 1500 846 1563 sub
883 1513 1178 1586 praetextu
1223 1506 1508 1566 contrarii
1553 1501 1918 1588 privilegii,
1951 1508 2099 1589 legis
2129 1510 2244 1568 &c
2292 1508 2467 1569 valor

311 1587 475 1654 illius
534 1588 816 1653 eludatur
855 1634 872 1659 ,
939 1594 1117 1652 variae
1168 1586 1576 1672 derogationis
1604 1631 1618 1656 ‚
1666 1590 2080 1674 abrogationis
2128 1600 2247 1655 διε.
2304 1592 2467 1656 clau-

309 1675 446 1740 sulae
501 1676 962 1740 annectuntur,
1006 1697 1137 1756 quae
1193 1677 1495 1740 clariora,
1541 1682 1603 1738 &
1650 1680 1890 1739 notiora
1939 1682 2066 1764 ipsa
2110 1679 2465 1742 Bullarum„

307 1762 535 1830 166110,
579 1768 772 1844 quam
820 1782 954 1824 mea
999 1759 1374 1851 descriptio,
1418 1761 1682 1828 reddet.

489 1849 707 1933 stylus
763 1864 1015 1918 autem,
1061 1869 1191 1936 quo
1238 1856 1502 1913 narratio
1549 1851 1676 1914 haee
1725 1850 2114 1924 extenditur,
2160 1852 2463 1916 redolere)

310 1932 462 1999 solet
499 1934 882 2020 Majestatem
919 1977 936 2002 ‚
980 1936 1270 2000 immixtis
1314 1939 1373 2001 S.
1407 1939 1730 2021 Scriptura:
1778 1940 2121 2010 Textibus,
2168 1957 2275 2002 aut
2317 1943 2462 2002 alias

310 2029 616 2088 concinno
662 2021 996 2091 verborum
1030 2067 1046 2092 3
1095 2032 1159 2088 &
1207 2026 1638 2089 sententiarum
1686 2025 1896 2089 selectu
1951 2024 2349 2096 foecundarn,
2395 2033 2461 2090 ὅτ.

309 2108 397 2171 ita
443 2113 952 2181 accomodatam,
1003 2130 1121 2178 ut,
1168 2114 1322 2176 dum
1370 2135 1630 2180 nervum
1677 2112 2026 2196 adipiscitur
2061 2135 2135 2175 ex
2166 2112 2461 2197 elegantia

305 2199 622 2269 sermonis,
649 2202 922 2263 animum
948 2199 1219 2266 Lectoris
1242 2204 1514 2286 captivet
1545 2223 1618 2263 ex
1647 2199 1946 2266 brevitate
1962 2197 2279 2283 dictionis.
2303 2200 2462 2262 Exu-

301 2287 422 2350 lare
473 2287 731 2374 quidem
773 2284 959 2351 debet
1004 2311 1042 2349 a
1087 2287 1404 2350 Bullarum
1459 2306 1758 2353 contextu
1802 2289 2000 2350 omnis
2044 2286 2461 2357 SoloecismuS,

219 2371 224 2375 ⁴
306 2397 452 2440 cum
515 2378 694 2459 juxta.
737 2374 1004 2438 dicenda
1047 2379 1190 2456 infra
1234 2381 1294 2435 in
1354 2381 1572 2435 scaione
1617 2381 1678 2435 de
1722 2377 1910 2456 regulis
1974 2384 2083 2444 &a
2150 2378 2460 2439 valorem,

307 2465 516 2526 demat
558 2461 749 2525 Bullae
775 2502 792 2528 3
833 2481 956 2523 non
1002 2477 1216 2527 tamen
1260 2462 1485 2548 semper
1531 2483 1717 2548 purus
1762 2462 2075 2527 invenitur
2115 2485 2151 2523 a
2194 2465 2461 2526 vocabu-

305 2550 378 2609 hs
409 2550 654 2622 alieniS,
689 2548 1050 2633 praesertim,
1069 2550 1239 2610 dum
1265 2554 1416 2630 juris
1446 2553 1761 2611 materiam
1792 2554 2024 2631 tangit.
2052 2550 2225 2609 Talia
2255 2566 2458 2610 autem

306 2631 496 2701 verba
525 2653 767 2716 praecox
795 2635 1132 2697 Sciolorum
1162 2635 1343 2695 Crisis
1375 2634 1658 2700 Barbara,
1688 2636 1788 2699 vel
1812 2635 2079 2711 monstrostt
2105 2654 2232 2695 non
2256 2639 2464 2718 explo-

307 2721 445 2789 dat,
470 2741 613 2783 cum
632 2717 1013 2780 consuetudo
1031 2717 1134 2780 illa
1157 2721 1684 2802 comprobaverit,
1713 2720 2017 2786 nam‚ubi
2045 2740 2134 2782 res
2168 2740 2344 2783 novae
2373 2719 2462 2781 in·
2464 2725 2465 2728 ’

308 2812 674 2875 veniuntur,
700 2805 864 2863 verba
894 2827 1123 2886 quoque,
1149 2804 1335 2885 quibus
1358 2832 1436 2865 res
1463 2808 1548 2864 illa
1578 2810 1959 2882 exprimantur,
1976 2809 2148 2888 juxta
2168 2810 2458 2871 eximium

98 2912 208 2963 (q)L·
211 2914 242 2971 ·'3·
257 2900 287 2960 3.
312 2894 588 2979 Lippum
615 2901 697 2972 (q)
715 2897 775 2951 in
804 2895 1214 2972 confitetudinem
1243 2897 1571 2953 admittenda
1587 2896 1745 2973 flmt.
1777 2895 1995 2975 Sique,
2023 2891 2195 2977 quod
2223 2912 2460 2958 novum

98 2965 164 3050 εἶν
155 2973 225 3048 2‘22'
222 2974 283 3047 ⁰2}-
272 2974 550 3065 prodit,
579 2980 793 3040 barbari
824 2998 1032 3045 notam
1065 2997 1420 3052 mereretur,
1449 2981 1620 3044 nulla
1645 2999 1771 3043 non
1807 2999 1933 3043 vox
1967 2980 2298 3063 aliquando
2331 2980 2461 3042 bar

92 3060 184 3155 f⁰}·7
205 3059 289 3097 mm
314 3068 457 3129 bara
500 3065 664 3142 fuit,
708 3089 855 3157 cum
887 3090 1135 3132 omnem
1173 3070 1279 3130 suo
1307 3084 1583 3154 tempore
1616 3089 1847 3130 novam
1876 3065 2124 3128 extitisse
2170 3068 2461 3130 sciamus,

102 3176 154 3222 s>
182 3154 678 3218 DereMabillonii
718 3156 801 3237 [ν]
846 3158 1204 3226 monitum,
1250 3162 1314 3219 &
1359 3155 1679 3218 consilium
1727 3159 1790 3216 in
1837 3148 2079 3218 filatum
2120 3174 2462 3235 nugarum„

104 3223 284 3309 ¹1³1.{'.¹⁰⁷⁷⁷'.
265 3251 293 3312 1·
313 3240 748 3305 correctionem
808 3241 1160 3328 applicent,
1207 3248 1315 3329 qui
1363 3247 1564 3307 minus
1609 3241 1822 3306 usitata
1869 3239 2188 3304 Bullarum
2211 3206 2459 3310 c>verba,

315 3349 447 3391 atro
478 3328 711 3391 calculo
743 3346 1008 3397 notant,
1053 3332 1363 3433 sciantque
1409 3333 1496 3397 ii,
1541 3350 1693 3414 quos
1740 3328 2023 3406 Salebrofics
2069 3328 2314 3411 ejusmodi
2348 3335 2460 3408 Sty-

320 3416 397 3471 lus
442 3419 690 3494 offendit,
724 3422 900 3496 quod,
934 3417 994 3476 ut
1018 3420 1144 3495 fixus
1171 3422 1449 3498 unicuique
1482 3423 1588 3477 arti
1618 3419 1906 3495 idiotismus
1939 3419 2163 3489 constat,
2195 3417 2272 3491 stc
2300 3420 2459 3472 etiam

319 3504 395 3556 ²⁴⁰⁴
438 3505 781 3578 Diplomatica
826 3509 955 3590 inest
996 3511 1230 3586 proprius
1279 3509 1522 3586 loquendi
1564 3508 1740 3566 modus
1760 3549 1906 3568 .....
1946 3505 2060 3580 plus
2107 3503 2324 3560 delectat
2367 3504 2459 3562 illa

323 3608 493 3645 rerum
537 3598 774 3655 varietas
806 3638 820 3669 ,
865 3614 1026 3674 quam
1070 3595 1327 3682 affeblata
1369 3599 1424 3654 in
1468 3596 1566 3654 loco
1611 3597 1862 3672 peregrino
1905 3593 2189 3669 elegantias

2217 3853 2378 3916 SE-
