2658 4244
316 195 461 261 128

243 311 293 341 ne
307 296 443 351 quavis
457 294 755 347 occafione,vel
768 297 879 339 causa
891 294 1026 350 latis,li
1039 300 1181 356 quibus
1195 315 1287 356 quo.

240 355 477 397 modolibet
494 355 693 397 innodata:
709 355 879 399 existunt
893 386 908 408 ‚
924 358 974 400 ad
992 358 1175 402 effeflum
1190 374 1289 415 prae-

239 411 369 455 sentiu
382 427 424 454 m
437 412 636 456 duntaxat
650 415 978 471 consequendum
995 446 1009 468 ,
1026 419 1167 462 harum
1189 418 1292 460 serie

241 469 501 514 absolventes
513 499 527 524 ,
539 474 578 514 δι
589 473 788 516 absolutas
803 473 893 518 fore
909 476 1120 519 censentes
1132 505 1147 529 ,
1163 475 1295 531 hujus-

239 531 352 574 modi
382 530 967 587 supplicationibusinclinati,
995 537 1292 579 Auctoritate)

240 585 517 645 Apostolica‘,
547 601 692 635 tenore
725 591 976 648 praesentium
1007 593 1293 645 declaramus,

239 648 420 700 mentis,
447 650 484 690 &
513 650 752 693 intentionis
783 651 921 694 nostrae
952 650 1090 705 fuisse,
1114 655 1152 695 δι
1183 650 1290 701 else,

239 721 315 764 per
342 706 664 751 moderationem
681 738 695 760 ,
718 709 799 752 sive
821 709 1158 767 dispensationem
1176 709 1290 765 supra

241 763 466 821 expressam
483 794 498 818 ,
522 781 639 823 quam
664 767 773 825 justis
800 782 849 810 ex
876 771 999 810 caufis
1025 770 1198 812 animum
1216 782 1290 808 no-

238 822 363 867 strum
386 827 644 868 moventibus
661 841 738 883 pro
754 829 956 869 communi
974 826 1103 869 totius
1117 826 1288 868 Ordinis

237 883 418 940 praedic‘ti
436 885 546 926 bono
567 885 828 927 concessimus
845 913 859 936 ,
882 885 1067 928 Ministro
1093 883 1289 927 Generali

239 939 423 996 ejusdem
450 941 619 984 Ordinis
641 942 870 986 concedere
887 941 1152 994 facultatem,
1177 942 1292 984 ordi-

238 1000 362 1043 nandi
392 1002 587 1055 Capitula
601 1000 887 1056 sesquiennalia
903 1031 919 1052 ,
943 1001 1104 1043 sublatis
1119 1015 1291 1056 congre-

237 1059 473 1112 gationibus
498 1057 754 1100 intermediis
771 1055 986 1100 secundum
1001 1059 1290 1113 exigentiam...

235 1117 575 1159 Provinciarum.
605 1115 752 1157 Talem
781 1125 916 1157 autem
944 1116 1189 1169 exigentiam
1216 1119 1289 1158 de-

236 1171 362 1216 buiffe
378 1200 394 1223 ,
417 1175 457 1215 &
476 1172 630 1215 debere
643 1172 906 1216 determinari
927 1174 972 1216 ab
1000 1172 1145 1216 eodem
1165 1173 1288 1216 Mini-

235 1232 319 1275 stro
347 1230 547 1273 Generali
574 1261 589 1282 ,
623 1245 700 1273 non
728 1240 863 1274 autem
894 1231 915 1273 a
943 1231 1194 1275 Provinciis:
1223 1234 1286 1274 Ac

235 1289 366 1347 ipsum
383 1290 608 1333 Ministrum
634 1290 884 1333 Generalem
899 1287 1069 1346 potuisse
1082 1320 1097 1342 ,
1127 1292 1164 1332 ἃ
1181 1287 1285 1346 posse

235 1362 385 1403 cogere
409 1348 571 1391 easdem
598 1349 865 1398 Provincias,
892 1348 944 1391 ad
972 1350 1166 1405 Capit-‚sla
1182 1352 1284 1392 Pro-

236 1407 434 1452 vincialia
451 1407 503 1450 de
521 1407 753 1464 sesquianno
768 1408 807 1449 in
829 1406 1107 1462 sesquiannum
1123 1435 1137 1456 ,
1155 1408 1285 1449 subla-

235 1467 288 1508 tis
304 1467 700 1522 Congregationibus
715 1465 975 1507 intermediis
989 1495 1005 1516 ,
1019 1465 1283 1517 celebranda,

237 1534 361 1580 prout
376 1522 593 1566 secundum
609 1526 745 1568 datam
771 1522 839 1566 fibi
854 1525 875 1566 a
906 1525 1085 1566 Domino
1099 1524 1282 1580 pruden-

236 1586 336 1625 tiam
362 1611 377 1632 ,
414 1582 464 1625 ad
490 1583 841 1632 conservandum,
877 1581 1286 1636 promovendumque

235 1643 276 1684 in
301 1640 389 1694 ipfis
419 1641 647 1682 Provinciis
662 1639 863 1693 regularis
888 1638 1150 1680 observantiae
1170 1640 1285 1692 vigo-

233 1712 321 1742 rem
337 1725 352 1748 ,
375 1696 661 1752 tollendosque
675 1724 690 1747 ,
719 1699 744 1737 fi
759 1699 827 1752 qui
841 1694 1075 1750 irrepserint
1093 1726 1107 1747 ,
1137 1697 1282 1738 abusus

233 1754 434 1810 expedire
450 1755 489 1795 in
510 1756 686 1796 Domino
698 1753 944 1811 judicaverit
960 1782 972 1794 .
994 1757 1280 1798 Decernentes

231 1813 393 1860 easdem
425 1812 636 1868 praesentes
652 1813 791 1855 literas
814 1813 972 1870 semper
990 1813 1123 1857 firmas
1139 1842 1154 1865 ,
1181 1813 1284 1855 vali-

234 1874 306 1916 das
323 1900 338 1924 ,
366 1873 405 1913 δι
429 1870 614 1915 efficaces
639 1872 811 1915 existere
828 1901 842 1924 ,
864 1873 902 1914 &
934 1871 1022 1914 fore
1039 1900 1054 1924 ,
1077 1870 1282 1928 suosque.)

233 1931 439 1991 plenarios
458 1959 472 1982 ,
494 1932 730 1987 &integros
746 1931 909 1974 effeftus
924 1930 1058 1973 sortiri
1077 1959 1092 1982 ,
1118 1933 1158 1973 &
1171 1933 1281 1974 obti-

235 2004 336 2035 nere
352 2017 367 2040 ,
391 2003 438 2031 ac
454 1989 503 2031 ab
518 1988 600 2031 illis
617 2018 630 2041 ,
652 1989 702 2032 ad
716 2004 818 2046 quos
835 1989 986 2045 spectat
1002 2018 1016 2041 ,
1035 1991 1074 2031 &
1089 2004 1164 2046 pro
1177 2001 1282 2032 tem-

235 2063 339 2108 pore
353 2047 571 2103 spectabit,
586 2049 879 2092 inviolabiliter
893 2047 1128 2101 observari,
1148 2048 1280 2107 sicque

237 2111 276 2153 in
305 2105 500 2162 praemiffis
533 2119 606 2162 per
631 2107 888 2164 quoscunque
910 2107 1077 2163 judices
1118 2108 1281 2152 ordina—

236 2168 319 2211 rios
337 2195 353 2217 ,
385 2167 425 2207 &
451 2164 667 2221 delegatos
693 2195 707 2217 ,
735 2167 857 2210 etiam
885 2167 1107 2210 Causarum
1133 2167 1280 2210 Palatii

234 2223 463 2281 Apostolici
481 2225 705 2268 Auditores
732 2224 934 2281 judicari,
959 2241 1005 2269 ac
1031 2224 1192 2270 definiri
1207 2227 1282 2270 de-

235 2287 338 2327 bere
354 2310 369 2333 ,
394 2295 439 2323 ac
453 2282 612 2324 irritum
628 2311 642 2335 ,
665 2284 836 2326 &inane
848 2309 863 2333 ,
882 2282 908 2325 fi
922 2283 1018 2340 quid
1033 2283 1147 2326 secus
1164 2285 1282 2341 super

237 2342 303 2385 his
319 2341 551 2397 {iquoquam
572 2343 716 2398 qua-vis
733 2342 976 2385 auc'toritate
990 2341 1189 2393 scienter,
1217 2343 1282 2386 vel

235 2402 474 2455 ignoranter
499 2401 723 2455 contigerit
747 2402 971 2443 attentari.
1003 2404 1099 2442 Non
1125 2401 1281 2442 obstan·

235 2460 344 2503 tibus
357 2455 554 2515 praemiffis
572 2485 586 2507 ,
613 2472 659 2499 ac
675 2457 1040 2501 Constitutionibus
1057 2486 1071 2509 ,
1095 2460 1135 2500 &
1152 2458 1279 2500 Ordi-

237 2517 466 2562 nationibus
499 2515 743 2570 Apostolicis
769 2547 784 2567 ,
817 2530 893 2559 nec
926 2530 1004 2559 non
1029 2544 1045 2568 ,
1075 2528 1278 2573 quatenus

235 2591 341 2632 opus
359 2574 404 2617 sit
418 2602 432 2625 ,
455 2574 550 2616 disti
567 2574 730 2620 Ordinis
743 2604 757 2628 ,
773 2573 936 2633 ejusque
949 2576 1278 2629 Provinciarum,

236 2635 360 2678 etiam
388 2633 649 2690 juramento,
677 2634 983 2679 confirmatione
1013 2636 1277 2691 Apostolica,

237 2693 309 2735 vel
333 2692 471 2746 quavis
496 2688 686 2736 firmitate
711 2695 788 2737 alia
805 2694 1002 2737 roboratis
1019 2695 1209 2747 statutis,
1237 2698 1276 2738 δε

237 2748 598 2793 consuetudinibus
614 2778 628 2801 ‚
655 2752 879 2808 privilegiis
895 2767 1054 2809 quoque
1079 2754 1247 2797 indultis
1261 2784 1276 2807 ,

238 2811 279 2851 &
297 2808 450 2852 Literis
466 2809 708 2863 Apostolicis
733 2811 773 2853 in
791 2812 1040 2856 contrarium
1066 2812 1280 2869 praemisso-

239 2881 331 2911 rum
353 2867 666 2922 quomodolibet
691 2868 879 2913 conceffis
898 2899 912 2924 ,
935 2869 1184 2914 confirmatis
1199 2901 1213 2923 ,
1240 2875 1279 2915 &

238 2925 468 2970 innovatis.
505 2927 665 2983 Qibus
692 2929 877 2971 omnibus
894 2959 908 2982 ,
933 2931 973 2971 &
1002 2929 1162 2986 singulis
1189 2930 1280 2975 illo·

238 2999 329 3028 rum
357 2984 812 3039 tenores'praesentibus
840 3003 917 3044 pro
939 2989 1060 3044 plene
1076 3018 1091 3040 ,
1116 2991 1155 3032 δι
1171 2989 1279 3034 suffi-

238 3044 397 3087 cienter
411 3042 600 3099 expressis
618 3045 812 3089 habentes
828 3075 842 3097 ,
864 3048 945 3089 illis
960 3048 1056 3091 alias
1075 3050 1112 3090 in
1129 3048 1195 3091 suo
1210 3065 1278 3092 ro-

236 3104 338 3145 bore
367 3101 631 3156 permansuris
646 3132 660 3155 ,
680 3105 728 3147 acl
748 3105 1026 3160 praemifforum
1055 3108 1278 3152 effeetunt,

237 3163 312 3204 hac
330 3160 418 3203 vice
431 3160 630 3203 duntaxat
643 3190 658 3213 ,
674 3161 904 3219 specialiter
922 3166 1184 3222 ,&expresse
1200 3169 1275 3211 de-

239 3233 429 3274 rogamus
457 3250 472 3271 ,
517 3220 750 3278 caeterisque
779 3225 990 3266 contrariis
1032 3226 1275 3281 quibuscun-

241 3292 347 3333 que.
373 3279 572 3321 Volumus
589 3288 726 3323 autem
741 3309 756 3331 ,
779 3290 823 3323 ut
847 3282 1081 3325 earumdem
1107 3284 1277 3338 praesen-

242 3337 343 3377 tium
376 3338 603 3381 Literarum
647 3339 905 3394 transumptis
934 3369 948 3391 ‚
981 3339 1049 3382 seu
1080 3344 1277 3398 exemplis

244 3395 370 3435 etiam
387 3395 578 3450 impressis
592 3426 607 3450 ,
632 3412 749 3440 manu
767 3396 933 3454 alicujus
950 3399 1108 3441 Notarii
1125 3402 1276 3454 publici

242 3450 470 3515 subscriptis
485 3485 500 3505 ,
528 3458 567 3497 &
590 3456 721 3513 sigillo
745 3456 926 3500 Personae
941 3458 980 3499 in
1004 3457 1279 3503 Ecclefiassica

243 3508 449 3576 dignit-ate·
468 3515 688 3558 constitutae
714 3517 880 3558 munitis
909 3545 923 3568 ,
952 3516 1097 3559 eadem
1122 3519 1280 3572 prorsus

245 3566 345 3608 fides
369 3582 410 3609 in
436 3569 613 3625 judicio,
642 3576 682 3615 &
705 3585 820 3618 extra
837 3574 940 3618 illud
956 3576 1279 3629 habeatur,quae

244 3625 464 3669 haberetur
479 3629 567 3682 ipfis
583 3633 841 3685 praesentibus
863 3664 880 3686 ‚
911 3633 936 3676 fi
964 3634 1098 3677 forent
1123 3635 1282 3678 exhibi-

246 3691 294 3724 tae
309 3709 324 3732 ,
354 3684 419 3725 vel
441 3686 595 3730 ostensae
613 3719 625 3730 .

303 3744 453 3785 Datum
478 3743 615 3788 Romae
642 3749 747 3802 apud
776 3752 815 3793 S.
843 3753 1012 3796 Mariam
1040 3750 1278 3811 Maiorem,

932 180 1094 270 Sub
1153 179 1533 269 Clemente
1590 181 1693 269 X.

1347 298 1418 342 sub
1434 297 1598 341 Annulo
1613 294 1826 341 PiscatorIs
1840 293 1908 338 die
1921 306 2016 337 xxx.
2032 296 2135 340 Mar.
2150 301 2389 349 mmmmm,

1349 357 1613 404 Pontificatus
1627 357 1764 402 Nostri
1780 357 1902 400 Anno
1918 359 2046 399 Sexto
2059 382 2072 396 .

1973 475 2008 516 1.
2026 474 2077 515 G.
2097 471 2272 531 Sltfius.

1468 595 1596 638 Locus
1611 593 1667 650 ›1‹
1680 593 1839 650 sigilli.
2017 559 2019 562 ⁵

1408 712 1653 768 Autograpb.
1679 716 1722 754 in
1748 708 1869 755 Arch.
1898 711 2042 752 secret.
2073 714 2189 752 Brev.
2220 709 2396 768 Apostol.

1466 773 1560 825 ch.
1578 773 1706 813 Mart.
1718 772 1765 812 16
1771 770 1837 821 76.
1844 766 1999 828 fol-46.
2017 770 2061 810 dc
2081 783 2154 825 quo
2168 768 2396 827 Brevcfhr-

1463 838 1559 870 mat.
1576 831 1618 869 in
1633 830 1757 871 Arch.
1766 841 1857 885 gen.
1875 828 1970 870 ord.
1992 831 2094 871 Tom.
2107 830 2218 871 H-H.
2236 841 2276 871 n.
2293 839 2364 878 55.

1531 1058 1870 1097 VENERABims
1897 1060 1978 1097 DEI
2007 1062 2207 1101 suavus

1393 1158 2155 1214 INNOCENTIUS
2229 1163 2345 1211 XI.

1348 1276 1471 1319 Italus
1490 1303 1505 1327 ,
1534 1277 1564 1317 d
1590 1278 1698 1318 Novo
1711 1304 1730 1310 -
1746 1279 1859 1318 Coma
1879 1277 2060 1317 Ducatas
2097 1275 2392 1333 Mediolanensts

1405 1334 1752 1384 &bema-neamus
1771 1334 1993 1376 Cardinalis
2009 1333 2256 1391 Odefihalcus
2272 1344 2392 1376 antea

1404 1393 1526 1436 difft'us
1558 1397 1688 1436 Romae
1715 1407 1811 1435 xxt.
1843 1391 2075 1448 Septembris
2108 1407 2386 1436 MDCLxxvt.

1402 1456 1580 1493 Summus
1607 1451 1786 1508 Pontifi‘x
1814 1461 1965 1493 creatus
1986 1480 1996 1490 .
2025 1450 2137 1492 Obiit
2162 1465 2276 1494 xxxi.
2303 1452 2388 1502 ‘Ju—

1401 1510 1451 1551 lii
1477 1523 1738 1552 MDCLxxxrx.
1755 1508 1962 1565 pcssquam
1972 1508 2137 1566 sbdf‘ffl’t
2151 1513 2283 1551 Annos
2305 1523 2386 1552 xit.

1402 1570 1551 1619 Mcaefis
1576 1582 1615 1610 x.
1649 1571 1746 1610 Dies
1771 1583 1831 1610 xi.

1343 1695 1566 1743 Nicolao.
1592 1697 1640 1743 S.
1676 1698 1737 1745 R.
1769 1698 1824 1744 E.
1869 1693 2107 1744 Cardinali
2144 1696 2387 1762 Acciajolq

1377 1764 1655 1814 Protestoris
1691 1781 1854 1815 munus
1889 1760 2094 1815 confert.
2387 1767 2390 1770 ⁴

1342 1907 1379 1949 A
1394 1912 1511 1961 tergo
1523 1932 1535 1944 .
1582 1904 1736 1946 Dileb‘t'o
1752 1905 1857 1948 Filio
1873 1903 2012 1960 Nostro
2028 1905 2190 1947 Nicolao
2217 1909 2256 1948 S.
2275 1908 2324 1949 R.
2339 1909 2386 1950 Ε.

1519 1963 1728 2024 Cardinali
1749 1961 1948 2018 Acciajolo
1962 1972 2182 2018 nuncupato
2198 1992 2211 2005 .

1446 2095 1934 2172 INNOCENTIUS
1972 2097 2146 2146 PAPA
2182 2098 2278 2146 xl.

1346 2226 1498 2272 Dilee‘t‘c
1526 2225 1610 2270 Fili
1631 2223 1755 2284 noster
1784 2225 1958 2266 Salutem
1974 2251 1989 2276 ,
2012 2223 2066 2275 ὠ·
2081 2223 2379 2282 Apostolicam„

1694 2283 1998 2327 Benediffionem
2011 2312 2021 2324 .

1464 2406 1551 2447 UM
1567 2402 1738 2447 dilet‘tus
1755 2401 1858 2444 filius
1876 2401 2008 2443 noster
2020 2401 2193 2458 Jacobus
2208 2403 2247 2443 S.
2263 2397 2316 2442 R.
2329 2400 2386 2442 E.·

1473 2462 1703 2504 Cardinalis
1733 2461 1958 2515 Presbyter
1983 2460 2258 2515 Rospigliosus
2280 2472 2382 2499 nun-

1338 2529 1509 2575 cupatus
1538 2520 1702 2562 Ordinis
1721 2523 1913 2563 Fratrum
1936 2520 2144 2560 Minorum
2169 2516 2382 2559 S.Franci.

1337 2577 1390 2619 sci
1403 2578 1704 2633 Capucinorum
1726 2585 2073 2632 nuncupatorum,
2088 2573 2192 2631 apud
2208 2577 2321 2624 Nos,
2344 2574 2386 2614 δε

1338 2636 1487 2679 Sedem
1503 2637 1776 2693 Apostolicam
1790 2637 2004 2678 Proted‘tor
2017 2661 2032 2683 ,
2058 2633 2220 2676 muneri
2238 2635 2383 2676 Prote.

1336 2696 1456 2739 &oris
1470 2695 1694 2753 hujusmodi
1710 2696 1747 2738 in
1767 2694 1948 2740 manibus
1973 2691 2112 2735 nostris
2139 2691 2282 2747 sponte
2299 2717 2315 2740 ,
2344 2691 2385 2730 δι

1337 2753 1466 2798 libere
1493 2752 1678 2797 cesserit:
1711 2757 1797 2796 Nos
1828 2751 2048 2793 cessionem·
2065 2746 2292 2807 hujusmodi
2316 2748 2386 2789 ha-

1338 2827 1427 2857 rum
1458 2810 1558 2855 serie
1589 2811 1858 2854 admittentes
1881 2836 1895 2859 ,
1927 2808 2117 2864 dictoque
2149 2805 2296 2849 Ordini
2329 2805 2384 2848 de

1339 2872 1420 2916 alio
1456 2870 1605 2914 idoneo
1629 2871 1868 2914 ProteStore
1901 2865 2121 2924 providere
2163 2865 2350 2907 volentes
2366 2893 2382 2915 ,

1339 2947 1383 2975 ac
1403 2930 1455 2973 de
1467 2939 1544 2973 tuae
1557 2928 1919 2985 circumspestionis
1935 2924 2120 2980 singulari
2134 2923 2348 2981 prudentia
2363 2950 2380 2974 ,

1335 2990 1543 3040 domina,
1576 2988 1816 3044 integritate
1829 3015 1843 3037 ,
1866 2987 1906 3027 &
1922 2984 2147 3038 Religionis
2167 2981 2277 3047 Zelo
2289 2981 2379 3036 plu.

1337 3048 1482 3093 timum
1507 3049 1548 3090 in
1578 3048 1755 3091 Domino
1782 3043 1915 3088 confisi
1932 3072 1946 3095 ,
1979 3045 2095 3084 Motu
2112 3051 2280 3097 proprio
2304 3064 2318 3087 ,
2341 3038 2385 3078 &

1336 3124 1389 3152 ex
1404 3115 1517 3150 certa
1531 3104 1695 3149 scientia
1709 3133 1724 3156 ,
1753 3118 1799 3147 ac
1817 3111 1972 3144 matura
2000 3098 2296 3163 deliberatione
2311 3109 2382 3162 no.

1336 3168 1425 3211 stris
1442 3168 1504 3208 Te
1517 3193 1531 3216 ‚
1562 3179 1612 3207 ex
1631 3162 1743 3221 cujus
1754 3161 2005 3220 protectione
2019 3160 2071 3200 ob
2093 3168 2178 3199 tuas
2210 3168 2378 3198 eximias

1337 3229 1510 3271 virtutes
1534 3222 1733 3266 Ordinem
1760 3218 1990 3278 praedifium
2012 3216 2239 3281 plurimum·
2265 3226 2376 3256 com.

1340 3283 1449 3328 modi
1487 3281 1762 3338 suscepturum
1794 3276 1873 3322 esse
1904 3275 2170 3327 confidimus,
2201 3271 2380 3327 ejusdem

1339 3343 1505 3388 Ordinis
1521 3370 1535 3394 ,
1564 3341 1752 3398 illiusque
1766 3343 2054 3383 Conventuum
2075 3361 2091 3384 2
2120 3336 2159 3376 &
2191 3334 2380 3375 Fratrum

1337 3415 1669 3461 quorumcunque
1690 3399 1795 3457 apud
1813 3399 1900 3440 Nos
1912 3426 1928 3447 ‚
1955 3392 2278 3449 &Apostolicam
2305 3392 2383 3432 Se-

1337 3463 1434 3505 dem
1450 3463 1730 3505 Protefftorem
1747 3487 1760 3511 ‚
1793 3470 1885 3499 cum
1915 3451 2100 3498 omnibus
2128 3449 2350 3495 honoribus
2367 3476 2384 3500 ,

1338 3524 1379 3562 δι
1406 3520 1595 3563 oneribus
1611 3518 1765 3568 solitis,
1790 3517 1828 3558 &
1854 3510 2053 3555 consuetis
2085 3511 2135 3553 ad
2156 3509 2233 3553 Tui
2254 3509 2380 3551 vitam

1338 3580 1593 3623 Aud'toritate
1607 3579 1642 3618 A
1649 3573 2002 3631 postolica,tenore
2022 3569 2271 3626 praesentium
2287 3565 2386 3608 faci-

1340 3652 1427 3681 mus
1442 3667 1456 3691 ,
1478 3638 1516 3678 &
1538 3636 1776 3688 deputamus
1793 3659 1805 3671 .
1827 3630 2024 3672 Volumus
2051 3641 2187 3672 autem
2202 3657 2216 3679 ,
2247 3636 2289 3669 ut
2305 3627 2384 3691 Or:-

1345 3696 1482 3739 dinem
1502 3691 1707 3750 praefatum
1740 3687 1903 3740 foveas,
1937 3691 2206 3746 &protegas,
2236 3701 2280 3728 a:
2310 3682 2382 3723 tibt

1344 3755 1382 3797 in
1419 3755 1568 3797 virtute
1592 3753 1742 3794 Sanstae
1763 3748 2018 3792 ObedIentiae
2046 3749 2276 3846 mandargus
2304 3769 2316 3791 ²
2338 3745 2382 3779 ut

2229 3813 2324 3856 upe-
