2658 4244
341 206 496 292 184

884 191 1047 280 Sub
1087 193 1514 281 ὰ[ἴθηειιίἱὲἵο
1578 191 1793 280 XIII.

260 309 636 365 sci(:apucinorum
671 318 998 366 nuncupatorum
1017 341 1030 363 ,
1063 311 1129 366 qui
1162 311 1261 353 olim
1292 310 1313 353 εὶ
1374 315 1508 356 Porro
1533 313 1818 355 recitationem
1841 305 2004 357 Officii,
2035 311 2075 350 δε
2101 309 2219 356 Missae
2234 312 2419 357 celebra-

261 366 337 410 suis
359 369 644 424 Superioribus
662 368 933 428 Regularibus
966 372 1004 412 in
1039 369 1314 414 Praefectum
1374 372 1527 414 tionem
1558 370 1786 427 hujusmodi
1812 367 1898 410 fieri
1932 367 2198 411 concedimus
2223 373 2420 416 duntaxat

260 430 478 471 Sacrarum
495 427 719 471 Miffionum
735 457 749 480 a
776 444 858 486 quae
875 430 915 473 in
933 431 1115 486 partibus
1135 432 1305 474 Rhaeto—

258 501 347 529 rum
362 517 375 538 ,
394 489 646 532 authoritate
659 503 710 531 eo
728 501 915 546 tempore
931 489 1187 535 existentium
1201 488 1305 545 ejus-

259 546 351 589 dem
378 550 417 588 S.
436 550 487 590 R.
509 549 556 589 E.
575 549 855 592 Cardinalium
879 551 1052 607 negotiis
1075 552 1303 604 Propagan-

258 604 317 647 dae
352 605 464 649 Fidei
497 607 802 663 Praepositorum
818 620 916 651 tunc
930 611 1100 665 primum
1114 609 1302 650 institutae

261 661 424 706 fuerant
441 695 454 717 ‚
471 665 709 719 destinatus,
724 669 868 710 cumin
885 669 961 710 hoc
976 681 1143 712 munere
1159 670 1298 710 Haere-

258 725 439 767 ticorum
469 726 720 769 conversioni
739 729 954 779 eximiam,
982 723 1296 781 indefessamque

255 797 426 839 operam
442 795 639 836 navaret,
670 788 718 827 ab
740 787 785 828 iis
811 787 920 827 vario
948 787 1127 828 telorum
1147 797 1301 838 genere

253 841 293 883 in
314 842 455 884 odium
473 844 590 899 ipsius
608 844 724 887 Fidei
739 844 963 888 Catholicae
978 859 1082 887 anno
1099 855 1299 885 Mocxxii.

253 901 482 945 crudeliter
502 903 731 946 trucidatus
749 932 763 955 ,
785 903 960 959 palmam
975 902 1166 956 Martyrii
1182 914 1302 943 acce-

251 958 349 1016 pisse
376 960 647 1013 asserebatur,
683 978 727 1005 ac
755 962 869 1018 super
888 961 1002 1017 signis
1021 991 1033 1012 ‚
1066 959 1262 1016 prodigiis
1282 987 1297 1008 ‚

250 1021 291 1060 δε
328 1021 529 1064 miraculis
553 1053 568 1073 ‚
598 1036 684 1078 quae
708 1020 757 1062 ad
784 1020 1108 1063 manifestandam
1146 1015 1300 1059 mundo

251 1077 414 1122 finalem
442 1079 546 1122 illius
574 1079 925 1133 perseverantiam
944 1079 964 1118 a
987 1082 1075 1119 Deo
1090 1075 1228 1127 edita,
1259 1076 1298 1115 &

248 1146 409 1191 patrata
424 1134 535 1179 fuiffe
549 1137 814 1190 dicebantur-3
834 1136 1018 1191 praedieta
1053 1139 1298 1190 Congrega-

249 1195 309 1236 tio
336 1196 618 1237 Cardinalium
642 1210 780 1239 coram
804 1195 930 1238 Nobis
945 1194 1162 1237 constituta
1181 1221 1195 1244 ,
1227 1207 1299 1236 au-

246 1252 344 1295 ditis
361 1255 483 1296 etiam
510 1254 801 1297 Consultorum
831 1253 1061 1309 Suffragiis,
1096 1251 1297 1294 censuerit

247 1310 355 1368 posse
374 1339 387 1362 ,
418 1313 741 1372 quandocunque
758 1313 885 1356 Nobis
903 1313 1115 1356 videretur
1132 1342 1147 1363 ,
1185 1313 1294 1353 Eun-

247 1369 343 1413 dem
372 1372 449 1413 Dei
478 1377 653 1416 Servum
682 1373 843 1430 publice
870 1374 1041 1415 Beatum
1069 1370 1290 1428 nuncupari

249 1443 343 1472 cum
358 1428 483 1472 solitis
498 1431 666 1475 indultis
685 1463 696 1474 .

306 1490 414 1531 Hinc
429 1491 484 1533 est
500 1519 514 1541 ‚
546 1492 654 1546 quod
672 1495 758 1534 Nos
775 1491 850 1546 piis
867 1519 882 1540 ‚
905 1498 1027 1544 atque
1043 1487 1171 1530 enixis
1182 1488 1297 1529 Cha-

247 1546 380 1590 rissimi
404 1548 446 1591 in
471 1548 633 1591 Christo
660 1549 752 1591 Filii
776 1548 909 1591 Nostri
927 1546 1071 1590 Caroli
1086 1543 1296 1600 Hispania·

245 1620 338 1649 rum
355 1608 592 1659 Catholici,
625 1610 664 1649 &
681 1610 964 1649 Romanorum
988 1605 1114 1656 Regis
1143 1604 1181 1643 in
1211 1606 1296 1643 Im·-

245 1675 481 1720 peratorem
497 1666 615 1707 electi
630 1693 644 1714 ‚
676 1667 715 1704 &
729 1662 973 1707 Charisiimae
993 1663 1032 1703 in
1050 1661 1211 1702 Christo
1228 1660 1294 1701 Fi-

245 1723 308 1764 liae
337 1721 492 1764 Nostrae
521 1722 761 1764 Elisabethae
792 1721 1004 1764 Christinae
1054 1717 1294 1760 earumdem

245 1777 528 1835 Hispaniarum
547 1780 775 1823 Catholicae
790 1809 805 1830 ,
838 1795 884 1822 ac
902 1782 1186 1822 Romanorum
1213 1778 1294 1819 Re.

244 1839 345 1896 ginae
359 1868 372 1890 ‚
388 1837 476 1897 ejus
494 1838 709 1897 Conjugis‚
729 1853 888 1881 necnon
907 1836 1217 1881 Venerabilium
1232 1836 1300 1877 iti-

243 1899 339 1941 dem
355 1900 545 1953 Fratrum
561 1900 802 1942 Nostrorum
822 1898 995 1953 negotiis
1028 1894 1301 1952 Propagandae

245 1957 360 2003 Fidei
379 1957 611 2015 hujusinodi
638 1956 976 2013 Praepositorum‚
1007 1955 1300 2010 aliorumque-2

216 2055 229 2071 ,
245 2016 358 2058 die'tae
377 2019 417 2059 S.
435 2019 489 2060 R.
506 2020 556 2060 Ε.
573 2016 850 2060 Cardinalium
876 2045 891 2066 ‚
924 2029 969 2058 ac
999 2014 1300 2072 quamplurium

245 2076 478 2119 Germaniae
505 2076 744 2120 Antistitum
762 2103 775 2125 ‚
805 2077 844 2116 &
873 2078 1125 2123 Procerum,
1160 2071 1303 2114 totius'-

245 2148 326 2190 que
342 2136 496 2187 praefati
527 2135 692 2177 Ordinis
722 2137 912 2177 Fratrum
945 2134 1150 2176 Minorum
1165 2131 1300 2178 Sanffi

245 2193 448 2237 Francisci
465 2194 803 2249 Capucinorum‚
835 2194 875 2233 ὃς
892 2193 1137 2235 nominatim
1169 2191 1302 2233 Maxi-

243 2251 404 2295 miliani
418 2254 440 2294 Ξι
454 2255 708 2310 Wanghena‚
723 2251 903 2311 ejusdem
919 2251 1085 2294 Ordinis
1099 2247 1299 2294 Professo-

245 2311 327 2362 ris,
358 2310 550 2367 hujusque
574 2312 712 2354 Caus‘ae
743 2311 1006 2355 Postulatoris
1036 2309 1299 2364 supplicatio-

244 2370 360 2412 nibus
375 2398 390 2421 ,
413 2370 545 2412 Nobis
560 2400 574 2422 ‚
604 2372 644 2412 &
662 2371 754 2412 huic
782 2372 931 2412 Sanctae
952 2367 1048 2411 Sedi
1071 2367 1189 2424 super
1219 2367 1297 2408 hoc

245 2429 459 2472 humiliter
482 2431 676 2483 porrectis
706 2427 880 2484 benigne
909 2427 1124 2478 inclinati,
1155 2427 1208 2468 de
1235 2424 1297 2468 su-

243 2487 434 2545 pradistae
446 2490 791 2543 Congregationis
807 2486 1091 2538 Cardinalium
1106 2484 1269 2527 consilio
1281 2514 1297 2535 ,

242 2549 281 2590 ὃς
298 2545 471 2598 assensu,
488 2548 750 2590 Austoritate
766 2546 991 2603 Apostolica
1008 2575 1022 2597 ,
1037 2556 1181 2588 tenore
1197 2557 1296 2599 prae-

247 2604 419 2648 sentium
448 2607 733 2663 indulgemus,
765 2617 807 2647 ut
830 2605 1017 2662 praefatus
1037 2609 1185 2648 Servus
1214 2606 1295 2646 Dei·

244 2666 470 2708 FIDELIS
499 2667 538 2705 A
570 2668 942 2709 SIGMARINGA
983 2667 1022 2708 in
1053 2665 1296 2722 posterum...

246 2725 418 2767 BEATI
434 2723 596 2766 nomine
611 2736 866 2780 nuncupetur
884 2753 898 2775 ,
921 2724 1085 2782 ejusque
1101 2727 1261 2778 Corpus
1276 2752 1293 2773 ‚

247 2783 287 2823 &
314 2781 513 2836 Reliquiae
528 2784 786 2827 venerationi·
802 2782 984 2827 fidelium
1016 2783 1287 2842 (nontamen

246 2841 290 2883 in
320 2839 632 2896 processionibus
660 2841 1040 2901 circumferendae)
1081 2855 1291 2898 exponan-

245 2909 313 2942 tul'
331 2926 345 2950 2
375 2900 577 2953 Imagines
602 2916 762 2959 quoque
790 2902 910 2946 radiis
927 2931 940 2954 ,
971 2901 1036 2946 seu
1061 2899 1291 2957 splendori-

243 2959 321 3001 bus
338 2969 588 3000 exornentur
600 2989 615 3010 ,
651 2976 695 3003 ac
711 2962 764 3004 de
778 2976 830 3004 eo
843 2961 1060 3018 quotannis
1074 2960 1141 3003 die
1156 2958 1290 3002 felicis

245 3016 334 3073 ejus
353 3014 538 3060 transitus
552 3047 567 3067 ,
584 3017 652 3061 seu
670 3020 744 3063 alia
757 3022 825 3065 die
852 3036 930 3064 non
947 3020 1161 3077 impedita,
1179 3018 1295 3062 illam

249 3075 490 3119 immediate
517 3074 736 3132 sequenti,
768 3081 969 3125 recitetur
997 3079 1189 3124 Officium
1210 3107 1224 3130 ‚
1254 3080 1295 3121 &

245 3133 358 3179 Missa
385 3135 622 3199 celebretur
646 3136 698 3179 de
714 3142 930 3182 Communi
961 3142 1080 3182 unius
1097 3138 1293 3193 Martyris

245 3193 356 3253 juxta
372 3194 573 3239 Rubricas
587 3197 784 3242 Breviarii
797 3226 815 3247 ,
846 3201 886 3241 &
901 3197 1062 3242 Missalis
1086 3199 1266 3242 Romani
1283 3226 1294 3239 .

967 3328 1239 3395 ΝΟ

1367 431 1405 473 in
1430 429 1632 474 Universo
1661 429 1821 474 Ordine
1850 427 2059 470 Minorum
2074 429 2204 472 sancti
2223 431 2417 476 Francisci

1366 491 1668 545 Capucinorum
1699 488 1906 543 utriusque
1935 484 2062 530 Sextis
2088 515 2103 538 ,
2134 501 2254 544 quem
2277 489 2421 534 idem..›

1366 550 1445 590 Dei
1472 552 1621 593 Servus
1649 547 1850 602 Martyrio
1875 544 2125 598 illustravit,
2157 547 2195 588 in
2219 545 2312 588 loco
2332 547 2420 594 ἀι..

1363 608 1618 664 Sigmaringa
1650 605 1846 651 Dioecefis
1872 606 2160 650 Constantien.
2194 606 2418 650 Provincia

1359 667 1590 722 Moguntin.
1608 695 1621 719 ,
1654 668 1691 708 in
1709 681 1789 723 quo
1806 675 1922 708 natus
1947 665 2005 708 est
2018 695 2034 717 ,
2067 666 2106 707 in
2121 663 2284 721 Oppido
2299 692 2313 715 ,
2350 665 2423 706 Ci-

1357 726 1488 768 vitate
1514 736 1775 780 nu11cupat0,
1808 724 1997 780 Friburgi
2019 726 2138 767 dietae
2169 721 2368 766 Dioecefis
2398 750 2418 775 ,,

1363 784 1432 826 ubi
1446 783 1995 840 RegularemProfeffionem
2013 784 2145 827 emisit
2161 811 2176 834 ,
2207 782 2418 838 diuque-2

1365 843 1544 884 versatus
1573 841 1680 893 fuit,
1714 841 1752 884 in
1783 843 1966 886 Civitate
1990 839 2165 886 Canen.
2196 842 2264 887 ubi
2303 841 2420 897 ipsius

1363 903 1526 954 Corpus
1545 931 1558 951 ,
1590 916 1635 943 ac
1655 905 1762 954 Pago
1790 902 2052 945 Veldkirchii
2072 901 2276 945 Curiensis
2297 900 2418 942 Dioe-

1360 959 1456 1000 cefis
1471 988 1485 1011 ‚
1515 959 1582 1002 ubi
1613 957 1697 1012 ejus
1714 960 1908 1000 Granium
1931 988 1943 1010 ,
1975 961 2197 1016 respective
2214 959 2419 1003 asservan-

1359 1027 1426 1058 tur
1443 1046 1457 1068 ‚
1488 1019 1537 1059 ab
1555 1017 1743 1058 omnibus
1764 1016 1969 1072 utriusque
1999 1018 2124 1061 Sexus
2157 1016 2420 1061 Christifide-

1360 1077 1470 1119 libus
1498 1087 1582 1117 tam
1611 1074 1877 1117 Saecularibus
1896 1101 1910 1124 ,
1943 1075 2062 1131 quam
2098 1077 2388 1130 Regularibus‘
2406 1105 2418 1117 .

1359 1137 1424 1190 qui
1442 1134 1489 1177 ad
1509 1136 1624 1177 horas
1641 1135 1871 1177 Canonicas
1889 1145 2084 1178 tenentur
2099 1165 2114 1186 ,
2147 1135 2185 1175 &
2216 1135 2414 1192 quantum

1359 1194 1407 1236 ad
1427 1191 1558 1236 Missas
1573 1193 1751 1242 attinet,
1783 1198 1908 1235 etiam
1933 1193 1982 1234 ab
2003 1194 2189 1236 omnibus
2214 1194 2417 1237 Sacerdo-

1358 1255 1466 1296 tibus
1493 1252 1543 1295 ad
1572 1252 1769 1294 Ecclesias
1786 1281 1801 1304 ,
1835 1252 1874 1293 in
1891 1252 2032 1309 quibus
2060 1253 2218 1296 Festum
2242 1267 2417 1310 perage-

1356 1324 1426 1356 tur
1441 1341 1453 1362 ,
1487 1311 1792 1355 confluentibus
1813 1339 1824 1352 .

1415 1375 1616 1414 Praeterea
1642 1370 1771 1427 primo
1795 1370 1994 1412 duntaxat
2012 1385 2115 1414 anno
2131 1370 2150 1412 εὶ
2169 1369 2276 1415 datis
2304 1371 2415 1415 hisce

1358 1431 1516 1482 literis,
1548 1433 1585 1472 &
1611 1428 1744 1486 quoad
1770 1427 1907 1471 Indias
1936 1430 1957 1471 a
1982 1429 2051 1472 die
2068 1459 2082 1482 ‚
2113 1439 2194 1485 quo
2225 1431 2417 1473 eaedem.›

1357 1490 1596 1532 literaeilluc
1614 1489 1883 1543 pervenerint
1909 1518 1923 1540 ,
1955 1489 2243 1531 inchoandoin
2266 1492 2419 1534 Eccle-

1357 1547 1416 1589 fiis
1438 1547 1604 1590 Ordinis
1631 1576 1646 1597 ‚
1683 1546 1783 1590 Loci
1805 1574 1820 1595 ,
1854 1548 2007 1601 Oppidi
2038 1573 2051 1596 ,
2096 1549 2294 1590 Civitatis
2320 1579 2336 1599 ,
2380 1551 2420 1591 &

1357 1608 1455 1660 Pagi
1473 1600 1726 1661 praefatorum
1744 1604 1948 1646 solemnia
1966 1603 2281 1648 Beatificationis
2298 1605 2418 1663 ipsius

1356 1664 1473 1706 Servi
1507 1660 1586 1703 Dei
1617 1675 1710 1702 cum
1733 1660 1881 1700 Officio
1900 1690 1914 1710 ‚
1945 1665 1985 1702 ες
2015 1661 2126 1703 Miffa
2152 1664 2223 1706 sub
2239 1666 2322 1707 ritu
2343 1666 2422 1708 du-

1356 1722 1452 1777 plici
1470 1717 1772 1776 majori,die‚ab
1788 1718 2020 1759 Ordinariis
2037 1718 2261 1773 respective
2277 1725 2422 1765 consti-

1361 1791 1479 1830 tuta,
1512 1777 1714 1833 postquam
1741 1776 1934 1818 tamenin
1954 1776 2135 1820 Ecclesia
2168 1781 2419 1825 Lateranen.

1362 1839 1414 1881 de
1445 1838 1558 1882 Urbe
1585 1836 1795 1879 celebrata
1822 1833 1976 1877 fuerint
2003 1836 2148 1878 eadem
2179 1839 2387 1883 solemnia
2405 1869 2419 1894 ‚

1363 1913 1437 1955 pro
1455 1913 1530 1954 qua
1554 1911 1598 1938 re
1613 1896 1722 1939 diem
1743 1897 1900 1937 XXIV.
1918 1897 2126 1938 currentis
2151 1899 2292 1940 menfis
2308 1902 2420 1942 Mar-

1362 1959 1408 2000 tii
1422 1956 1658 2011 affignamus
1674 1984 1688 2005 ,
1722 1956 1875 2009 pariter
1891 1954 2137 1997 celebrandi
2165 1955 2332 2000 facimus
2345 1973 2422 2016 po-

1364 2018 1552 2060 testatem
1573 2043 1584 2056 .

1425 2079 1517 2119 Non
1535 2073 1783 2117 obstantibus
1799 2072 2167 2116 Constitutionibus
2182 2101 2196 2125 ,
2227 2076 2267 2117 δι
2286 2074 2415 2118 Ordi-

1363 2135 1597 2179 nationibus
1623 2131 1871 2189 Apostolicis
1890 2164 1904 2184 ,
1938 2146 1984 2174 ac
2004 2133 2196 2175 Decretis
2220 2134 2266 2175 de
2286 2148 2414 2180 nom,

1362 2197 1474 2238 cultu
1516 2192 1638 2236 editis
1655 2221 1669 2245 ,
1712 2191 1945 2250 caeterisque
1989 2194 2201 2236 contrariis
2243 2193 2413 2251 quibus-

1362 2267 1548 2309 cunque.

1419 2313 1622 2356 Volumus
1650 2319 1816 2361 autem,
1845 2322 1891 2355 ut
1920 2309 2089 2365 ipsarum
2116 2310 2411 2367 patientium.»

1362 2372 1571 2414 literarum
1596 2370 1877 2426 transumptis,
1908 2370 1975 2411 seu
1992 2370 2216 2426 exemplis,
2250 2372 2414 2414 etiam.)

1360 2428 1554 2488 impreffis
1569 2459 1582 2481 ,
1612 2444 1735 2472 manu
1751 2429 1972 2474 Secretarii
1989 2429 2100 2474 dictae
2112 2431 2416 2487 Congregatio-

1361 2492 1420 2533 nis
1450 2489 1735 2531 Cardinalium
1766 2487 2021 2543 subscriptis,
2052 2491 2092 2529 &
2116 2489 2246 2544 sigillo
2266 2490 2418 2532 Praes‘e-

1358 2550 1408 2592 eti
1434 2547 1617 2605 ejusdem
1630 2547 1974 2603 congregationis
2002 2549 2166 2589 munitis
2183 2577 2196 2598 ,
2229 2548 2414 2591 eadem-³

1358 2606 1519 2662 prorsus
1535 2605 1637 2650 fides
1651 2606 1700 2649 ab
1714 2607 1902 2650 omnibus
1918 2635 1933 2656 ,
1966 2607 2004 2648 8(
2020 2606 2174 2662 ubique
2188 2635 2203 2658 ,
2236 2618 2318 2649 tam
2340 2608 2411 2658 in„

1355 2667 1537 2725 judicio,
1568 2670 1687 2722 quam
1705 2675 1820 2709 extra
1841 2665 1940 2708 illud
1960 2665 2161 2708 habeatur
2175 2695 2189 2717 ‚
2221 2681 2308 2722 quae
2325 2667 2414 2723 ipfis

1356 2725 1612 2785 praesentibus
1631 2725 1854 2769 haberetur
1870 2754 1884 2776 ,
1912 2725 1939 2765 ss
1959 2722 2095 2767 forent
2111 2726 2300 2768 exhibitae
2314 2753 2328 2775 ,
2344 2725 2413 2768 ve!

1354 2784 1542 2831 ostensae.
1576 2788 1728 2827 Datum
1753 2788 1893 2827 Romae
1923 2782 2031 2837 apud
2067 2787 2107 2824 S.
2140 2785 2308 2825 Petrum
2339 2785 2412 2826 sub

1352 2845 1516 2891 Annulo
1530 2841 1741 2885 piscatoris
1760 2843 1837 2885 Die
1861 2854 1964 2886 xrr.
1992 2841 2132 2883 Martii
2159 2855 2409 2887 mcccxxtx.

1353 2901 1620 2951 pontificatus
1637 2901 1773 2945 Nostri
1789 2903 1909 2945 Anno
1930 2900 2091 2958 Qinto
2103 2929 2115 2941 .

1830 3020 1879 3063 F.
1914 3018 2032 3062 Card.
2065 3019 2263 3064 Oli-verius
2275 3050 2289 3062 .

1394 3136 1577 3196 exemp.
1613 3137 1796 3196 imprqffa
1820 3137 1870 3184 ὅ·
1889 3135 2068 3180 authent.
2093 3139 2136 3180 in
2163 3136 2285 3181 Arch.
2309 3151 2403 3194 gen.

1475 3201 1572 3244 0νᾶ.
1589 3203 1691 3246 Tom.
1704 3201 1752 3241 L.
1767 3209 1872 3241 num.
1885 3204 1953 3255 52.

1372 3329 1675 3395 TA.

344 3471 459 3508 Odem
481 3485 576 3510 anno
600 3474 741 3512 facultas
762 3475 928 3512 Officium
942 3498 955 3519 ,
974 3472 1010 3510 8(
1036 3471 1171 3510 Missam
1198 3474 1240 3509 de
1266 3475 1306 3510 B.
1321 3474 1478 3523 Martyre
1495 3475 1629 3512 dicendi
1644 3474 1687 3512 ad
1702 3476 1870 3514 Ordinem
1888 3469 2038 3509 nostrum
2055 3493 2070 3515 ‚
2092 3470 2287 3521 &expreffa
2301 3474 2336 3510 in
2348 3475 2398 3512 su-

352 3520 525 3568 praposito
553 3523 757 3572 Diplomate
782 3526 859 3561 loca
879 3523 1030 3562 restrifta
1046 3547 1060 3568 ‚
1084 3521 1130 3559 ad
1156 3532 1268 3558 totum
1289 3524 1458 3561 Ordinem
1488 3525 1741 3562 Minoritanurn
1766 3525 1830 3561 fuit
1851 3517 1990 3560 extensa
2025 3519 2175 3569 sequenti
2215 3524 2368 3562 Decrero
2387 3547 2398 3559 .

752 3634 1170 3677 ORDINIS
1232 3632 1883 3678 s.FRANCISc1.

350 3741 448 3799 vsi!-
474 3754 515 3781 ex
536 3755 635 3794 parte
660 3747 793 3786 “Patris
824 3748 884 3787 Fr.
906 3749 1150 3789 Maximiln‘am'
1174 3750 1196 3786 ἂ
1220 3746 1424 3795 Wanghena
1461 3751 1610 3789 Ordinis
1647 3748 1828 3787 Minorum
1856 3747 2110 3800 Capacinornm
2136 3749 2255 3788 Sanfli
2283 3746 2390 3784 Fran-

362 3790 468 3840 C¹J⁶¹2
492 3793 535 3842 &f
572 3796 688 3844 Causae
727 3799 1013 3837 canonizationis
1054 3798 1249 3837 “B-Fidelis
1270 3803 1291 3838 ἂ
1316 3803 1544 3852 Sigmaringa
1569 3796 1874 3849 Postulatorispro
1901 3801 2086 3850 extenfione
2122 3799 2240 3848 Officii
2260 3795 2390 3846 praedt‘·

2295 3843 2337 3878 fia·
