2658 4244
359 226 449 311 38
931 211 1094 298 Sub
1159 214 1507 329 Gregorio
1569 209 1784 300 XIII.

362 325 572 361 Emanarunt
596 324 732 373 insuper
744 325 817 362 duo
836 326 997 365 Mandata
1015 328 1220 377 Apostolica
1231 355 1244 375 ‚
1269 343 1346 366 cum
1371 329 1593 368 invocatione
1608 330 1739 367 brachii
1757 329 1933 368 Saecularis
1947 323 2076 363 dii-ean
2088 318 2131 361 id
2146 323 2424 372 Angustissimum

269 379 515 431 imperatorem
528 398 542 417 ,
565 375 601 412 8<
627 375 804 423 quoslibet
822 376 994 414 Dominos
1006 381 1216 425 temporales
1231 403 1244 423 ‚
1272 391 1330 426 per
1343 391 1418 426 quae
1430 381 1565 416 Fratres
1580 380 1771 428 S.Joannis
1785 379 1827 414 de
1841 380 1921 415 Deo
1934 400 1948 419 ,
1971 387 2011 410 ac
2039 385 2157 410 ornnes
2172 377 2233 413 aiii
2247 400 2260 420 ,
2288 378 2425 413 Habitu

268 426 452 471 Capucmo
475 423 661 460 abutentes
674 446 687 467 ‚
707 424 933 462 mediantibus
943 426 1033 474 juris
1052 428 1211 465 remediis
1226 452 1239 473 ,
1259 429 1358 464 etiam
1378 427 1603 467 carceratione
1613 454 1627 473 ,
1648 429 1683 470 &
1698 426 1879 475 pignorum
1889 423 2064 461 ablatione
2073 447 2088 468 5,
2115 422 2159 459 ad
2173 423 2426 464 observantiam

267 475 325 509 Co
333 472 568 507 nstitutiouum
598 471 856 509 Pontificiarum
870 497 884 517 ‚
913 476 1142 512 Decretorum
1157 477 1225 513 &c.
1257 477 1300 512 de
1326 487 1394 511 non
1421 478 1594 524 portando
1620 478 1879 524 Capucinorum
1900 473 2034 510 Habitu
2048 495 2061 516 ‚
2088 471 2147 507 vel
2163 470 2275 508 eidem
2300 471 2400 508 fimili
2407 497 2425 519 ,

268 521 520 574 adstringuntur
534 546 544 556 .
571 521 720 556 Primum
746 518 811 558 fuit
839 524 1030 559 relaxatum
1050 537 1166 560 coram
1181 534 1262 561 tunc
1279 526 1326 564 R.
1347 524 1384 560 P.
1402 527 1450 562 D.
1473 525 1656 573 Alphonso
1671 524 1914 562 Vice—Comite
1930 547 1943 566 ‚
1957 523 2230 561 Locumtenente
2249 532 2327 556 tunc
2344 521 2427 557 illu-

270 569 414 606 striffimi
431 593 443 613 ‚
467 569 502 605 &
517 570 615 606 Reve
623 570 800 606 rendiffimi
819 573 865 606 D.
885 573 1075 616 Augustini
1092 573 1219 609 Cusani
1232 572 1416 611 Auditoris
1432 574 1616 612 Generalis
1633 576 1698 612 &c-
1723 585 1786 621 per
1803 572 1879 609 afta
1895 569 2028 608 Cinthii
2040 568 2150 606 Gellii
2164 568 2258 605 ἰΙΙὶιις
2273 567 2423 605 Notati?

269 618 331 654 sub
354 617 440 658 X11.
473 619 562 662 Maii
588 619 891 661 MDXXxvln..
919 621 1064 659 §edente
1082 622 1120 659 S.
1138 634 1238 659 mem.
1253 622 1357 659 Sixto
1373 622 1421 658 V.
1434 625 1544 659 Anno
1566 623 1641 671 ejus
1699 634 1797 660 uarto
1811 649 1820 658 .
2410 648 2413 653 -

371 667 529 702 Alterum
544 678 657 703 autem
669 692 681 711 ‚
704 679 818 704 coram
839 679 919 705 tunc
933 670 977 705 R.
993 671 1032 706 P.
1050 671 1096 706 D.
1112 671 1266 718 A.Justo
1278 695 1290 714 ,
1306 672 1574 707 Locumtenente
1586 682 1664 710 tunc
1679 670 1850 709 illustriss.
1863 694 1876 715 ‚
1888 672 1923 708 &
1942 666 2183 706 Reverendiss.
2202 665 2343 702 Domini
2360 665 2430 702 Ca·-

269 716 359 753 mini
371 714 543 759 Burghefii
554 741 567 760 ‚
579 715 702 763 pariter
717 716 899 754 Auditoris
909 718 1062 756 Camerae
1072 718 1139 757 sce,
1153 731 1214 766 per
1225 718 1299 754 aesta
1312 719 1422 754 Marci
1436 720 1582 756 Antonii
1596 720 1707 766 Bruti,
1717 721 1809 757 illius
1823 720 1966 756 Notarii
1984 718 2050 754 &c-
2061 715 2155 766 quod
2166 715 2220 751 hic
2236 714 2431 764 copialiter,

269 777 338 810 sam
352 776 417 814 prp
431 763 589 810 pleniore
603 764 760 808 afiorum
775 766 951 821 memoria,
963 770 1065 814 quam
1078 777 1143 814 pro
1155 766 1304 805 finnlore
1318 766 1407 814 juris
1419 768 1677 808 manutentione
1692 769 1849 814 extendi,
1861 764 2251 814 consultumjudicatum
2265 763 2334 803 est,

579 872 1274 941 MANDATUM
1344 875 2128 946 EXECUTIVUM

874 1006 1006 1051 Cum
1037 1004 1329 1052 invocatione
1363 998 1543 1050 Brachii
1571 999 1832 1052 Saecularis,

267 1126 315 1213 I
332 1124 544 1175 Nvic‘iiffimo
559 1148 571 1168 ‚
585 1125 628 1166 ἐρ’
643 1123 884 1173 Ῥοῑεκτὶβῐγηο
898 1126 1077 1176 Rudolpho
1093 1130 1136 1164 ab
1152 1127 1312 1178 Austr5a,
1326 1126 1559 1162 Romanorum
1573 1124 1778 1172 Imperatori
1790 1126 1886 1163 eleeto
1899 1149 1911 1168 ‚
1919 1125 2051 1173 fimper
2065 1123 2220 1175 Augusto
2234 1148 2247 1168 ‚
2272 1134 2311 1160 ac
2330 1122 2357 1159 S
2359 1122 2433 1158 ere:

277 1216 280 1219 .
341 1175 463 1224 nIffimo
477 1198 491 1217 ,
514 1174 557 1214 ὠ*
585 1170 761 1209 Catholico
775 1174 1032 1222 Hispaniarum
1043 1201 1056 1220 ,
1083 1176 1226 1225 aliisque
1249 1175 1471 1225 Sereniffimis
1499 1171 1646 1209 aliorum
1658 1172 1858 1222 Regnorum
1872 1173 2082 1221 Reipublicae
2107 1173 2310 1222 Christianae
2325 1168 2431 1218 Regi·

266 1224 330 1260 bus
345 1247 360 1267 ,
374 1219 724 1269 Rerumpublicarum
737 1246 750 1266 ,
765 1234 1044 1270 quorumcunque
1058 1226 1225 1263 Statuam
1237 1250 1250 1270 ,
1264 1225 1307 1267 εἰς’
1320 1223 1594 1263 Provinciarum
1610 1221 1770 1259 Ducibus
1783 1247 1795 1266 ‚
1811 1224 1853 1266 &¹
1866 1220 2095 1270 Potestatibus
2106 1243 2120 1263 ,
2134 1218 2404 1268 Magistratibus
2417 1242 2433 1263 ,

267 1273 312 1313 ὠ
325 1270 527 1308 Refiioribus
542 1294 555 1314 ,
567 1281 748 1317 eorumque
763 1269 871 1307 Illriiis
881 1296 893 1315 ‚
913 1272 957 1313 &⁹
972 1272 1153 1310 Excellr'fqis
1168 1274 1327 1311 Dominis
1341 1271 1565 1318 ‘Proregibus
1577 1296 1588 1316 ‚
1605 1268 1837 1309 Viceducibus
1846 1297 1861 1316 ,
1877 1272 1921 1313 &⁴
1933 1269 2247 1311 Gubernatoribus,
2258 1279 2297 1303 ac
2309 1263 2431 1310 lllnzis,

265 1319 465 1361 &Revt‘nis
479 1319 639 1355 Dominis
652 1318 755 1356 Sedis
771 1319 807 1356 Α
835 1332 851 1355 o
879 1320 969 1357 olicae
982 1323 1122 1370 Legatis
1133 1349 1146 1368 ,
1175 1320 1333 1363 Nunciis
1348 1347 1360 1365 ‚
1376 1320 1545 1369 Epifhopis
1557 1343 1571 1362 ‚
1595 1318 1874 1370 Archiepiscopis
1886 1345 1900 1365 ‚
1921 1316 2142 1358 Patriarchis
2157 1341 2171 1360 ,
2196 1317 2238 1358 (θ’
2261 1314 2342 1350 aliis
2359 1315 2434 1362 qui»

264 1368 469 1416 busbumque
485 1369 524 1402 in
538 1367 713 1415 dignitate
730 1368 796 1404 Ecc
812 1380 828 1404 e
839 1368 953 1419 mstica
976 1371 1169 1421 constitutis
1183 1396 1195 1415 ‚
1218 1383 1258 1408 ac
1273 1371 1378 1408 [liniis
1392 1370 1490 1409 DD.
1507 1367 1734 1416 Principibus
1749 1392 1762 1411 ‚
1777 1367 2041 1407 Marchionibus
2053 1390 2066 1410 ‚
2084 1365 2282 1402 Comitibus
2295 1389 2308 1408 ,
2323 1362 2434 1400 Baro.-

263 1418 367 1453 nibus
378 1442 391 1461 ‚
410 1415 610 1465 Castellanis
621 1440 633 1459 ,
648 1416 798 1453 Arcium
843 1419 985 1467 raefefiiis
996 1444 1010 1463 ,
1034 1432 1075 1456 ac
1087 1432 1370 1469 quarumcunque
1386 1418 1660 1458 Provinciae-um
1673 1441 1687 1461 ‚
1702 1417 1903 1456 Civitatum
1916 1443 1929 1462 ‚
1945 1415 2136 1452 Terrarum
2149 1437 2162 1458 ³
2180 1415 2345 1453 [Morum
2360 1411 2434 1448 Gu'·

263 1466 506 1502 ber-natoribu‘s
519 1489 531 1510 2
546 1461 584 1501 V
580 1465 703 1505 icariis
711 1489 724 1509 ,
744 1465 972 1516 Potestatibus
983 1493 996 1513 ‚
1010 1469 1246 1506 Auditoribus
1256 1495 1268 1514 ,
1287 1465 1574 1507 Locatenentibus
1586 1491 1600 1509 ‚
1616 1464 1811 1514 ‘Judicibus
1827 1466 2035 1508 ordinariis,
2051 1477 2092 1499 ac
2109 1461 2406 1499 extraordinariis
2418 1472 2434 1504 ¹,

262 1526 304 1550 ac
318 1514 497 1562 Delegatis
510 1539 524 1558 2
539 1511 781 1560 Subdelegatis
802 1517 1082 1564 quibuscumque,
1096 1517 1281 1566 ‘Barisellis
1304 1529 1434 1566 quoque
1445 1541 1457 1561 ,
1475 1515 1727 1552 Executoribus
1737 1539 1752 1559 ,
1771 1516 1965 1566 caeterisque
1982 1512 2137 1564 ‘Justitiae
2158 1510 2335 1560 Ministris
2357 1509 2434 1556 qui-

262 1562 459 1611 buscunque
469 1587 483 1606 ,
498 1573 627 1610 quoquo
640 1562 732 1597 modo
747 1567 957 1613 nuncupatis
968 1591 980 1609 ,
997 1564 1141 1614 illique,
1158 1565 1217 1602 vel
1227 1566 1299 1603 illis
1311 1591 1323 1611 ‚
1338 1567 1384 1602 ad
1397 1578 1495 1614 quem
1508 1586 1520 1607 ‚
1539 1563 1654 1600 velati
1666 1575 1748 1612 quos
1758 1565 1939 1613 praefitntes
1953 1562 2066 1614 nostrae
2081 1561 2191 1599 literae
2201 1558 2432 1609 pervenerint

256 1619 322 1659 per
333 1621 442 1648 totum
456 1611 585 1646 Orbem
606 1608 798 1646 Terrarum
813 1639 822 1648 .
2416 1632 2419 1635 ,

361 1657 528 1712 Camillus
541 1657 744 1705 Burghefius
761 1658 1062 1699 Prothonotarius
1079 1661 1292 1712 Apostolicus
1314 1687 1326 1707 ‚
1356 1662 1548 1709 Utriusque
1565 1662 1769 1707 Signatnrae
1792 1661 1993 1710 Saaniffimi
2015 1658 2062 1696 D.
2079 1657 2134 1695 N.
2147 1657 2248 1704 Papae
2262 1653 2433 1703 Referen-

261 1706 386 1743 darius
399 1731 412 1750 ‚
425 1719 465 1742 ac
477 1705 624 1754 ejusdem
639 1706 678 1741 S.
693 1705 740 1741 D.
758 1705 812 1743 N.
830 1709 932 1756 Papae
942 1733 955 1753 ,
982 1722 1112 1747 necnon
1125 1713 1244 1750 Curiae
1258 1712 1457 1758 Causarum
1474 1709 1625 1746 Camerae
1639 1708 1838 1757 Apostolicae
1855 1707 2039 1747 Generalis
2052 1706 2211 1743 Auditor
2223 1727 2238 1747 ‚
2255 1701 2432 1742 Romane-

259 1767 326 1803 que
340 1755 458 1792 Curiae
472 1753 594 1803 ‘Judex
608 1752 812 1792 ordinarius
825 1781 837 1798 ,
853 1758 1120 1796 Sententiarum
1136 1772 1267 1808 quoque
1283 1785 1294 1803 ‚
1324 1760 1367 1801 &⁶
1386 1758 1622 1804 Censurarum
1635 1780 1647 1799 ‚
1661 1765 1732 1792 tam
1746 1758 1785 1792 in
1798 1755 1956 1792 Romana
1974 1755 2085 1794 Curia
2103 1778 2112 1792 2
2129 1751 2231 1802 qutim
2243 1759 2343 1788 extra
2359 1761 2432 1786 eam

260 1803 438 1847 latarum,
454 1816 492 1840 ac
508 1804 708 1839 Literarum
721 1803 758 1839 A
759 1805 993 1855 postolicarum
1007 1820 1293 1857 quarumcunque
1316 1802 1538 1855 vniversalis
1553 1831 1565 1850 ,
1578 1806 1620 1847 ὼ·
1633 1817 1746 1841 merus
1761 1805 1934 1843 Executor
1948 1829 1960 1847 ‚
1973 1805 2016 1840 ab
2030 1801 2142 1840 eodem
2152 1801 2191 1837 S.
2203 1799 2247 1837 D.
2264 1797 2320 1836 N.
2334 1799 2431 1846 Papa

250 1851 453 1902 speclall‘ter
464 1851 663 1900 deputam&
677 1850 832 1890 Salutem
846 1857 886 1891 in
900 1855 1059 1901 Domino,
1072 1859 1114 1900 ὠ*
1127 1856 1247 1906 nostris
1262 1856 1469 1906 hujusmodi,
1484 1855 1548 1892 ὑπὸ
1564 1855 1687 1891 verius
1701 1852 1920 1903 eApostolicis
1921 1853 2073 1901 firmiter
2089 1850 2225 1886 obedire
2241 1846 2431 1885 mandatis·-

359 1899 549 1939 Noveritis
562 1908 676 1942 nuper·
692 1912 805 1938 coram
817 1904 914 1951 nobis
926 1913 987 1952 pro
1007 1914 1108 1953 parte
1123 1907 1168 1942 ad
1179 1906 1381 1955 instantiam
1396 1904 1527 1941 Rever.
1542 1904 1669 1942 Patris
1683 1901 1822 1939 Fratris
1837 1903 2045 1949 Hieronymi
2071 1900 2113 1936 de
2140 1897 2273 1936 Politia
2287 1894 2432 1941 Siculi,

258 1949 413 1993 Ordinis·
427 1949 521 1986 Min.
538 1950 578 1986 S·
595 1948 770 1997 Francis&
784 1952 1040 2001 Capucinorum
1055 1963 1331 1999 nuncupatorum
1345 1952 1486 1991 Vicarii
1500 1951 1686 1990 Generalis
1701 1976 1713 1994 ‚
1737 1952 1781 1993 ἐν
1806 1951 1854 1990 R.
1872 1951 1925 1988 P.
1941 1949 1978 1986 F.
1994 1949 2257 1986 ‘Bonaventurae
2271 1945 2311 1980 de
2329 1944 2431 1980 M'on·

259 1997 407 2045 teregalt‘
418 1997 563 2047 ejusdem
578 1996 772 2045 Religionis
787 1999 1032 2039 Procuratoris
1046 2029 1059 2048 ‚
1076 2004 1118 2044 εἶδ’
1133 2000 1359 2053 Commiffarii
1374 2000 1556 2041 Generalis
1575 1999 1832 2049 Principalium
1846 1996 2142 2049 comparitum‚&
2158 1994 2334 2080 exploptum
2343 1991 2432 2039 fuis-

268 2061 286 2084 e
304 2060 313 2083 t
329 2047 436 2099 Qod
447 2071 462 2091 ,
475 2059 551 2083 cum
565 2045 652 2087 alias
659 2045 720 2094 fel.
732 2060 800 2085 rec.
815 2049 947 2087 Paulus
962 2051 1058 2099 Papa
1074 2052 1137 2092 III.
1157 2053 1338 2090 attendens
1350 2052 1471 2088 uberes
1486 2049 1617 2096 {ruilus
1632 2075 1644 2094 ,
1669 2061 1751 2098 quos
1769 2049 1864 2089 Ordo
1879 2049 1947 2097 ipse
1960 2047 2142 2085 lWinorum
2156 2045 2195 2079 in
2245 2053 2310 2090 gro
2325 2041 2430 2078 Mili—

193 2118 198 2125 ·
259 2097 377 2133 tantis*
387 2095 531 2144 Ecclesiae
544 2105 686 2132 eatenus
694 2097 910 2144 produxerat
920 2124 935 2143 ,
951 2100 993 2142 ἐν
1004 2102 1043 2136 in
1056 2101 1219 2151 posterum
1231 2100 1476 2151 produffiurum
1489 2100 1540 2148 spe
1548 2098 1654 2145 firma
1668 2099 1835 2147 sperabat
1849 2123 1861 2141 ‚
1888 2110 1927 2134 ac
1942 2096 2085 2144 dignum
2101 2093 2234 2140 censens
2250 2116 2263 2135 ‚
2279 2099 2320 2127 ut
2334 2091 2431 2126 circa

259 2155 300 2180 ea
313 2169 325 2188 ‚
341 2156 413 2192 quae
423 2145 520 2194 ipsius
532 2144 683 2180 Ordinis
697 2146 946 2183 incrementum
959 2151 1209 2187 concernebant
1220 2177 1231 2194 ‚
1247 2152 1411 2197 benignos
1426 2143 1562 2191 favores
1575 2147 1793 2196 impenderet
1805 2172 1817 2190 ‚
1822 2144 2135 2195 supplicationibus
2147 2138 2427 2177 nonnullorum-2

258 2203 343 2248 tunc
358 2191 584 2244 expressorum
597 2191 760 2230 Fratrum
774 2195 855 2231 dieti·
869 2196 1019 2233 Ordinis
1040 2198 1349 2248 supplicationibus
1364 2197 1555 2235 inclinatus
1565 2222 1577 2241 ,
1607 2195 1790 2233 nonnullas
1806 2198 1944 2234 Literas
1953 2196 2019 2243 piae
2031 2204 2129 2228 mem.
2147 2188 2330 2227 Clementis
2346 2185 2427 2224 VII.

259 2253 332 2332 gns
354 2240 605 2291 Praedeceffbris
630 2266 643 2286 ,
673 2243 849 2280 nonnullis
878 2242 1063 2284 Fratribus
1089 2272 1102 2292 ‚
1132 2257 1218 2284 tunc
1252 2248 1403 2297 expreffis
1426 2246 1575 2284 Ordinis
1600 2245 1781 2283 Minorum
1805 2269 1817 2289 ,
1852 2246 1962 2281 vitam
1995 2240 2245 2279 Heremiticam
2272 2237 2428 2288 duce-req

278 2335 282 2339 ³
335 2291 502 2339 quantum
527 2290 676 2327 humana
699 2293 901 2345 patiebatur
927 2294 1104 2343 fragilitas
1123 2321 1136 2340 ,
1177 2295 1347 2343 Regulam
1373 2296 1476 2333 Beati
1502 2293 1675 2342 Francifi·i
1716 2293 1896 2342 observare
1931 2290 2147 2340 cupientibus
2170 2312 2185 2334 ,
2227 2284 2388 2335 eonceſjas
2414 2306 2430 2326 a

260 2337 465 2388 ‹aspostolica
478 2339 697 2379 Aufiioritate
712 2364 724 2384 ‚
736 2352 777 2378 ex
788 2351 883 2378 certa
894 2341 1111 2393 scientiasua
1125 2346 1319 2394 approbans
1332 2370 1344 2388 ,
1359 2345 1402 2386 &⁵
1414 2344 1616 2392 confirmans
1625 2368 1640 2387 ,
1657 2341 1735 2378 illas
1748 2353 1833 2380 tunc
1851 2368 1862 2386 ,
1891 2342 1934 2383 ἶς’
1944 2349 2007 2389 pro
2021 2346 2171 2387 tempore
2187 2333 2343 2384 existenti
2365 2329 2428 2370 Vi-

260 2389 356 2423 cario
369 2387 534 2424 Generali
549 2388 837 2436 Congregationis
853 2391 1108 2438 Caput-inarum
1121 2419 1133 2439 ‚
1150 2407 1189 2430 ac
1202 2395 1278 2443 ipsts
1293 2394 1580 2441 Congregationis
1592 2391 1778 2428 Fratribus
1793 2416 1804 2435 ‚
1824 2391 1842 2437 (
1849 2389 1994 2440 perinde
2006 2414 2018 2433 ‚
2034 2401 2072 2424 ac
2099 2387 2112 2422 ἰ
2121 2385 2186 2422 illae
2202 2384 2323 2432 eisdem
2336 2382 2426 2419 Con-

255 2437 457 2485 gregationi
466 2460 479 2479 ,
494 2437 536 2477 &⁸
547 2435 733 2474 Fratribus
746 2438 879 2475 dir-efflat
893 2437 1055 2490 f'uiffent)
1075 2442 1189 2489 quoad
1203 2444 1317 2478 omnia
1329 2467 1344 2487 ,
1368 2443 1411 2484 (θ’
1411 2441 1546 2491 singula
1559 2442 1598 2477 in
1612 2441 1684 2489 ipsis
1699 2441 1829 2478 Literis
1845 2447 2005 2476 contenta
2013 2437 2058 2485 su
2085 2435 2205 2483 rugari
2235 2432 2356 2468 debere
2372 2429 2430 2465 de·

261 2487 378 2521 crevit
391 2500 402 2526 3
427 2484 473 2520 Et
490 2485 712 2522 nihilominus
738 2487 941 2524 aufforitate
956 2512 968 2533 ‚
995 2490 1038 2531 ἐς·
1047 2490 1201 2538 scientia
1207 2490 1375 2539 fimilibus
1401 2498 1459 2532 per
1477 2491 1562 2537 suas
1579 2490 1648 2537 sub
1657 2488 1792 2538 plumbo
1816 2487 1978 2537 confefias
1993 2487 2129 2523 Literas
2144 2508 2156 2527 ‚
2181 2479 2346 2517 nonnulla
2362 2488 2427 2526 pro

260 2534 358 2569 diffls
385 2532 568 2570 Fratribus
586 2535 797 2583 Capucinis,
810 2536 959 2586 statuit,
983 2538 1027 2580 &⁶
1051 2539 1260 2583 ordinavit,
1279 2537 1464 2588 distriftius
1487 2538 1647 2574 inhibens
1669 2539 1932 2586 quibuscumque
1943 2534 2095 2583 personis
2111 2557 2123 2575 ‚
2151 2530 2427 2577 cujuscumque»

259 2581 469 2622 conditionis
491 2583 669 2632 existerent
682 2609 696 2628 ‚
709 2584 776 2631 sub
801 2588 1158 2624 excommunicationis
1185 2587 1456 2637 lataefi’ntentiae
1469 2596 1567 2635 poena
1581 2611 1593 2631 ‚
1619 2598 1654 2622 eo
1682 2587 1750 2635 ipso
1778 2584 2017 2628 incurrendo,
2042 2594 2083 2618 ne
2099 2580 2274 2617 Habitum
2293 2586 2356 2629 per
2376 2586 2429 2611 805

260 2630 394 2677 deferri
397 2628 541 2677 solitum
552 2655 564 2674 ‚
578 2632 709 2680 nisisub
716 2634 872 2680 praedifti
884 2634 976 2677 Rev.
991 2633 1131 2673 Via-arii
1146 2636 1331 2678 Generalis
1344 2644 1406 2684 pro
1419 2644 1566 2684 tempore
1577 2634 1748 2682 existentis
1764 2634 1974 2671 Obedientia
1986 2657 1998 2676 ‚
2010 2631 2053 2673 &⁶
2069 2641 2154 2667 cura
2163 2632 2427 2676 permanerent,

255 2677 387 2736 gestare
399 2679 622 2727 quoquomodo
635 2681 878 2728 pr-aes'umerent
890 2696 902 2724 ;
916 2684 1279 2733 &succeffivesanffiae
1292 2686 1398 2722 etiam
1411 2686 1575 2720 memoria·
1587 2684 1675 2721 Pius
1692 2684 1788 2731 Papa
1804 2681 1867 2720 IV.
1882 2707 1895 2726 ‚
1909 2690 1968 2731 per
1982 2680 2055 2729 ejus
2070 2676 2279 2723 Literassub
2289 2673 2428 2729 plumbo

261 2727 436 2774 expeditas
446 2728 531 2776 ‚sub
545 2728 675 2764 Datum
692 2723 805 2767 Romae
817 2732 909 2779 apud
921 2733 1084 2769 Sanfium
1094 2733 1240 2771 Petrum
1255 2757 1269 2778 ‚
1285 2733 1393 2771 Anno
1406 2732 1662 2769 lucarnationis
1677 2731 1864 2768 Dominicae
1878 2730 1933 2767 M.
1951 2729 1998 2766 D.
2013 2725 2165 2765 LXIIII.
2183 2723 2301 2763 Nonis
2315 2722 2430 2776 Apri·

260 2775 305 2820 lis
320 2776 457 2812 Literas
465 2776 619 2825 praeditli
632 2778 737 2815 Pauli
754 2777 1004 2864 Praedecefforis
1023 2781 1237 2830 hujusmodi,
1251 2794 1291 2818 ac
1308 2784 1420 2818 omnia
1433 2808 1442 2822 ,
1467 2782 1511 2822 ὠ·
1515 2779 1652 2830 singula
1667 2781 1707 2815 in
1722 2780 1771 2815 eis
1785 2788 1946 2816 contenta
1959 2801 1971 2820 ‚
1989 2778 2042 2812 ita
2052 2799 2064 2819 ‚
2079 2773 2168 2823 quod
2183 2771 2298 2809 nullus
2313 2769 2429 2826 culus-'-

259 2836 402 2871 cumque
415 2825 620 2862 conditionis
632 2827 752 2877 existat
762 2854 776 2872 ,
794 2829 902 2876 nonso
918 2831 973 2867 itm
988 2825 1246 2879 Capuc'inorum
1263 2831 1438 2869 Habitum
1451 2854 1464 2874 ‚
1469 2830 1576 2878 juxta
1585 2827 1824 2877 praedietarum
1837 2828 2037 2864 Literarum
2052 2821 2160 2861 Pauli
2172 2818 2428 2874 Praedecefforis

258 2883 409 2916 tenorem
419 2897 432 2917 ‚
457 2874 577 2911 verum
590 2878 693 2912 etiam
705 2889 764 2913 nec
776 2879 828 2914 ita
841 2878 1034 2928 corfintilem
1047 2904 1060 2924 ‚
1082 2880 1172 2929 quod
1183 2888 1322 2928 propter
1341 2891 1417 2916 eum
1427 2875 1543 2929 poffint
1556 2877 1650 2914 credi
1663 2875 1804 2913 Fratres
1818 2887 1933 2912 eorum
1949 2872 2237 2921 Congregationis
2250 2893 2264 2914 ‚
2286 2866 2428 2917 nisisub

252 2921 411 2972 praedt'ffi
422 2934 538 2959 eorum
551 2922 598 2964 R,-
612 2924 654 2964 P.-
668 2923 807 2963 Viturii
818 2935 880 2974 pro
893 2938 961 2964 tem
970 2937 1051 2977 pore
1064 2928 1239 2978 existentis
1255 2929 1448 2966 obedientia
1461 2952 1474 2971 ,
1487 2928 1529 2969 (φ
1542 2939 1627 2963 cura
1637 2934 1864 2975 permaneant
1874 2924 1960 2971 ‚sub
1968 2920 2072 2971 simili
2081 2930 2181 2969 poena
2196 2916 2426 2955 excommuni-

257 2972 407 3017 caiiom's
419 2970 497 3008 latae
507 2973 681 3017 sententiae
695 2976 924 3024 quoquomodo
932 2977 1071 3026 gestare
1083 2978 1292 3025 praesumant
1303 3002 1317 3021 ‚
1333 2976 1555 3014 Aufloritate
1569 2972 1928 3026 Apostollcapraediffia
1941 2970 2162 3018 confirmavit
2173 2993 2186 3012 ‚
2203 2969 2246 3009 &⁶
2259 2965 2424 3014 approba·

258 3021 317 3056 vit
327 3043 340 3063 2
361 3032 400 3056 ac
418 3023 531 3056 Omnia
546 3047 555 3056 ·
580 3022 758 3072 &singula
782 3026 821 3060 in
834 3024 955 3072 eisdem
973 3027 1104 3063 Literis
1122 3021 1170 3064 D.
1179 3026 1248 3076 fel.
1262 3039 1330 3070 rec,
1347 3023 1456 3064 Pauli
1469 3024 1570 3074 Papa
1593 3023 1707 3072 Tertij
1731 3031 1891 3060 contenta
1911 3019 2071 3069 praedifiia
2086 3018 2127 3055 de
2151 3028 2236 3053 novo
2252 3013 2425 3071 conceffit,

258 3081 299 3104 ac
308 3068 463 3118 deinceps
467 3069 530 3118 fel.
542 3071 672 3107 record.
687 3073 879 3121 Gregorius
896 3075 1056 3112 Decimus
1079 3078 1210 3113 tertius
1224 3085 1288 3126 per
1301 3074 1375 3123 ejus
1387 3076 1525 3112 Literas
1537 3075 1577 3109 in
1587 3073 1695 3117 forma
1709 3071 1836 3108 Brevis
1851 3094 1864 3114 ,
1898 3070 1942 3106 ub
1957 3065 2102 3105 Annulo
2126 3064 2315 3114 Piscatores
2329 3069 2426 3118 expe⁴

257 3117 375 3164 ditm,
403 3119 459 3155 die
475 3130 602 3168 quarta
616 3120 773 3161 Octobris
799 3121 882 3163 29¹4·
902 3123 960 3159 D.
978 3125 1007 3160 L
1024 3122 1067 3159 X
1079 3123 1122 3160 X
1135 3124 1210 3161 XI.
1236 3122 1531 3171 Pontificatussui
1554 3121 1662 3159 Anno
1685 3119 1810 3157 decimo
1825 3143 1838 3162 ‚
1899 3115 2057 3159 ecialiter
2086 3111 2290 3162 &expresse
2299 3109 2426 3166 pracli*

259 3165 327 3202 aas
344 3166 607 3217 Constitutiones
627 3168 734 3207 Pauli
757 3169 873 3207 Tertii
889 3196 902 3215 ‚
922 3172 965 3213 (φ
977 3172 1038 3210 Pii
1053 3173 1190 3224 Qrti
1215 3173 1234 3220 s
1249 3172 1362 3222 quoad
1378 3172 1523 3221 Capucii
1537 3194 1550 3215 ,
1575 3170 1618 3212 ὠ·
1631 3169 1788 3209 Habitus
1801 3166 1965 3211 Fratrum
1992 3165 2245 3213 Capucinorum
2267 3159 2428 3210 gestatio-

259 3227 336 3251 nem
350 3219 556 3258 unprobazsit
566 3242 580 3263 ,
605 3218 828 3266 confirmavit
840 3243 852 3261 ‚
887 3220 1135 3261 &innovavit
1147 3246 1161 3265 ‚
1183 3231 1289 3271 prout
1306 3224 1345 3257 in
1356 3218 1590 3266 praedifiorum
1600 3218 1810 3266 summorum
1822 3213 2031 3262 Pontificum
2054 3213 2185 3250 Literis
2193 3210 2330 3260 plenius
2350 3218 2426 3243 con-

257 3265 367 3301 tineri
384 3265 517 3304 dicitur
537 3293 547 3303 .
569 3267 742 3322 Quique
753 3277 816 3317 per
833 3266 1064 3317 Illustriffimos
1078 3270 1121 3312 &⁴
1136 3269 1379 3318 Reverendiss.
1392 3269 1476 3307 DD.
1490 3266 1696 3306 Cardinales
1710 3267 1826 3304 Sacrae
1839 3263 2057 3311 Religionum
2072 3259 2358 3309 Congregationis
2373 3257 2426 3291 vi-

254 3324 338 3358 gore
354 3313 574 3358 auctoritatis
590 3341 601 3360 ,
639 3316 876 3366 &facultatis
895 3341 908 3360 ‚
931 3317 1053 3365 eisdem
1062 3318 1087 3361 ,ἃ
1102 3320 1305 3368 Sanfiiiffimo
1321 3320 1369 3356 D.
1382 3316 1438 3357 N.
1449 3318 1549 3356 Sixto
1571 3316 1696 3352 divina
1731 3314 1929 3356 revidentia
1951 3312 2048 3361 Papa
2061 3310 2198 3369 anto
2213 3309 2275 3359 fel.
2291 3305 2423 3343 record.

254 3369 317 3407 per
325 3362 408 3407 suas
422 3366 560 3403 Literas
573 3367 612 3399 in
634 3365 750 3414 forma
765 3365 904 3402 ‘Brevis
912 3365 981 3414 sub
1004 3366 1149 3404 Annulo
1167 3367 1368 3414 ‘Piscatoris
1383 3368 1402 3415 ζ
1412 3376 1454 3404 ut
1478 3367 1580 3408 moris
1588 3363 1671 3450 Ji)
1696 3323 1845 3411 ligitime
1867 3360 2062 3410 expeditas,
2075 3359 2144 3409 Jub
2171 3358 2290 3396 datum
2311 3356 2422 3391 Romae

260 3409 352 3465 apua!
367 3411 528 3450 Sensim
548 3413 728 3459 Marcum,
754 3415 811 3451 die
828 3415 959 3451 decimi
974 3417 1085 3452 tertia
1112 3415 1224 3465 ‘Junij
1239 3441 1252 3460 ,
1278 3417 1386 3454 Anno
1414 3415 1468 3453 M.
1485 3415 1531 3456 D.
1547 3416 1576 3452 L
1637 3409 1836 3450 XXVII.
1861 3408 2086 3456 Pontificatus
2104 3407 2165 3456 sui
2179 3409 2285 3445 Anno
2305 3405 2422 3441 Terti0

259 3457 437 3495 attributae
461 3488 475 3506 ,
508 3463 714 3513 instantibus
730 3462 815 3500 RR.
828 3463 1008 3500 ‘Patribus
1025 3457 1214 3512 Capucinis
1225 3489 1238 3510 ‚
1242 3464 1418 3513 sancitum
1429 3489 1443 3509 ,
1466 3464 1509 3506 &¹
1522 3463 1695 3500 decretum
1707 3461 1785 3510 fuit
1797 3483 1809 3504 ‚
1850 3467 1929 3495 rout
1952 3459 1991 3494 in
2006 3458 2153 3505 quadam
2161 3461 2282 3505 papyri
2302 3452 2422 3491 cedula

265 3511 330 3552 Per
346 3503 615 3558 Illustriffimum‚
639 3513 681 3555 ἐς·
694 3512 939 3560 Reverendiss.
968 3512 1192 3550 Cardinalem
1216 3513 1500 3550 Alexandrinum
1507 3512 1703 3561 subscripta
1714 3534 1729 3554 ,
1755 3468 1945 3555 &Jg'mam
1958 3530 1971 3550 a
1993 3507 2036 3547 &⁶
2055 3499 2241 3556 ejlssfigi'llo
2255 3506 2390 3542 munim
2408 3527 2424 3548 φ

267 3552 312 3609 &J
328 3551 418 3608 Rfi'v·
432 3556 475 3592 P.
489 3560 651 3598 Generali
665 3561 831 3610 praedittae
843 3561 1028 3599 societatis
1045 3563 1087 3599 S.
1114 3562 1267 3610 ‘Joannis
1279 3563 1348 3599 Dei
1371 3563 1535 3598 intimata
1549 3584 1562 3604 ‚
1583 3571 1696 3596 coram
1709 3558 1806 3593 nobis
1820 3555 1972 3593 exhibita
1986 3579 1999 3599 ,
2012 3556 2142 3594 tenoris
2152 3554 2392 3604 subsequentis
2406 3575 2421 3595 ,

269 3599 453 3647 videlicet,
468 3607 543 3649 Sac.
556 3609 719 3656 Regum,
733 3611 970 3658 congregatio
982 3611 1183 3648 instantibus
1196 3611 1370 3654 Fratribus
1382 3609 1568 3657 Capucinis
1584 3608 1739 3650 censuit,
1752 3604 1949 3652 Confratres
1969 3604 2153 3642 societatis
2163 3604 2310 3653 joannis
2326 3601 2391 3637 Dei
2408 3623 2421 3644 2

269 3649 464 3706 mdiatejffls
481 3653 600 3697 ‹leber-e
616 3658 744 3702 gestare
759 3659 925 3702 Habitum
939 3671 1016 3702 cum
1032 3660 1193 3708 capucio
1205 3660 1361 3704 oblongo
1375 3683 1387 3702 ,
1399 3659 1468 3695 five
1479 3666 1579 3694 acuto
1594 3680 1606 3700 ,
1617 3656 1672 3692 sed
1685 3654 1839 3692 rotundo
1851 3678 1865 3698 ,
1879 3653 1940 3689 sub
1953 3664 2048 3701 poena
2064 3654 2205 3690 carceris
2224 3678 2236 3696 ‚
2263 3653 2416 3695 Congre-

269 3709 422 3755 girum-us
440 3701 581 3757 arbitrio
593 3727 602 3736 ·
618 3705 866 3755 Licentiamque
879 3718 1060 3756 propterea
1072 3708 1231 3745 concessit
1245 3707 1324 3754 ipsis
1335 3707 1506 3744 Fratribus
1518 3704 1710 3752 Capucinis
1724 3727 1736 3747 ‚
1755 3715 1878 3738 omnes
1890 3702 2170 3739 contrafacientes
2186 3711 2353 3738 carcerare
2372 3696 2418 3732 fa·

270 3747 382 3780 mend!
399 3772 408 3781 .
434 3750 502 3784 Die
523 3750 653 3787 decima
680 3755 776 3790 sexta
794 3755 945 3801 januarii
968 3754 1068 3800 1588.
1093 3755 1301 3794 Cardinalis
1322 3754 1589 3792 Alexandrinus
1610 3777 1624 3798 ‚
1646 3753 1816 3799 Georgius
1835 3751 2018 3789 Palearius
2040 3752 2260 3788 Secretarius
2273 3773 2282 3784 .
2301 3746 2368 3782 loco
2383 3749 2418 3780 »Β

270 3792 390 3840 ,sigilli
402 3821 412 3841 v
427 3796 512 3843 Item
519 3807 585 3845 Par
588 3800 655 3843 iter
669 3801 873 3849 instantibus
885 3803 1006 3852 eisdem
1019 3802 1203 3844 Fratribus
1218 3804 1406 3853 Capucinis
1421 3826 1433 3848 ,
1454 3811 1518 3853 per
1540 3801 1681 3847 eandem
1693 3802 1839 3844 Sacram
1860 3801 2166 3848 Congregationem
2187 3796 2419 3894 Regjlarf’um

2281 3857 2373 3882 01101·
