2658 4244
290 293 528 340 Statutum
573 290 843 358 Capitulare
870 327 887 350 ,
922 296 1047 360 quod
1098 298 1334 345 eveniente

321 375 475 411 morte
512 361 655 410 Patris
689 362 887 412 Ministri
920 368 1157 417 Generalis
1186 402 1202 423 ,
1243 367 1333 434 pri-

320 449 425 480 mus
457 428 694 481 Diffinitor
713 468 728 490 ,
771 432 819 484 ὅ(
850 431 953 485 casu
978 470 994 493 ‚
1028 437 1153 504 quod
1173 439 1246 485 vel
1265 438 1338 484 hic

324 500 351 551 ὃ
382 501 501 549 vivis
526 505 624 565 jam
645 501 898 554 discessisset
915 542 932 563 ‚
961 508 1037 555 vel
1061 506 1337 564 discederet,

320 569 542 622 secundus
555 574 598 621 in
621 572 844 643 gubernio
859 574 1049 625 Ordinis
1070 576 1306 627 succedere
1321 611 1338 635 ,

325 640 537 708 idemque
554 643 803 711 respefflve
834 647 878 694 in
907 661 1056 696 morte
1079 650 1219 698 Patris
1238 649 1328 696 Mi·

323 709 450 831 ifiiistri
467 715 761 765 Provincialis
782 714 1012 766 observari
1029 716 1209 777 debeat,
1224 733 1330 765 con-

363 797 483 832 rmat
494 819 508 832 .

376 924 797 980 URBANUS
845 928 1055 977 PAPA
1095 930 1247 978 VIII.

472 1051 542 1093 Ad
550 1059 782 1107 perpetuam
803 1054 861 1093 ree·
883 1055 1107 1096 memoriam
1126 1081 1140 1095 .

388 1166 596 1221 Raecipuus
609 1176 782 1223 paternae
798 1166 1023 1211 Charitatis
1042 1169 1199 1211 affectus
1212 1199 1226 1220 ,
1251 1183 1331 1225 quo

408 1225 608 1266 Ordinem
633 1228 819 1267 Fratrum
834 1227 1043 1269 Minorum
1057 1228 1189 1271 sancti
1209 1231 1332 1271 Fran-

282 1284 377 1328 cisci
407 1285 715 1339 Capucinorum
762 1295 1085 1339 nuncupatorum
1127 1288 1332 1344 prosequi-

283 1359 376 1385 mur
397 1342 594 1400 ‚postulat
610 1373 624 1394 ,
646 1354 689 1384 ut
709 1342 812 1384 illius
836 1343 946 1385 felici
963 1372 977 1395 ,
991 1348 1030 1387 δε
1044 1344 1241 1399 prospero
1264 1361 1330 1388 re-

285 1404 424 1458 gimini
442 1401 697 1444 consulentes
714 1402 762 1444 iis
776 1429 790 1451 ‚
805 1416 889 1458 quae
905 1415 1122 1459 propterea
1138 1404 1235 1450 faeta
1251 1434 1265 1457 ,
1290 1407 1327 1447 &

285 1461 475 1503 ordinata
493 1457 602 1502 suiffe
617 1460 809 1502 dicuntur
822 1489 837 1512 ,
852 1461 1068 1517 Apostolici
1087 1465 1243 1507 roboris
1261 1463 1327 1506 fir-

283 1520 476 1561 mitatem
491 1518 666 1561 libenter
682 1518 915 1573 adjiciamus
931 1549 942 1560 .
976 1524 1119 1577 Nuper
1137 1521 1332 1577 siquidem

284 1592 365 1634 pro
382 1588 496 1631 parte
523 1577 764 1619 dilectorum
788 1577 958 1620 filiorum
983 1581 1152 1621 Ministri
1175 1583 1214 1622 &
1231 1585 1331 1624 Pro-

283 1635 485 1678 curatoris
501 1634 764 1676 Generalium
790 1635 884 1676 dieti
901 1635 1002 1676 Ord.
1032 1639 1159 1679 Nobis
1176 1639 1331 1695 expoli-

284 1704 373 1736 tum
390 1691 464 1733 fuit
477 1719 492 1742 ,
519 1691 628 1747 quod
650 1693 690 1733 in
719 1693 888 1748 quadam
906 1694 1208 1738 Constitutione
1223 1698 1243 1739 a
1260 1696 1330 1740 fel.

283 1749 505 1795 rec-Paulo
520 1752 682 1792 PP.111.
707 1748 996 1794 i>raedeceffore
1009 1754 1247 1805 Nostro,sub
1261 1756 1330 1799 die

283 1824 381 1853 xxv.
402 1813 502 1864 Aug.
522 1822 731 1851 MDxxXVt·
760 1810 870 1853 edita
885 1837 898 1860 ,
913 1823 996 1864 quae
1011 1812 1154 1867 incipit
1169 1842 1181 1864 ‚
1202 1819 1328 1869 Expo-

284 1874 330 1913 ni
343 1868 462 1912 Nobis
477 1867 562 1918 &c-
580 1868 685 1909 inter
700 1868 778 1910 alia
794 1867 864 1911 dis
857 1869 1146 1924 ponitur,quod
1153 1877 1327 1916 evenien-

284 1938 326 1972 te
338 1926 428 1983 casta
454 1926 581 1967 obitas
597 1925 778 1983 Minssri
793 1929 993 1970 Generalis
1012 1929 1109 1971 diW
1128 1933 1286 1974 Ordinis
1306 1962 1321 1983 ‚

278 1989 435 2044 primus
467 1982 672 2039 Dlffinitor
687 2011 701 2035 ‚
728 1986 794 2027 vel
817 1986 898 2042 ipsb
924 1986 1120 2041 deficiente
1143 2019 1157 2041 ‚
1176 1991 1324 2046 ficun-

284 2043 568 2095 dussteccedere
584 2042 720 2083 debeat
734 2072 748 2094 ,
774 2045 822 2092 β’
839 2043 899 2098 sic
920 2044 966 2084 dc
992 2047 1085 2088 aliis
1098 2049 1328 2107 sicccffvc’3

285 2103 477 2157 idemque
505 2099 730 2157 disponitur
756 2104 809 2144 de
839 2103 1162 2152 provincialibus
1191 2138 1202 2149 .
1248 2113 1328 2154 In,

287 2159 658 2204 Constitutionibus
685 2171 821 2203 autem
844 2161 1113 2217 Regularibus
1134 2167 1228 2211 dieti
1245 2171 1328 2212 Or-

285 2220 391 2263 dinis
419 2229 590 2262 cavetur
605 2247 619 2270 ,
643 2216 712 2260 seu
735 2220 979 2271 ordinatur,
1004 2224 1112 2279 quod
1131 2254 1143 2275 ,
1165 2224 1188 2267 fi
1207 2229 1328 2270 Mini-

284 2279 414 2322 strum
435 2277 688 2320 Generalem
713 2290 808 2321 ante
832 2280 1043 2336 expletum
1065 2284 1255 2327 Officium
1281 2288 1330 2328 ab

284 2338 464 2382 humanis
478 2335 685 2378 decedere
701 2338 910 2394 contingat
923 2367 937 2388 ,
956 2349 1053 2384 tunc
1066 2345 1218 2397 primus
1238 2345 1329 2386 Dif-

286 2393 423 2439 finitor
441 2394 625 2448 Capituli
642 2398 835 2448 praeteriti
868 2396 914 2438 fit
930 2399 1228 2444 Coinmiffarius
1243 2407 1330 2446 Ge-

286 2453 464 2498 neralis:
484 2454 523 2494 &
538 2451 625 2495 casu
639 2479 653 2502 ‚
668 2466 748 2507 quo
762 2454 834 2496 ille
849 2455 997 2498 obierit
1013 2484 1026 2506 ,
1043 2457 1087 2499 fit
1104 2459 1300 2504 secundus
1314 2491 1328 2513 ‚

287 2515 327 2555 &
350 2512 400 2554 sic
428 2511 480 2554 de
501 2511 616 2554 aliis:
645 2508 910 2570 {imiliterque
935 2513 1148 2561 ordinatur
1162 2519 1214 2561 de
1229 2523 1328 2563 Pro-

289 2570 532 2615 vincialibus
557 2599 569 2611 .
598 2573 742 2624 Nuper
769 2574 869 2615 vero
897 2571 1031 2616 secuto
1061 2577 1228 2620 Ministri
1246 2583 1331 2623 Ge-

288 2630 443 2674 neralis
460 2629 578 2670 obitu
589 2657 602 2680 ‚
616 2627 700 2684 ejus
715 2627 807 2673 loco
821 2632 971 2688 primus
989 2634 1194 2680 Diffini'tor
1207 2639 1332 2681 Ordi-

289 2702 384 2732 nem
399 2687 632 2743 praediRum
645 2689 914 2743 gubernavit,
928 2691 1036 2734 dieto
1053 2699 1153 2737 vero
1173 2697 1331 2741 Diffini-

289 2757 385 2791 tore
399 2744 591 2788 defunt‘to
601 2774 616 2797 ‚
629 2756 844 2802 antequam
861 2751 1098 2804 Capitulum
1112 2756 1331 2800 convocas-

288 2805 350 2854 set
364 2834 380 2857 ,
402 2816 539 2846 ortum
553 2805 611 2847 est
623 2804 787 2848 dubium
805 2837 820 2860 ‚
841 2823 890 2850 an
914 2809 1109 2855 secundus
1127 2815 1330 2858 Diffinitor

289 2862 514 2908 succedere
527 2863 725 2916 deberet,
739 2867 1063 2924 quandoquidem
1080 2876 1205 2916 verba
1222 2878 1332 2918 Con-

289 2922 508 2967 stitutionis
532 2924 644 2965 Pauli
674 2925 975 2969 Praedecelsoris
1006 2930 1231 2988 hujusmodi
1247 2949 1332 2976 am·

290 2984 412 3040 bigua
426 2981 514 3024 sunt
530 3011 544 3035 ,
564 2984 605 3023 δε
618 2983 934 3029 Constitutiones
950 2989 1175 3043 Regulares
1191 2992 1333 3047 praefa-

290 3052 342 3084 tae
365 3042 402 3082 in
427 3040 515 3084 casu
531 3070 545 3093 ,
570 3055 650 3097 quo
674 3042 824 3097 primus
842 3044 1049 3089 Diffinitor
1072 3051 1120 3092 ab
1146 3052 1330 3094 humanis

290 3098 512 3142 deceffisset
526 3129 540 3151 ,
554 3102 725 3151 tantum,
742 3115 817 3143 non
833 3114 967 3145 autem
982 3106 1019 3148 in
1033 3107 1143 3160 casu,
1157 3124 1239 3165 quo
1256 3111 1330 3153 de-

289 3158 714 3213 cederet‚disponunt;
728 3158 836 3201 unde
851 3162 989 3206 habito
1003 3166 1052 3208 ad
1068 3171 1153 3209 Nos
1167 3169 1333 3212 recursu

287 3232 410 3260 unam
425 3219 798 3273 Congregationem
825 3219 997 3276 desuper
1018 3223 1305 3279 deputavimus
1319 3256 1333 3278 ‚

288 3291 374 3332 quae
390 3275 523 3319 casum
540 3274 718 3321 omiffum
735 3275 847 3319 fuisse
862 3307 875 3330 ,
897 3281 935 3320 &
953 3280 1046 3323 ideo
1060 3283 1097 3323 in
1118 3284 1193 3326 hoc
1209 3284 1230 3327 ἃ
1248 3290 1335 3328 Νο-

289 3336 350 3377 bis
365 3335 632 3390 provisionem
658 3334 883 3378 faciendam
897 3338 975 3379 effe
998 3339 1188 3393 resolvit,
1214 3355 1335 3399 prout

290 3393 394 3435 satta
418 3394 491 3436 fuit
507 3424 517 3435 .
547 3398 654 3438 Cum
679 3406 813 3438 autem
829 3424 844 3447 a
868 3398 963 3438 ficut
977 3398 1118 3440 eadem
1141 3404 1335 3457 expositio

289 3449 573 3506 subjungebat,
588 3453 637 3496 ad
653 3453 883 3496 tollendum
898 3470 1015 3500 omne
1029 3457 1210 3509 dubium,
1225 3463 1332 3514 quod

289 3509 330 3550 in
350 3507 437 3574 casu
452 3511 565 3553 simili
582 3515 751 3556 evenire
764 3513 909 3569 posset,
926 3515 964 3557 in
981 3516 1179 3571 Capitulo
1193 3521 1330 3561 Gene-

290 3567 368 3608 rali
393 3566 487 3608 dic'ti
513 3569 677 3612 Ordinis
705 3571 908 3616 novissime
930 3573 1145 3616 celebrato
1167 3575 1327 3620 ordina-

290 3634 375 3665 tum
392 3622 540 3690 suerit?
562 3630 668 3681 quod
686 3632 899 3674 eveniente
913 3632 1027 3674 obitu
1049 3633 1219 3675 Ministri
1239 3637 1323 3676 Ge-

291 3681 440 3747 neralis
467 3683 691 3748 hujusmodi
719 3689 867 3743 primus
887 3690 1091 3733 Diffinitoi·
1113 3720 1126 3742 ‚
1151 3694 1187 3733 3<
1202 3691 1294 3735 casu
1309 3722 1323 3745 ‚

293 3754 375 3795 quo
391 3738 470 3795 ipse
493 3754 645 3796 primus
662 3746 868 3791 Diffinitor
889 3750 937 3792 ab
953 3750 1134 3797 humanis
1147 3749 1323 3795 decesse-

955 177 1118 267 Sub
1179 175 1493 266 Urbano
1550 158 1780 265 VIII.

1394 293 1475 343 rit,
1493 293 1559 335 seu
1573 293 1705 346 postea
1720 288 1918 341 decedat,
1948 296 2042 331 tunc
2056 287 2252 341 secundus
2267 291 2426 336 Diffini-

1395 363 1461 395 tor
1479 349 1699 395 succedere
1713 352 1861 394 debeat
1877 378 1891 400 ,
1905 352 1941 390 &
1959 350 2009 390 fic
2023 348 2076 389 de
2089 347 2175 390 aliis
2187 349 2399 394 succeffive
2410 379 2422 391 .

1398 413 1483 452 Nos
1498 411 1774 452 Ordinationis
1795 407 2016 466 hujusmodi
2044 406 2242 452 validi-tati
2257 437 2271 459 ‚
2291 423 2335 451 ac
2362 412 2426 452 in-

1400 469 1577 512 violabili
1605 469 1897 519 observantiae,
1924 467 2119 523 quantum
2148 481 2237 510 cum
2254 466 2426 508 Domino

1398 525 1847 582 poffumus,confu1ere‚
1861 525 2061 580 dit‘tosque
2076 536 2328 581 exponentes
2342 526 2429 580 spe-

1398 587 1565 629 cialibus
1581 584 1805 637 favoribus,
1818 588 1855 627 &
1869 585 2008 641 gratiis
2025 585 2207 642 prosequi
2225 583 2428 634 volentes,

1391 645 1429 685 δι
1457 645 1698 702 &quibusvis
1721 644 2151 687 extommunicationis
2166 672 2179 694 ‚
2208 641 2427 698 suspensio-

1392 707 1454 746 nis
1469 734 1482 756 ‚
1497 707 1537 745 &
1550 705 1774 755 interdicti,
1792 705 1957 760 aliisque
1974 703 2254 754 Ecclesiasticis
2270 700 2431 743 senten-

1393 765 1457 805 tiis
1475 792 1488 814 ,
1515 761 1692 805 censuris
1707 792 1720 814 ‚
1741 765 1780 804 &
1792 764 1922 818 poenis
1937 763 2067 818 aJure
2081 789 2096 812 ‚
2115 761 2181 803 vel
2201 761 2253 803 ab
2268 760 2433 803 homine

1392 822 1532 877 quavis
1559 820 1769 863 occasione
1793 850 1807 872 2
1836 821 1901 863 vel
1924 818 2038 862 causa
2065 819 2156 862 latis
2182 849 2195 871 ,
2223 820 2246 862 li
2283 818 2429 874 quibus

1392 878 1704 934 quomodolibet
1728 879 1910 921 innodati
1935 879 2109 922 existunt
2131 908 2144 929 ,
2168 878 2219 920 ad
2249 877 2429 922 effectum

1394 935 1647 993 praesentium
1661 937 1858 977 duntaxat
1883 936 2213 992 consequendum
2226 967 2239 989 ,
2256 939 2431 978 hanam„

1391 994 1498 1036 serie
1515 993 1767 1036 absolventes
1782 1022 1796 1044 ,
1814 996 1848 1034 &
1863 994 2063 1036 absolutos
2082 996 2170 1038 fore
2184 995 2398 1038 censentes
2415 1023 2431 1043 ,

1390 1051 1747 1107 supplicationibus
1773 1052 1938 1093 illorum
1957 1054 2143 1104 nomine,
2165 1055 2293 1097 Nobis
2315 1053 2430 1105 super

1391 1112 1468 1153 hoc
1487 1110 1697 1152 humiliter
1724 1110 1922 1165 porrectis
1951 1111 2163 1164 inclinati,
2189 1111 2428 1156 Ordinatio-

1393 1183 1483 1212 nem
1513 1165 1719 1223 praefatam
1737 1169 1775 1209 in
1792 1168 1988 1223 Capitulo
2003 1171 2199 1212 Generali
2226 1168 2432 1212 novissime

1390 1227 1606 1270 celebrato
1621 1256 1634 1279 ,
1663 1229 1703 1268 ut
1724 1227 1932 1282 praefertur
1948 1255 1959 1275 ,
1974 1223 2115 1270 fastam
2129 1256 2142 1278 ,
2159 1228 2430 1270 Autlioritate

1392 1286 1621 1342 Apostolica
1636 1315 1649 1336 ,
1676 1297 1821 1328 tenore
1842 1284 2094 1341 praesenti'um
2122 1287 2388 1342 approbamus
2411 1290 2433 1336 ,'

1390 1347 1428 1387 &
1444 1343 1754 1394 confirmamus,
1780 1359 1823 1387 ac
1853 1358 2021 1395 omnes,
2046 1346 2086 1385 δε
2110 1345 2286 1400 singulos
2314 1355 2430 1388 tant,

1392 1404 1492 1462 juris
1509 1433 1520 1454 ,
1537 1403 1656 1459 quam
1676 1401 1764 1446 fasti
1779 1401 1962 1446 defectus
1979 1431 1993 1454 ,
2016 1403 2043 1443 si
2058 1403 2127 1458 qui
2143 1402 2317 1459 desuper
2333 1416 2430 1458 quo·

1397 1461 1621 1505 niodolibet
1639 1463 1965 1512 intervenerint,
1983 1462 2206 1516 supplemus
2228 1491 2254 1509 .,
2273 1465 2432 1505 Decer-

1393 1533 1536 1565 nentes
1553 1521 1664 1562 illam
1677 1548 1691 1570 ‚
1705 1535 1862 1563 necnon
1878 1521 2085 1575 praesentes
2100 1521 2240 1563 literas
2260 1521 2429 1570 validas,

1392 1578 1523 1621 firmas
1537 1608 1550 1629 ‚
1563 1581 1602 1620 &
1618 1577 1800 1622 efficaces
1818 1580 2012 1629 existere,
2028 1580 2068 1620 &
2082 1579 2172 1621 sore
2185 1609 2199 1630 ,
2215 1593 2259 1622 ac
2275 1582 2324 1620 ab
2339 1593 2429 1619 om-

1392 1637 1527 1685 nibus,
1545 1639 1581 1678 &
1603 1637 1763 1691 lingulis
1779 1665 1794 1687 ‚
1810 1637 1858 1678 ad
1874 1651 1972 1691 quos
1988 1636 2134 1688 speetu
2150 1640 2215 1689 ,δε
2230 1652 2304 1693 pro
2323 1649 2428 1679 tem-

1393 1709 1492 1751 pore
1506 1695 1694 1750 spectabit
1710 1722 1725 1744 ,
1740 1695 2028 1737 inviolabiliter
2042 1695 2279 1746 observari,
2293 1698 2431 1750 sicque

1394 1768 1466 1810 per
1481 1751 1910 1809 quoscunqueJudi'ces
1927 1752 2166 1794 Ordinarios
2179 1783 2195 1804 ,
2210 1755 2250 1794 &
2262 1753 2432 1808 delega-

1388 1823 1449 1855 tos
1465 1841 1479 1863 ‚
1507 1812 1633 1855 etiam
1652 1809 1870 1852 Causarum
1885 1810 2031 1854 Palatii
2054 1812 2271 1866 Apostolici
2298 1811 2431 1854 Audi-

1385 1883 1496 1914 tores
1517 1869 1686 1926 judicari
1699 1899 1714 1920 ,
1737 1867 1947 1911 &definiri
1965 1869 2118 1913 debere
2133 1901 2147 1921 ‚
2171 1884 2217 1913 ac
2240 1871 2399 1911 irritum
2414 1896 2430 1920 ,

1384 1932 1557 1973 &inane
1577 1957 1591 1979 ‚
1618 1927 1642 1968 fi
1662 1927 1771 1970 secus
1791 1928 1904 1983 super
1928 1929 1985 1970 his
2003 1930 2022 1969 a
2041 1942 2242 1984 quoquam
2259 1956 2273 1979 ‚
2294 1927 2432 1985 quavis

1391 1989 1653 2032 Autboritate
1670 1985 1872 2036 scienter,
1900 1987 1965 2029 vel
1992 1988 2222 2041 ignoranter
2244 1989 2430 2042 contige·
2484 1983 2486 1985 ’

1389 2049 1445 2090 rit
1481 2046 1671 2090 attentari
1690 2074 1701 2085 .
1736 2049 1828 2088 Non
1856 2045 2100 2087 obstantibus
2129 2046 2287 2100 praesata
2314 2044 2433 2086 Pauli

1391 2103 1693 2151 Praedecefforis
1717 2135 1732 2155 ,
1768 2104 1930 2160 aliisque
1954 2105 2318 2148 Constitutionibus
2345 2133 2360 2154 ,
2391 2105 2430 2144 &

1388 2164 1720 2208 Ordinationibus
1738 2162 1981 2217 Apostolicis
1998 2194 2012 2214 ,
2030 2177 2188 2206 necnon
2205 2163 2398 2219 praedictis
2414 2188 2429 2211 ‚

1388 2227 1426 2268 &
1439 2222 1641 2281 quibusvis
1657 2222 1742 2265 aliis
1757 2222 1849 2264 dicii
1863 2222 2030 2264 Ordinis
2045 2222 2196 2274 ‚etiam
2218 2222 2431 2279 juramen-

1389 2296 1433 2326 to
1449 2312 1462 2335 2
1478 2280 1787 2325 confirmatione
1804 2280 2034 2335 Apostolica
2046 2308 2061 2332 ³
2085 2280 2149 2323 vel
2166 2281 2303 2336 quavis
2321 2280 2432 2324 alia„

1389 2342 1584 2385 firmitate
1610 2340 1810 2384 roboratis
1839 2340 1991 2383 statutis
2013 2370 2028 2390 ,
2055 2341 2094 2381 &
2123 2339 2429 2383 consuetudini-

1390 2403 1492 2452 bus,
1521 2399 1741 2455 privilegiis
1769 2413 1957 2467 quoqu52,
1990 2397 2187 2450 indultis,
2219 2406 2256 2441 &
2283 2397 2434 2439 Literis

1391 2457 1633 2515 Apostolicis
1663 2462 1702 2500 in
1732 2469 1986 2500 contrarium
2017 2456 2298 2513 praemissorum
2326 2470 2431 2512 quo-

1390 2516 1616 2560 modolibet
1634 2515 1848 2566 concessis,
1865 2515 2126 2566 confirmatis,
2140 2520 2178 2558 &
2196 2516 2397 2558 innovatis
2411 2542 2424 2554 .

1392 2577 1554 2636 Qibus
1582 2575 1764 2618 omnibus
1787 2603 1801 2625 ,
1830 2577 1870 2616 &
1888 2574 2042 2625 lingulis
2075 2573 2240 2618 illorum
2273 2585 2436 2615 tenores

1394 2635 1653 2691 praesentibus
1670 2648 1742 2688 pro
1757 2634 1877 2689 plene
1892 2663 1907 2684 ‚
1933 2636 1973 2675 &
1988 2630 2232 2678 sufficienter
2247 2630 2436 2687 expressis

1393 2696 1610 2744 habentes,
1628 2693 1705 2735 illis
1719 2693 1816 2735 alias
1834 2693 1871 2733 in
1888 2691 1956 2734 suo
1974 2694 2120 2734 robore
2138 2689 2433 2748 permansuris,

1389 2755 1464 2797 hac
1485 2754 1572 2794 vice
1586 2752 1781 2794 duntaxat
1797 2749 2023 2803 specialiter
2043 2779 2058 2800 ‚
2085 2753 2124 2791 δι
2147 2749 2333 2805 expresse
2360 2748 2436 2791 de-

1389 2825 1573 2867 rogamus
1600 2839 1614 2861 ,
1650 2808 1893 2863 caeterisque
1923 2809 2137 2850 contrariis
2190 2806 2434 2865 quibuscun-

1389 2885 1468 2926 que
1483 2900 1493 2911 .
1516 2869 1714 2912 Volumus
1727 2877 1863 2911 autem
1883 2895 1897 2916 ‚
1927 2867 2034 2922 quod
2052 2866 2301 2922 praesentium
2322 2877 2436 2909 tran-

1392 2929 1556 2982 sumptis
1567 2928 1714 2978 ,etiam
1726 2925 1915 2980 impreffis
1933 2940 2073 2976 ‚manu
2090 2923 2432 2981 alicujusNotarii

1393 2988 1543 3045 publici
1562 2985 1786 3039 subscriptis
1800 3015 1815 3036 ,
1843 2986 1883 3025 &
1901 2986 2048 3039 Sigillo
2065 2985 2231 3042 alicujus
2251 2985 2431 3039 personae

1391 3050 1430 3091 in
1455 3047 1665 3103 nignitate
1690 3044 1962 3086 Ecclefiastica
1985 3044 2210 3086 constituta·
2233 3043 2397 3085 munitis
2416 3070 2432 3094 ,

1391 3106 1538 3150 eadem
1552 3101 1708 3162 prorsus
1723 3101 1822 3145 fides
1837 3101 2075 3145 adhibeatur
2092 3131 2104 3153 ‚
2127 3115 2211 3157 quae
2223 3102 2310 3156 ipsis
2328 3115 2428 3156 prae-

1394 3165 1568 3210 sentibus
1591 3162 1879 3211 adhiberetur,
1903 3162 1930 3202 ss
1957 3160 2094 3203 forent
2111 3162 2297 3203 exhibitae
2314 3189 2328 3211 ‚
2360 3158 2427 3201 vel

1393 3223 1550 3267 ostensae
1564 3253 1575 3266 .
1605 3225 1759 3264 Datum
1779 3222 1917 3262 Romae
1932 3220 2039 3275 apud
2057 3223 2238 3263 Sanetam
2257 3218 2429 3261 Mariam

1397 3282 1599 3335 Maiorem
1620 3281 1686 3322 sub
1700 3279 1866 3322 Annulo
1883 3279 2093 3323 piscatoris
2120 3280 2188 3322 die
2201 3293 2327 3321 xxiii.
2345 3282 2429 3319 Au-

1395 3342 1497 3398 gusti
1526 3357 1575 3384 M.
1593 3354 1831 3384 nc.xxxiii.
1859 3337 2124 3384 Pontificatus
2145 3339 2283 3381 Nostri
2308 3339 2428 3379 Anno

1398 3401 1628 3446 Undecimo
1636 3427 1650 3441 .

1920 3458 1983 3499 Μ.
2007 3459 2058 3499 A.
2074 3456 2285 3499 Maraldus
2299 3484 2311 3496 .

1447 3574 1745 3631 Autograpbum
1771 3577 1814 3615 ln
1837 3572 1957 3615 Arch.
1982 3576 2125 3615 Secret.
2149 3578 2271 3616 Brev.
2295 3571 2426 3629 Apost.

1499 3637 1654 3688 Regeslo
1683 3636 1784 3687 Aug.
1808 3631 1856 3673 16
1859 3646 1878 3686 3
1890 3646 1927 3686 3.
1938 3630 2016 3690 fol.
2036 3645 2092 3685 ¹4-
2108 3632 2152 3673 de
2167 3647 2241 3688 quo
2255 3638 2428 3676 Breve,

1490 3686 1720 3747 formatum
1751 3694 1795 3733 in
1824 3691 1944 3734 Arch.
1960 3705 2052 3747 gen.
2074 3691 2232 3735 Ordinis
2253 3695 2288 3735 Τ
2283 3704 2354 3733 om·
2372 3692 2426 3730 H·

1497 3763 1606 3793 num.
1623 3761 1693 3806 95.
2307 3807 2347 3850 U

2351 3814 2369 3847 t
