2658 4244
315 196 470 279 126

242 312 376 355 fertur
393 343 406 365 ‚
427 308 730 370 confertamque
745 312 920 372 desuper
936 317 1172 373 scripturam
1186 333 1290 376 prae-

241 369 434 414 insertam
460 385 551 413 cum
575 374 758 416 omnibus
775 401 789 423 ,
818 377 856 416 &
876 376 1034 434 lingulis
1061 379 1102 420 in
1119 393 1166 421 ea
1188 391 1291 420 con-

243 432 364 471 tentis
380 460 396 481 ,
409 430 675 474 Authoritate
697 434 946 488 Apostolica,
962 447 1107 479 tenore
1122 435 1288 492 praesen-

242 489 346 530 tium
362 488 643 532 confirmamus
658 520 673 542 ,
696 493 734 532 &
748 497 1014 549 approbamus
1028 524 1042 547 ,
1070 497 1285 551 illisque...-

241 547 489 591 inviolabilis
517 549 753 606 Apostolicae
771 550 976 596 firmitatis
992 556 1118 597 robur
1148 554 1289 596 adiici-

242 619 332 647 mus
347 635 362 658 ,
391 620 436 648 ac
453 620 593 649 omnes
611 635 626 658 ,
652 610 692 649 &
705 611 882 665 fingulos
897 612 995 669 juris
1010 642 1024 664 ,
1055 617 1094 655 δι
1108 613 1197 655 fasti
1211 612 1284 655 de«

240 663 372 707 scetus
387 693 401 717 ,
425 666 452 706 si
475 665 546 718 qui
568 666 744 720 desuper
769 671 1083 726 quomodolibet
1107 675 1289 715 interve-

240 725 380 766 nerint
395 753 411 774 ,
435 722 667 779 supplemus
683 753 699 776 ,
724 729 765 768 &
778 731 949 784 proinde
963 741 1208 786 perpetuum
1227 730 1291 770 su-

241 796 318 838 per
344 783 620 827 controverfia
651 786 839 841 praedie'ta
865 788 1077 845 utriusque
1106 790 1287 831 Partium

241 841 445 884 silentium
462 840 607 884 eadem
622 846 899 898 authoritate,
931 849 1074 890 harum
1088 848 1191 890 serie
1213 846 1290 886 im·-

241 901 427 959 ponimus
442 914 455 944 :
472 901 745 946 decernentes
763 903 922 948 easdem
939 908 1150 960 praesentes
1174 905 1289 947 Lite-

241 975 309 1005 ras
335 958 493 1016 semper
521 958 652 1004 firmas
670 994 685 1014 ,
717 963 901 1014 validas,
929 967 966 1007 &
995 964 1175 1009 efficaces
1203 963 1290 1005 exi-

241 1021 347 1063 stere
361 1047 374 1069 ,
400 1021 439 1061 &
454 1017 543 1062 fore
561 1050 575 1072 ‚
600 1020 767 1074 suosque
785 1022 992 1077 plenarios
1010 1052 1024 1073 ,
1052 1024 1288 1076 &integros

241 1078 410 1120 effeetus
424 1076 555 1119 sortiri
572 1106 586 1128 ,
611 1081 880 1130 &obtinere,
911 1094 959 1123 ac
977 1080 1059 1122 illis
1077 1108 1091 1130 ,
1118 1080 1167 1121 ad
1185 1092 1289 1133 quos

234 1137 393 1190 vspec‘tat
418 1164 433 1185 ,
460 1138 499 1176 &
525 1147 599 1188 pro
631 1147 820 1193 tempore
846 1138 1174 1193 quandocunque
1200 1137 1291 1191 spe-

242 1194 392 1243 etabit,
416 1195 457 1235 in
484 1194 668 1236 omnibus
694 1223 709 1245 ,
738 1198 778 1237 &
802 1208 874 1249 per
900 1197 1036 1239 omnia
1066 1193 1292 1250 pleniffime

243 1251 481 1305 suffragari,
509 1252 550 1292 &
578 1253 627 1294 ab
657 1253 715 1295 eis
745 1254 968 1310 respeffive
992 1254 1288 1298 inviolabiliter

243 1309 478 1361 observari3
509 1311 640 1367 sicque
665 1313 704 1355 in
719 1313 915 1369 praemissis
929 1328 1001 1370 per
1024 1313 1287 1370 quoscunque

241 1370 405 1429 Judices
421 1367 650 1413 ordinarios
662 1401 677 1422 ,
690 1374 729 1413 ‹Sc
742 1371 957 1428 delegatos
972 1404 986 1424 ,
1001 1375 1125 1416 etiam
1141 1371 1293 1415 Causa-

243 1443 332 1472 rum
345 1427 488 1470 Palatii
502 1429 1115 1487 Apost.Auditores,judicari,&
1129 1428 1290 1472 definiri

243 1488 401 1530 debere
416 1515 431 1535 2
445 1499 488 1527 ac
503 1486 681 1540 irritum,
691 1490 728 1530 &
742 1490 880 1540 inane,
892 1489 1090 1545 quidquid
1106 1487 1216 1531 secus
1229 1485 1294 1531 su-

245 1561 321 1602 per
336 1545 396 1587 his
410 1545 431 1584 εὶ
444 1557 647 1600 quoquam
659 1548 802 1602 quavis
815 1549 1068 1591 authoritate
1084 1547 1260 1589 scienter
1275 1578 1293 1598 ,

243 1605 315 1647 vel
329 1605 566 1658 ignoranter
579 1605 795 1660 contigerit
805 1607 1010 1648 attentari.
1027 1609 1122 1647 Non
1139 1604 1296 1647 obstan-

244 1663 354 1703 tibus
370 1660 567 1715 praemiffis
579 1676 647 1709 ,ac
660 1663 1025 1705 Constitutionibus
1038 1690 1052 1711 ,
1067 1663 1104 1702 &
1119 1661 1294 1703 Ordina-

241 1719 424 1762 tionibus
438 1716 697 1770 Apostolicis,
711 1734 885 1770 necnon,
898 1729 1100 1775 quatenus
1113 1732 1214 1773 opus
1230 1719 1293 1770 fir,

243 1774 504 1833 praefatorum
519 1775 723 1819 Ordinum
739 1806 753 1830 ,
775 1780 816 1819 &
833 1778 1175 1833 Congregationis
1191 1779 1294 1821 Gal-

243 1837 384 1879 licanae
399 1861 412 1885 ,
438 1831 606 1889 aliisque
620 1834 826 1890 quibusvis
841 1866 855 1889 ,
884 1838 1007 1880 etiam
1023 1837 1260 1892 juramento
1274 1865 1290 1887 ,

245 1892 554 1936 confirmatione
572 1894 804 1948 Apostolica
819 1923 833 1946 ,
856 1897 922 1939 vel
938 1897 1079 1952 quavis
1094 1893 1291 1939 firmitate

247 1952 328 1995 alia
355 1950 557 1992 roboratis
581 1954 753 1994 Statutis
779 1982 794 2003 ,
821 1955 861 1994 &
884 1953 1258 1997 Consuetudinibus
1277 1983 1290 2006 ,

245 2007 479 2064 Privilegiis
496 2021 655 2064 quoque
674 2009 851 2053 Indultis
864 2041 879 2062 ,
900 2014 941 2054 δι
954 2012 1102 2055 Literis
1117 2013 1292 2067 Aposto-

248 2069 358 2120 licis,
368 2069 410 2110 in
426 2068 673 2109 contrarium
687 2068 969 2125 praemissorum
983 2070 1295 2126 quomodolibet

249 2125 445 2169 conceffis
467 2156 483 2176 ,
508 2124 755 2169 confirmatis
771 2157 785 2180 ,
808 2134 845 2172 δι
868 2131 1071 2172 innovatis
1098 2144 1114 2183 ς,
1148 2133 1292 2186 quibus

249 2185 432 2228 omnibus
449 2212 463 2234 ,
487 2185 528 2225 &
547 2183 704 2239 fingulis
725 2186 893 2232 illorum
910 2199 1075 2232 tenores
1095 2191 1294 2242 praesenti-

242 2245 326 2286 bus
341 2257 413 2299 pro
436 2242 555 2296 plene
569 2272 584 2296 ,
609 2246 648 2285 &
666 2245 913 2290 sufficienter
939 2247 1132 2302 expressis
1146 2277 1160 2300 ‚
1186 2252 1226 2291 &
1241 2250 1291 2293 ad

249 2303 423 2344 verbum
444 2300 604 2342 insertis
621 2304 812 2348 habentes
827 2334 841 2356 ,
865 2306 944 2348 illis
967 2305 1065 2349 alias
1078 2306 1117 2347 in
1145 2307 1214 2348 suo
1228 2323 1293 2350 ro-

253 2362 356 2403 bore
371 2359 636 2414 permansuris
651 2388 666 2411 ,
697 2362 747 2404 ad
763 2362 1042 2415 praemissorum
1074 2364 1258 2407 effectum
1275 2394 1291 2416 ,

250 2422 326 2463 hac
347 2419 435 2459 vice
457 2417 652 2460 duntaxat
667 2418 899 2475 specialiter
915 2451 930 2471 ,
957 2425 998 2463 &
1017 2422 1204 2476 expresse
1219 2425 1291 2466 de-

252 2490 440 2533 rogamus
455 2505 469 2528 ,
490 2474 723 2532 caeterisque
736 2480 950 2521 contrariis
966 2479 1265 2536 quibuscunque
1280 2511 1292 2521 .

250 2537 457 2580 Volumus
479 2545 615 2577 autem
631 2563 645 2586 ,
674 2545 717 2577 ut
745 2537 983 2580 earumdem
1004 2537 1297 2593 praesentium..

252 2596 484 2639 Literarum
515 2593 802 2649 transumptis,
827 2596 897 2639 seu
922 2597 1144 2652 exemplis,
1170 2599 1295 2642 etiam

243 2651 460 2708 *impreffiQ
471 2666 589 2693 manu
601 2652 770 2710 alicujus
786 2656 947 2699 Notarii
962 2656 1110 2712 publici
1125 2656 1294 2700 subscri-

246 2713 334 2768 ·ptis
349 2739 363 2762 ,
386 2712 423 2751 δι
439 2708 568 2764 sigillo
585 2710 756 2763 personae
770 2714 807 2755 in
825 2714 1103 2758 Ecclesiastica
1118 2717 1293 2771 dignita—

252 2781 296 2812 te
310 2768 533 2811 constitutae
560 2768 720 2809 munitis
738 2797 751 2820 ‚
783 2771 926 2813 eadem
947 2787 1105 2828 prorsus
1123 2774 1225 2818 fides
1253 2778 1293 2818 in

253 2827 435 2887 judicio,
461 2828 501 2867 &
516 2835 630 2867 extra
646 2825 745 2869 illud
760 2830 987 2883 habeatur,
1013 2845 1099 2886 quae
1121 2834 1294 2878 habere-

255 2899 324 2929 tur
350 2884 437 2940 ipsis
460 2883 717 2939 praesentibus
733 2915 747 2937 ,
774 2886 800 2929 fi
822 2885 957 2931 forent
986 2890 1198 2943 exhibitae,
1225 2893 1292 2936 vel

255 2946 414 2990 ostensae
433 2972 444 2984 .
473 2945 621 2985 Datum
647 2946 786 2988 Romae
814 2947 917 3001 apud
942 2951 983 2992 S.
1006 2950 1182 2993 Mariam
1203 2955 1294 2996 Ma-

248 3005 386 3063 rjorem
419 3001 487 3044 sub
521 3001 681 3043 Annulo
713 3005 927 3048 Piscatoris
952 3037 967 3057 ,
1000 3007 1071 3049 die
1099 3024 1183 3053 xx.
1212 3014 1292 3054 Fe-

250 3061 406 3105 bruarii
433 3075 677 3110 moctxxv.
707 3063 968 3109 Pontificatus
1000 3067 1137 3111 Nostri
1167 3071 1293 3114 Anno

254 3125 444 3180 Qinto.
799 3143 800 3147 ¹

874 3187 906 3225 Ι.
932 3187 982 3227 G.
1006 3185 1183 3241 Slust’us.

310 3297 615 3353 Autographum
641 3295 683 3339 in
698 3299 866 3341 Archivo
873 3298 1018 3357 steret.
1034 3306 1150 3343 Brea.
1166 3303 1298 3363 Apost.

370 3361 468 3411 Reg.
486 3355 602 3402 Febr.
632 3356 753 3407 1675.
769 3356 849 3416 fol.
868 3370 937 3408 45.
967 3358 1011 3399 de
1038 3373 1112 3415 quo
1135 3364 1297 3416 exempl.

371 3415 482 3459 auth.
509 3419 553 3458 in
564 3415 684 3460 Arch.
700 3429 790 3472 gen.
806 3416 901 3459 Ord.
921 3419 958 3460 T
952 3430 1025 3459 om.
1041 3421 1187 3463 F.num
1201 3434 1215 3461 1
1225 3432 1293 3474 54.

489 3531 1055 3602 NOTA.

370 3643 397 3678 E
418 3643 480 3679 hac
493 3647 629 3682 materia
646 3646 823 3683 videantur
843 3647 941 3694 supra
954 3646 1014 3683 sol.
1038 3645 1100 3693 63-
1113 3648 1295 3683 Decretum

379 3691 439 3726 sub
455 3693 546 3738 Rapa
562 3695 673 3730 Paulo
695 3695 743 3731 V.
757 3706 943 3732 emanatum
958 3719 969 3738 ,
991 3695 1026 3732 8<
1049 3695 1134 3731 infra
1160 3693 1297 3730 Consti-

263 3742 415 3776 uniones
442 3738 511 3774 PP.
536 3741 723 3778 Clementis
741 3745 805 3781 Xl.
829 3742 1010 3783 Benediffi
1034 3745 1130 3783 Xlll·
1153 3743 1188 3782 &
1211 3743 1295 3780 Cle·

263 3787 386 3827 mentis
400 3786 554 3836 gloriose
566 3791 734 3835 regnantis
745 3817 756 3831 .
844 3798 847 3801 ’

927 202 1090 290 Sub
1149 202 1528 288 Clemente
1585 202 1675 288 X
1668 265 1687 277 .

1350 317 1585 369 Fratribus
1607 318 1665 366 ad
1682 311 1918 367 Miffiones
1932 309 2216 380 ablegandis,
2234 315 2283 369 ὅ(
2300 309 2378 387 p'o.

1382 393 1493 458 pulo
1510 387 1738 437 Miffionis
1769 383 1984 436 exercitia
2007 382 2235 435 accedenti
2252 394 2382 456 Apo-

1383 459 1587 509 stolicam
1608 456 1980 507 Benedifflonem
1995 486 2012 510 ,
2040 450 2246 502 confeffis
2263 457 2382 507 insu·-

1382 547 1463 598 per
1481 566 1497 588 ,
1520 528 1569 580 ὅ(
1585 527 1932 578 communicatis
1950 522 2282 593 indulgentiam
2295 529 2384 593 ple.

1350 602 1356 609 '
1379 602 1553 650 nariam
1574 601 1800 669 largitur,
1831 594 2104 661 mandatque
2134 595 2386 646 locorum..

1384 670 1645 720 ordinariis
1662 706 1678 729 ‚
1693 668 1748 732 ,ἃ
1766 665 2070 718 Ecclefiaru‘m
2087 664 2389 724 Restoribus,

1383 754 1436 790 ut
1454 742 1629 791 Literas
1646 739 1932 808 Apostolicas
1957 738 2130 806 populo
2161 736 2387 805 copiofius

1383 822 1662 879 congregato
1690 810 1922 880 publicent
1938 843 1955 866 ,
1990 826 2042 856 ac
2075 805 2388 873 Miffionarios

1382 882 1554 927 auxilio
1572 900 1624 929 ac
1647 878 1803 931 favore
1818 880 2152 948 prosequantur
2167 915 2179 928 .

1472 1007 1876 1058 CLEMENS
1929 1009 2151 1059 PAPA
2207 1012 2275 1059 X.

1413 1131 1604 1190 Universis
1623 1131 2157 1192 Christssdelibuspraefintes
2176 1138 2333 1179 Literas

1465 1191 1694 1247 irfieffluris
1707 1220 1721 1244 ,
1741 1193 1917 1235 Salutem
1929 1220 1942 1243 ‚
1957 1193 2005 1240 (3¹
2018 1195 2274 1251 Apostolicam

1708 1251 2013 1296 Benedifflonem
2023 1281 2034 1292 .

1462 1369 1681 1413 Oelestium
1698 1384 1913 1413 munerum
1934 1370 2160 1413 Thesauros
2176 1397 2189 1420 ,
2216 1380 2392 1426 quorum

1489 1426 1778 1484 dispensatores
1800 1428 1878 1472 effe
1895 1433 1980 1472 Nos
1999 1429 2127 1471 voluit
2141 1427 2361 1471 Altiffimus
2374 1453 2389 1477 ,

1352 1482 1530 1529 libenter
1545 1486 1606 1528 his
1619 1487 1875 1544 impartimur
1889 1515 1903 1537 ,
1919 1502 2016 1544 quos
2028 1502 2103 1543 pro
2114 1486 2237 1529 suain
2252 1489 2389 1529 Deum

1351 1543 1392 1582 &
1410 1545 1611 1597 proximos
1631 1548 1834 1589 charitate
1848 1577 1862 1599 ,
1887 1548 1925 1588 δε
1955 1545 2190 1589 Christianae
2205 1545 2391 1600 Religio-

1353 1601 1414 1642 nis
1429 1603 1537 1644 Zelo
1551 1632 1565 1653 ,
1592 1606 1809 1648 animarum
1823 1606 2007 1648 Salutem
2031 1604 2139 1647 omni
2154 1604 2283 1645 studio
2297 1616 2390 1657 pro-

1354 1671 1499 1699 curare
1514 1660 1775 1714 intelligimus
1792 1690 1805 1712 ,
1828 1677 1910 1717 quo
1925 1664 1964 1702 in
1983 1676 2139 1717 genere
2153 1677 2242 1703 cum
2264 1661 2392 1704 Ordi-

1353 1715 1412 1755 nis
1436 1717 1622 1759 Fratrum
1646 1718 1852 1760 Minorum
1879 1723 1919 1762 S.
1938 1719 2135 1761 Francisci
2154 1720 2392 1773 Capucino-

1352 1787 1440 1814 rum
1459 1786 1782 1831 nuncupatorum
1800 1776 2028 1831 Religiosos
2044 1777 2261 1819 habeamus
2275 1803 2290 1826 ,
2304 1774 2391 1817 eos-

1350 1832 1487 1887 quein
1503 1834 1644 1889 primis
1658 1863 1673 1887 ,
1687 1841 1790 1892 qu‘os
1807 1835 1975 1878 dileetus
1990 1833 2095 1877 filius
2110 1835 2292 1878 Minister
2307 1836 2394 1876 Ge-

1352 1890 1499 1933 neralis
1527 1892 1705 1950 ejusdem
1720 1895 1885 1937 Ordinis
1909 1894 1963 1938 ob
1988 1894 2089 1935 hanc
2123 1893 2282 1936 causam
2295 1907 2394 1948 pro-

1349 1949 1457 1991 xime
1487 1951 1667 1994 venturis
1697 1953 1783 2007 post
1797 1955 2034 2008 praesentem
2061 1965 2209 1993 annum
2231 1950 2390 2007 Jubilaei

1349 2009 1459 2050 annis
1477 2035 1491 2058 ,
1516 2010 1556 2051 in
1571 2011 1747 2053 diversas
1761 2011 1991 2054 Christianae
2006 2009 2260 2063 Reipublicae
2290 2010 2394 2051 Pro-

1355 2067 1506 2109 vincias
1522 2070 1686 2113 mittere
1702 2070 1907 2113 constituit
1923 2100 1934 2110 .
1951 2072 2037 2113 Nos
2053 2067 2144 2111 sane
2158 2067 2392 2111 eorundem

1353 2125 1651 2181 Religiosorum
1665 2128 1860 2184 pietatem
1875 2143 1921 2171 ac
1935 2140 2118 2184 operam,
2130 2141 2360 2182 eorumque
2375 2154 2389 2177 ,

1353 2185 1403 2226 ad
1418 2199 1516 2240 quos
1533 2188 1593 2230 illi
1606 2189 1796 2230 mittendi
1812 2197 1933 2231 erunt
1947 2214 1961 2238 ,
1980 2185 2241 2240 Religionem
2267 2187 2306 2226 &
2322 2184 2394 2226 de-

1354 2244 1564 2290 votionem
1580 2246 1815 2303 specialibus
1836 2247 1972 2303 gratiis
1988 2242 2210 2287 confovere
2225 2273 2238 2294 ,
2271 2254 2394 2298 atque

1352 2316 1504 2356 augere
1519 2306 1727 2360 cupientes
1742 2334 1756 2358 ,
1782 2305 1959 2365 ejusdem
1982 2303 2152 2346 Ministri
2167 2303 2389 2345 Generalis

1351 2363 1538 2414 precibus
1562 2365 1690 2407 Nobis
1716 2363 1832 2422 super
1857 2366 1933 2408 hoc
1961 2361 2172 2406 humiliter
2197 2361 2392 2418 porret'tis

1352 2419 1552 2474 inclinati,
1567 2423 1750 2478 piamque
1764 2425 1870 2467 illius
1884 2422 2246 2471 deliberationem,
2259 2434 2391 2477 quan-

1353 2477 1439 2518 tum
1456 2495 1548 2524 cum
1566 2484 1740 2527 Domino
1755 2482 1972 2539 possumus,
1986 2493 2229 2536 promovere
2245 2480 2390 2520 volen-

1356 2548 1434 2587 tes,
1448 2537 1501 2582 de
1517 2541 1819 2596 omnipotentis
1835 2543 1915 2583 Dei
1930 2537 2226 2588 Misericordia,
2240 2539 2279 2577 &
2293 2539 2396 2577 Bea-

1356 2607 1490 2640 torum
1505 2599 1616 2641 Petri
1635 2631 1650 2651 ,
1677 2603 1716 2642 &
1736 2600 1852 2644 Pauli
1882 2597 2171 2655 Apostolorum
2201 2594 2287 2650 ejus
2304 2596 2393 2636 Au-

1350 2657 1538 2701 ctoritate
1551 2658 1683 2701 confifi
1696 2691 1711 2711 ,
1727 2659 1911 2702 omnibus
1926 2688 1939 2710 ‚
1952 2659 1992 2698 &
2009 2653 2169 2710 singulis
2185 2653 2296 2695 dicta.-
2312 2655 2394 2695 Re.

1353 2713 1515 2770 ligionis
1531 2718 1742 2773 Religiofis
1760 2719 1968 2761 mittendis
1995 2715 2097 2770 (ubi
2121 2723 2256 2755 tamen
2275 2725 2388 2755 nom,

1352 2784 1474 2817 erunt
1488 2775 1719 2818 Misfionarii
1737 2773 2072 2831 Congregationis
2089 2771 2142 2811 de
2158 2773 2391 2825 Propagan-

1350 2833 1402 2877 da
1418 2832 1553 2890 Fide)
1574 2834 1613 2874 &
1632 2834 1718 2876 aliis
1736 2833 1941 2890 utriusque
1963 2827 2089 2875 Sexus
2105 2827 2390 2871 Christifideli-

1350 2894 1424 2936 bus
1447 2911 1464 2946 ς
1487 2893 1537 2938 ad
1565 2907 1664 2949 quos
1694 2894 1760 2949 ipsi
1792 2890 1983 2935 mittendi
2010 2884 2248 2954 accesserint
2264 2915 2277 2937 ,
2307 2890 2395 2934 No-

1353 2952 1470 2996 stram
1485 2982 1499 3005 ,
1514 2956 1554 2995 &
1570 2953 1840 3009 Apostolicam
1856 2949 2183 2995 Benediffionem
2201 2958 2276 2999 per
2289 2959 2390 3000 prae-

1351 3012 1486 3056 sentes
1510 3014 1762 3070 impartimur
1776 3041 1788 3052 .
1821 3015 1995 3055 Necnon
2021 3006 2162 3048 iisdem
2182 3003 2279 3046 vere
2296 3017 2389 3069 poe-

1352 3072 1608 3124 nitentibus,
1632 3074 1670 3114 &
1684 3069 1867 3114 confessis
1881 3099 1895 3120 ,
1921 3082 1968 3110 ac
1996 3063 2103 3107 sacra
2124 3066 2392 3103 Communic-

1353 3145 1405 3175 ne
1431 3129 1617 3180 refectis,
1639 3133 1708 3184 qui
1732 3142 1807 3184 pro
1829 3128 1976 3171 Sanfflr
1992 3125 2183 3165 Romanae
2198 3118 2389 3184 Ecclefiae

1356 3190 1630 3240 exaltatione,
1644 3187 1870 3242 Principum
1883 3181 2204 3228 Christianorum
2215 3191 2391 3245 ’umor-ie,

1354 3248 1587 3292 Infidelium
1601 3247 1869 3291 conversione
1882 3273 1896 3296 ,
1923 3239 2070 3286 Hares
2064 3252 2128 3280 um
2142 3247 2384 3303 extirpatio-

1357 3322 1410 3350 ne
1422 3334 1437 3358 ,
1452 3318 1573 3364 prout
1587 3306 1805 3362 unicuique
1819 3304 2008 3360 suggeret
2020 3297 2190 3365 deifotio
2204 3326 2218 3346 ,
2237 3308 2319 3362 pras
2337 3295 2388 3337 ad

1357 3367 1492 3410 Deum
1507 3381 1648 3423 preces
1665 3364 1884 3409 effuderint
1898 3390 1912 3412 ,
1942 3359 2161 3415 plenariam
2175 3368 2387 3420 omniunt,

1355 3436 1625 3482 peccatorum
1651 3423 1811 3468 suorum
1828 3416 2125 3474 Indulgentiam
2143 3441 2157 3463 ,
2183 3415 2223 3455 &
2248 3411 2390 3479 remis-

1354 3485 1503 3528 fionem
1520 3481 1833 3528 misericorditer
1848 3479 1888 3524 in
1906 3477 2100 3524 Domino,
2121 3474 2387 3538 Authoritate

1353 3545 1583 3601 Apostolica
1597 3574 1612 3595 ,
1628 3553 1772 3585 tenore
1787 3533 2050 3593 praesentium,
2065 3546 2137 3588 pro
2151 3545 2227 3574 una
2245 3543 2388 3574 vict.»

1354 3604 1552 3646 duntaxat
1567 3616 1640 3657 pro
1652 3609 1883 3655 unaquaque
1902 3591 2084 3635 Miffione
2101 3590 2382 3638 concedimus,

1353 3664 1391 3703 ἃ.
1408 3661 1628 3716 elargimur
1641 3690 1653 3699 .
1687 3658 1915 3698 Hortantes
1931 3649 2194 3693 Venerabiles
2219 3652 2384 3714 fratres

1355 3720 1624 3768 Patriarchas,
1641 3715 1836 3757 Primates
1851 3739 1864 3759 ,
1878 3707 2213 3764 Archiepiscopos
2229 3735 2243 3757 ,
2263 3702 2376 3762 Epis-

1354 3791 1503 3837 copos,
1524 3779 1564 3823 ὃς
1589 3774 1688 3820 alios
1705 3767 1972 3816 Ecclefiarum
1990 3769 2068 3811 Dei
2093 3766 2285 3867 lgaeeltatos
2300 3793 2315 3813 ‚
2341 3763 2381 3804 &

2143 3838 2163 3866 e
2205 3834 2292 3863 ores
2309 3847 2324 3875 ,
