2658 4244
981 207 1142 294 Sub
1204 207 1452 294 Paulo
1517 206 1648 296 III.

251 332 460 379 contrariis
491 328 790 389 quibuscunque
818 354 831 368 .
876 325 1073 367 Volumus
1105 331 1239 388 autem
1269 353 1282 375 ,

251 391 360 447 quod
375 390 623 448 praesentium
641 384 893 441 transumptis
909 409 924 433 ,
952 381 1097 437 Sigillo
1113 381 1280 437 alicujus

250 449 425 506 personae
460 451 499 493 in
532 450 731 505 dignitate
758 442 1028 488 Ecclefiastica
1059 440 1283 482 ‚constitutae

252 508 412 564 signatis
426 538 440 562 ,
462 524 511 551 ac
525 521 641 551 manu
656 503 826 559 alicujus
855 501 1003 555 publici
1021 499 1182 542 Notarii
1197 496 1285 541 sub-

252 565 412 624 scriptis
437 565 582 610 eadem
596 563 754 618 prorsus
783 559 881 603 fides
906 557 1177 607 adhibeatur,
1204 571 1288 611 quae

253 625 513 681 originalibus
541 621 804 665 adhiberetur
824 648 840 670 ,
883 618 909 661 si
937 615 1073 660 forent
1099 615 1289 658 exhibitae

254 685 323 726 vel
338 680 517 726 ostensae,
532 682 682 722 Datum
707 681 842 721 Romae
855 676 962 732 apud
975 678 1160 718 sanctum
1182 678 1291 716 Mar-

256 755 348 783 cum
368 740 435 781 sub
454 738 620 784 Annulo
636 737 848 779 Piscatoris
871 735 939 776 die
957 747 1021 786 ¹4·
1036 735 1143 791 Aug.
1168 743 1292 789 1535.

255 797 515 844 Pontificatus
536 794 671 839 Nostri
692 797 812 840 Anno
827 794 965 839 Primo
978 821 991 836 .

1000 909 1168 969 Blost'us.

372 1036 432 1078 Ex
450 1033 492 1075 P.
504 1031 700 1089 Wadt'ngo
719 1033 822 1075 Tom‚
843 1029 905 1073 16.
911 1027 991 1087 fol.
1006 1044 1025 1089 3
1033 1032 1102 1087 98.

253 1270 470 1319 Decernit
488 1305 502 1330 ,
535 1282 587 1317 ut
605 1304 621 1326 ,
650 1267 683 1318 fi
699 1274 835 1331 juxta
859 1268 1065 1334 Capituli
1093 1270 1291 1315 Genera-

287 1340 341 1386 lis
357 1375 373 1397 ,
390 1341 416 1386 ὲ
433 1338 636 1390 Patribus
654 1338 709 1388 de
727 1335 1033 1391 Observantia
1046 1335 1257 1387 celebrati
1275 1369 1291 1390 ,

287 1408 579 1458 Sanf'tionem
601 1442 616 1464 ,
655 1407 873 1475 Capitula
903 1423 1064 1459 eorum
1101 1406 1291 1455 Provin-

283 1480 415 1527 cialia
428 1513 445 1537 ,
476 1480 593 1528 intra
617 1477 730 1527 duos
754 1474 923 1525 menses
949 1474 1182 1528 Fratribus
1198 1493 1291 1532 ,ar-

284 1547 477 1599 &iorem
506 1550 650 1598 vitam
672 1547 838 1597 ducere
865 1546 1125 1598 volentibus
1145 1581 1160 1603 ,
1194 1563 1286 1593 non

283 1618 604 1690 affignaverint
619 1654 635 1676 ,
669 1617 805 1667 libere
833 1618 876 1665 hi
905 1617 963 1666 ad
990 1621 1168 1666 Fratres
1195 1620 1288 1665 Ca-

285 1693 516 1759 puciatos‚
533 1686 608 1740 seu
623 1691 882 1759 Capucinos
901 1685 1086 1739 transire
1104 1685 1286 1756 possint.

394 1844 738 1899 PAULUS
789 1846 990 1894 PAPA
1046 1846 1146 1894 ΙΙΙ.

452 1953 522 1996 Ad
529 1953 721 2012 futuram
748 1956 808 1997 ret·
834 1954 1057 1997 memoriam
1070 1979 1081 1994 .
1113 1995 1115 1997 ,

376 2086 510 2131 Udum
524 2084 727 2142 postquam
742 2099 812 2140 per
827 2099 897 2127 nos
908 2090 1079 2137 accepto
1090 2113 1103 2135 ,
1116 2082 1223 2140 quod
1240 2098 1289 2125 ex

403 2161 453 2187 eo
467 2175 481 2197 ,
505 2145 614 2200 quod
631 2143 809 2188 nonnulli
827 2143 992 2190 Ordinis
1009 2145 1192 2187 Fratrum
1215 2143 1290 2184 Mi-

254 2220 395 2249 norum
409 2204 460 2248 de
474 2203 736 2246 observantia
755 2213 1074 2256 nuncupatorum
1095 2199 1287 2249 Profeffo.

254 2278 321 2308 res
340 2293 354 2316 ,
378 2262 444 2306 sub
460 2273 650 2318 praetextu
666 2260 790 2316 frugis
810 2260 986 2304 melioris
1006 2261 1096 2302 vitae
1112 2290 1126 2312 ,
1149 2272 1217 2302 aut
1235 2274 1283 2301 ex

253 2324 345 2365 aliis
367 2322 516 2373 cauus,
543 2322 720 2367 habitum
738 2333 809 2374 per
825 2319 926 2374 ipsos
951 2318 1197 2361 Professores
1214 2333 1283 2374 ge-

252 2381 341 2424 stari
360 2377 518 2422 solitum
534 2409 547 2431 ,
573 2380 783 2423 dimittere
799 2408 811 2430 ,
827 2380 864 2420 &
882 2379 918 2420 se
936 2377 989 2420 de
1005 2379 1196 2420 Domibus
1216 2404 1230 2427 ,
1243 2380 1283 2419 δε

253 2441 374 2483 Locis
388 2437 563 2494 ejusdem
578 2438 743 2479 Ordinis
759 2438 806 2480 ad
825 2440 975 2478 Domos
987 2464 1000 2487 ,
1014 2438 1053 2476 ὃ(
1071 2440 1174 2481 Loca
1193 2438 1286 2478 Fra-

255 2507 361 2538 trum
388 2496 551 2539 Ordinis
571 2496 697 2538 Sanffi
725 2495 916 2539 Francisci
939 2495 1283 2548 Capuciatorum,

255 2563 570 2607 nuncupatorum
588 2550 803 2595 transferre
820 2553 1051 2594 nitebantur
1071 2579 1086 2600 ,
1121 2550 1284 2604 Religio

254 2611 445 2668 ejusmodi
463 2613 647 2652 Fratrum
664 2612 865 2656 Minorum
884 2610 1095 2666 plurimum
1120 2609 1284 2650 scanda-

253 2671 452 2714 lizabatur
467 2698 481 2720 ,
511 2672 597 2711 Nos
616 2684 688 2725 per
705 2668 891 2725 quasdam
907 2668 1105 2710 statuimus
1125 2696 1139 2718 ,
1165 2669 1205 2708 &
1219 2681 1286 2708 or-

252 2729 477 2772 dinavimus
493 2755 506 2777 ,
534 2727 641 2782 quod
666 2728 798 2769 nullus
813 2725 989 2782 ejusdem
1007 2725 1171 2769 Ordinis
1189 2728 1285 2768 Fra-

251 2799 357 2832 trum
373 2785 571 2829 Minorum
592 2786 644 2828 de
662 2786 932 2829 Observantia
961 2795 1285 2839 nuncupatorum

251 2842 452 2890 Profeffor
478 2843 527 2886 ad
558 2846 739 2896 Domos,
768 2847 807 2886 &
836 2847 942 2888 Loca
966 2844 1163 2886 dictorum
1194 2846 1286 2884 Fra-

252 2915 357 2947 trum
372 2904 670 2958 Capucinorum
684 2932 698 2954 ,
726 2905 869 2960 quovis
887 2914 1084 2959 praetextu
1105 2901 1180 2942 sine
1199 2900 1286 2956 spe-

250 2963 342 3004 ciali
358 2961 488 3003 nostra
504 2960 667 3004 licentia
684 2962 720 3003 se
735 2960 958 3006 transferre
973 2960 1097 3016 posset
1109 2990 1122 3011 ,
1133 2961 1173 3001 &
1186 2974 1284 3000 con-

250 3021 482 3064 traveniens
509 3020 933 3063 excommunicationis
952 3034 1110 3076 poenam
1127 3018 1209 3072 ipso
1228 3015 1285 3059 fa-

249 3081 314 3122 cto
330 3080 570 3122 incurreret.
586 3080 867 3133 Superioribus
878 3091 1013 3124 autem
1029 3077 1170 3121 diebus
1189 3090 1278 3118 cum

248 3135 526 3194 accepissemus
541 3167 555 3190 ,
577 3138 684 3193 quod
703 3138 938 3195 Capitulum
955 3135 1145 3194 generale
1164 3135 1276 3190 ipsius

247 3196 412 3241 Ordinis
447 3199 631 3241 Fratrum
662 3198 867 3243 Minorum
899 3198 952 3240 de
983 3194 1277 3238 Observantia.‚

247 3266 564 3307 nuncupatorum
583 3255 772 3298 statuerat
792 3285 804 3307 ,
833 3256 939 3310 quod
959 3253 1138 3308 ejusdem
1154 3252 1278 3294 Ordi-

247 3314 308 3355 nis
329 3315 406 3355 FF.
436 3313 636 3356 Minorum
665 3315 716 3358 de
740 3313 1001 3356 observantia
1031 3321 1278 3368 nuncupato-

250 3384 335 3412 rum
366 3370 650 3414 Professoribus
675 3401 688 3423 ,
728 3375 938 3419 arc‘tiorem
975 3373 1099 3414 vitam
1127 3370 1279 3411 ducere

252 3428 502 3483 cupientibus
529 3445 704 3485 congrua
731 3432 848 3480 loca,
878 3432 913 3473 in
943 3430 1085 3486 quibus
1111 3429 1284 3472 eandem

251 3486 375 3528 vitam
389 3486 537 3531 ducere
553 3486 703 3544 possent
728 3519 741 3538 ,
773 3489 1079 3543 assignarentur.

313 3547 397 3585 Nos
420 3559 491 3598 per
512 3548 611 3589 alias
640 3549 784 3591 nostras
803 3550 839 3589 in
859 3547 984 3589 forma
1006 3545 1146 3590 Brevis
1174 3546 1280 3589 Lite.

256 3615 318 3644 ras
334 3601 514 3644 similiter
530 3605 729 3649 statuimus
746 3635 760 3657 ,
787 3609 826 3648 δε
841 3606 1114 3648 ordinavimus
1130 3633 1143 3654 ,
1170 3606 1278 3659 quod

256 3674 306 3702 ex
324 3671 416 3701 tunc
438 3659 490 3702 de
516 3673 673 3708 coetero
688 3679 826 3708 omnes
846 3693 860 3715 ,
881 3666 921 3705 &
936 3664 1072 3717 singuli
1091 3663 1183 3704 disti
1202 3665 1279 3705 Or-

255 3719 360 3760 dinis
387 3719 652 3766 Minorumde
667 3722 930 3766 Observantia
958 3733 1278 3776 nuncupatorum.

255 3777 499 3824 Professores
515 3807 529 3832 2
545 3780 753 3824 arctiorem
771 3781 892 3825 vitam
908 3779 1132 3840 hujusmodi
1148 3779 1274 3834 duce-⁴

1343 339 1387 366 re
1402 322 1645 389 cupientes,
1672 321 1722 364 ad
1738 322 1828 366 loca
1845 339 1916 380 per
1929 330 2118 385 Capitula
2145 333 2375 379 Provincia-

1341 382 1423 432 lia,
1448 387 1560 437 juxta
1584 379 1762 437 eiusdem
1794 385 1971 440 Capituli
1998 392 2211 433 Generalis
2234 393 2376 435 deter-

1345 440 1608 486 minationem
1633 439 1684 480 ad
1710 441 1814 483 hunc
1843 442 2024 486 effeeum
2041 447 2312 504 designanda,
2338 451 2377 493 se

1346 496 1572 543 transferre
1588 497 1789 541 deberent
1807 528 1821 551 ,
1844 515 1916 543 nec
1931 502 1979 543 ad
2000 507 2151 548 Domos
2166 535 2179 557 ,
2197 508 2281 552 five
2298 512 2381 552 Lo-

1346 571 1395 598 ca
1416 555 1613 598 distorum
1641 559 1854 608 Fratrum,
1879 563 2022 615 quovis
2049 576 2242 617 praetextu
2258 595 2272 616 ,
2300 566 2381 608 fine

1348 613 1518 666 Nostra,
1531 625 1598 657 aut
1617 616 1732 658 Sedis
1749 617 1988 672 Apostolicae
2005 621 2179 676 expressa
2194 625 2381 673 licentia,

1350 674 1564 729 specialem
1594 673 1801 717 literarum
1827 678 2045 719 earundem
2065 683 2307 724 mentionem
2324 680 2383 723 fa-

1349 732 1488 775 ciente
1502 761 1517 783 ,
1546 744 1614 774 aut
1630 732 1769 776 saltem
1786 734 1931 791 absque
1947 737 2116 780 Ministri
2133 768 2147 789 ,
2173 743 2236 783 seu
2255 745 2384 783 Com-

1353 789 1511 833 missarii
1532 792 1804 834 Generalium
1822 795 1919 837 dit-”ti
1934 797 2094 839 Ordinis
2110 799 2312 841 Minorum
2328 797 2382 839 de

1352 850 1619 892 Observantia
1636 851 1795 906 speciali
1810 852 1990 903 licentia,
2003 854 2040 895 in
2060 855 2215 910 scriptis
2231 857 2384 907 habita,

1348 907 1418 951 sub
1435 908 1565 966 poenis
1582 937 1595 959 ,
1619 911 1658 950 &
1673 909 1872 963 censuris,
1897 912 1933 954 in
1949 913 2005 954 eis
2023 915 2220 967 prioribus
2238 915 2384 957 Literis

1349 966 1637 1023 appositis,ipso
1653 966 1755 1012 fasto
1770 970 2081 1022 incurrendis,se
2095 971 2358 1015 transferrent
2372 999 2387 1024 ,

1350 1036 1419 1069 aut
1438 1027 1598 1073 illorum
1614 1028 1790 1071 habitum
1807 1027 1999 1072 assumere
2013 1058 2027 1082 ,
2041 1032 2105 1073 vel
2123 1032 2274 1085 gestare
2294 1029 2385 1085 posae

1351 1084 1467 1133 sent:
1497 1083 1647 1130 eisdem
1680 1087 1887 1130 Fratribus
1917 1091 2153 1143 Capuciatis
2176 1088 2383 1131 nihilomi-

1352 1159 1423 1187 nus
1441 1145 1507 1192 sub
1522 1146 1945 1189 excommunicationis
1961 1162 2081 1202 poena
2098 1148 2272 1190 districte
2286 1161 2385 1203 prae-

1349 1202 1539 1258 cipiendo
1573 1203 1805 1245 mandantes
1830 1233 1843 1255 ,
1879 1207 2072 1261 quatenus
2097 1207 2192 1248 dicti
2219 1207 2383 1251 Ordinis

1353 1263 1554 1304 Minorum
1582 1261 1633 1301 de
1660 1263 1925 1304 Observantia
1953 1278 2270 1320 nuncupatorum
2285 1268 2386 1307 Pro-

1351 1317 1510 1362 sessores
1527 1346 1540 1368 ,
1568 1317 1692 1359 etiam
1708 1320 1747 1359 in
1770 1320 1906 1362 habitu
1923 1323 2111 1364 saeculari
2128 1351 2142 1372 ,
2169 1336 2237 1365 aut
2252 1321 2385 1379 cujus-

1352 1379 1411 1424 vis
1427 1377 1592 1423 alterius
1609 1377 1835 1431 Religionis
1850 1378 1899 1419 ad
1915 1393 1986 1421 eos
2002 1380 2247 1427 accedentes
2263 1408 2277 1430 ,
2309 1383 2382 1422 in..‚

1349 1450 1490 1479 eorum
1517 1436 1714 1478 Domibus
1744 1464 1757 1487 ,
1784 1435 1862 1477 slve
1891 1438 2011 1480 Locis
2028 1466 2040 1488 ,
2070 1440 2214 1494 quovis
2240 1448 2383 1493 praete÷

1351 1507 1418 1539 xtu
1435 1525 1449 1547 ‚
1482 1493 1560 1536 five
1591 1493 1750 1550 quaefiro
1770 1494 1911 1536 colore
1943 1510 2018 1538 non
2047 1499 2303 1553 reciperent.
2341 1497 2383 1538 Si

1346 1555 1415 1611 qui
1449 1554 1548 1597 vero
1581 1567 1630 1596 ex
1663 1551 1833 1608 praefati's
1866 1555 2099 1609 Capuciatis
2134 1556 2340 1598 Fratribus
2365 1581 2382 1601 ι,

1346 1614 1414 1669 qui
1429 1613 1525 1657 olim
1541 1612 1592 1654 de
1606 1611 1874 1655 Observantia
1893 1610 2056 1655 fuerunt
2071 1644 2084 1666 ,
2111 1615 2158 1657 ad
2178 1614 2384 1665 eundem,

1347 1673 1454 1721 unde
1476 1669 1633 1726 digressi
1657 1682 1774 1711 erant
1789 1699 1803 1720 ,
1829 1671 2027 1713 Ordinem
2044 1673 2177 1714 redire
2197 1673 2352 1715 vellent
2369 1700 2384 1721 ,

1348 1733 1398 1775 ab
1417 1730 1562 1773 eisdem
1579 1729 1848 1771 Generalibus
1867 1730 2047 1771 Ministro
2062 1759 2074 1782 ,
2105 1731 2170 1776 seu
2186 1729 2386 1773 Commis-

1348 1791 1451 1836 sario
1470 1789 1563 1831 dicti
1594 1788 1764 1829 Ordinis
1796 1787 1893 1828 infra
1918 1803 2065 1829 annum
2084 1789 2308 1839 duntaxat,
2335 1802 2386 1832 ex

1349 1863 1444 1894 tunc
1461 1847 1792 1900 computandum,
1807 1847 2050 1887 charitative
2069 1849 2192 1902 recipi
2211 1845 2382 1902 possent,

1349 1918 1468 1966 prout
1497 1907 1534 1946 in
1561 1903 1709 1947 eisdem
1745 1906 1895 1947 Literis
1928 1905 2083 1958 plenius
2113 1907 2346 1947 continetur
2370 1933 2383 1947 .

1348 1973 1454 2010 Cum
1472 1975 1624 2013 autem,
1636 1963 1730 2004 sicut
1749 1963 1876 2005 Nobis
1895 1977 1942 2003 ex
1960 1962 2038 2005 fide
2053 1964 2263 2020 dignorum
2281 1960 2386 2006 rela-

1350 2027 1461 2070 tione
1477 2024 1650 2064 innotuit
1669 2051 1681 2071 ,
1715 2022 1979 2064 Provincialia
1997 2023 2183 2077 Capitula
2200 2023 2294 2064 dicti
2308 2025 2385 2064 Or.

1350 2085 1457 2126 dinis
1477 2085 1658 2125 Fratrum
1679 2081 1879 2123 Minorum
1898 2079 1951 2122 de
1969 2081 2236 2124 Observantia
2252 2082 2384 2137 aliqua

1353 2146 1459 2190 Loca
1479 2171 1492 2192 ,
1516 2139 1565 2182 ad
1583 2153 1664 2195 quae
1683 2137 1925 2181 Professores
1944 2141 2151 2184 art‘liorem
2171 2141 2292 2185 vitam
2309 2140 2386 2181 du-

1348 2215 1444 2243 cere
1463 2199 1673 2254 cupientes
1690 2228 1701 2248 ,
1727 2197 1836 2253 juxta
1853 2198 1947 2244 dicti
1967 2200 2148 2253 Capituli
2167 2198 2383 2241 Generalis

1346 2259 1645 2303 ordinationem
1661 2255 1699 2298 se
1716 2254 1937 2301 transferre
1954 2258 2111 2311 possint,
2124 2259 2298 2299 nondum
2310 2258 2385 2300 de·-

1344 2317 1604 2375 putaverint,
1623 2320 1704 2358 Nos
1720 2345 1733 2366 ,
1756 2330 1804 2357 ne
1825 2314 2148 2370 ipsiProfessores
2165 2318 2380 2364 aretiosem

1347 2378 1469 2418 vitam
1485 2375 1636 2416 ducere
1650 2376 1881 2428 cupientes,
1896 2376 1974 2429 quo
1990 2380 2116 2416 minus
2131 2376 2239 2416 illam
2257 2375 2383 2414 duce-

1346 2450 1390 2476 re
1407 2433 1561 2489 possint,
1581 2442 1772 2487 praetextu
1790 2432 1983 2474 dictarum
2001 2432 2261 2487 posteriorum
2289 2433 2383 2473 lite-

1345 2506 1477 2539 rarum
1496 2491 1781 2544 impediantur,
1794 2490 2024 2543 providere,
2038 2504 2084 2532 ac
2099 2505 2171 2532 eos
2186 2492 2223 2531 in
2241 2504 2382 2531 eorum

1346 2547 1550 2606 proposito
1565 2547 1784 2590 confovere
1801 2548 2001 2598 volentes,
2018 2552 2131 2590 Motu
2151 2550 2330 2604 propi-,im
2345 2550 2383 2591 &

1347 2623 1395 2650 ex
1411 2618 1523 2649 certa
1539 2607 1664 2648 nostra
1684 2606 1876 2655 Scientia,
1892 2610 2136 2648 auctoritate
2155 2607 2383 2661 Apostolica

1348 2678 1492 2710 tenore
1511 2664 1760 2721 praes'entium
1780 2665 1982 2706 statuimus
2002 2692 2016 2712 ,
2043 2667 2080 2706 &
2094 2666 2351 2707 decernimus
2366 2692 2385 2715 ,r

1347 2725 1473 2782 quod,
1484 2724 1550 2766 nisi
1570 2724 1761 2779 Capitula
1778 2723 2044 2768 Provincialia
2062 2725 2259 2779 praedid’ta,
2275 2724 2384 2780 juxta

1349 2797 1533 2827 tenorem
1549 2782 1807 2838 poste-riorum
1826 2781 2035 2823 literarum
2053 2786 2273 2829 nostrarum
2292 2812 2304 2834 ,
2322 2782 2384 2823 lo-

1347 2858 1392 2886 ca
1405 2872 1419 2894 ,
1435 2837 1482 2884 ad
1499 2855 1579 2897 quae
1598 2840 1662 2896 ipsi
1681 2837 1923 2883 Professores
1946 2842 2154 2885 arctiorem
2173 2840 2294 2882 vitam
2309 2840 2387 2883 du-

1346 2915 1438 2944 cere
1467 2901 1645 2943 volentes
1677 2897 1889 2941 transferri
1918 2899 2061 2955 possint
2092 2928 2113 2950 „
2150 2901 2251 2942 infra
2282 2899 2393 2941 duos.

1348 2957 1544 3010 Mensem&
1560 2958 1721 3014 die‚qua
1741 2956 1946 3014 presentes
1968 2959 2127 3002 Dilec‘to
2146 2960 2248 3001 Filio
2263 2959 2387 2999 Mini-

1347 3019 1423 3061 stro
1443 3017 1643 3061 Generali
1661 3017 1753 3059 dicti
1770 3017 1934 3059 Ordinis
1955 3019 2156 3060 Minorum
2171 3018 2223 3059 de
2240 3016 2388 3057 Obser-

1347 3076 1481 3119 vantia
1499 3105 1512 3126 ,
1539 3075 1603 3118 vel
1633 3076 1726 3117 diei
1743 3076 1908 3118 Ordinis
1927 3077 2122 3123 Generali
2149 3075 2385 3119 Commissa-

1339 3136 1399 3179 rio
1426 3135 1463 3176 in
1482 3136 1798 3181 Romanacuria
1831 3135 2047 3187 existenti,
2080 3136 2267 3177 intimatae
2297 3131 2387 3173 fue-

1337 3194 1433 3243 rint,
1452 3193 1742 3248 computandos
1755 3221 1768 3244 ,
1790 3194 1975 3244 realiter,
1994 3196 2030 3236 &
2046 3209 2136 3236 cum
2152 3193 2294 3234 effecftu
2309 3191 2385 3232 de-

1338 3252 1580 3308 signaverint
1597 3281 1610 3302 ,
1624 3255 1664 3295 &
1678 3252 1989 3309 deputaverint3
2007 3253 2252 3307 quicumque
2268 3249 2389 3304 ipsius.

1340 3311 1502 3354 Ordinis
1522 3313 1706 3354 Fratrum
1726 3313 1930 3355 Minorum
1944 3313 1997 3351 de
2015 3310 2297 3359 Observantia,
2317 3322 2384 3349 ar-

1340 3371 1507 3414 &iorem
1527 3371 1650 3411 vitam
1677 3370 1834 3412 ducere>
1848 3370 2037 3413 volentes
2055 3397 2068 3419 ,
2087 3367 2136 3414 ad
2153 3368 2240 3409 loca
2258 3367 2385 3411 difflo-

1341 3443 1427 3471 rum
1447 3432 1628 3471 Fratrum
1645 3428 1963 3483 Capuciatorum
1995 3455 2009 3477 ,
2044 3427 2082 3468 se
2098 3426 2242 3480 absque
2258 3426 2384 3474 alicu-

1342 3488 1401 3543 jus
1428 3490 1631 3536 censurae,
1655 3483 2307 3543 &1poenaeincursutransferre-,
2336 3497 2381 3525 ac

1341 3547 1478 3589 inillis
1495 3560 1730 3602 permanere
1745 3573 1758 3595 ,
1785 3547 1823 3586 &
1839 3545 1930 3586 dicti
1951 3547 2115 3586 Fratres
2129 3542 2343 3598 Capuciati
2360 3570 2374 3592 ,

1340 3606 1420 3651 tzim
1438 3606 1545 3657 illos,
1564 3606 1678 3663 quzim
1696 3605 1817 3647 etiam
1833 3603 2102 3658 quoscumque
2120 3602 2237 3651 alios,
2254 3603 2379 3642 etiam

1339 3664 1557 3707 Saeculares
1572 3694 1585 3715 ,
1608 3666 1647 3704 δε
1661 3660 1943 3717 cujuscumque
1959 3662 2125 3703 alterius
2143 3659 2376 3714 Religionis.

1337 3723 1386 3766 ad
1400 3737 1468 3765 eos
1487 3722 1731 3765 accedentes
1744 3722 1808 3772 ,in
1824 3733 1962 3763 eorum
1979 3721 2176 3763 Domibus
2190 3747 2204 3768 ,
2229 3717 2294 3759 seu
2312 3717 2374 3758 lo-

1336 3781 1413 3834 cis,
1428 3795 1473 3824 ac
1488 3783 1612 3825 etiam
1630 3795 1734 3824 nova
1750 3780 1855 3833 loca,
1871 3780 1951 3830 eis,
1967 3780 1990 3825 ἐι,
2005 3778 2210 3878 quibusvicsl
2225 3790 2374 3877 cosce-

2216 3850 2264 3879 en
2297 3850 2319 3878 a
