2658 4244
1040 262 1206 354 Sub
1271 262 1412 351 Pio
1473 262 1620 352 IV.

253 384 437 432 bmnium
450 385 705 434 Vicar'iorum'
715 384 730 438 ζ
746 386 785 428 8:
798 378 1077 427 Discretorum
1092 411 1107 433 ‚
1123 380 1298 426 Provin-

254 448 451 499 cialium,
481 460 554 494 aut
565 445 726 504 Majoris
757 442 881 503 partis
902 440 1127 482 eorundem
1146 453 1297 483 renun-

259 506 368 550 ciare
381 513 592 563 nequiret3
609 504 733 561 posset
751 513 884 546 tamen
899 512 1081 542 convoca
1089 513 1133 542 re
1151 512 1293 543 omnes

258 565 448 609 Vicarios
462 597 475 619 ,
488 570 527 608 δε
539 565 764 614 Discretos,
781 560 848 606 fibi
862 557 1056 601 subieecos
1072 557 1175 601 infra
1189 568 1295 601 tem-

255 637 335 679 pus
348 623 468 666 officii
477 622 600 673 firi,·in
615 622 708 664 loeo
719 634 794 677 per
807 618 930 675 ipsum
945 617 1300 674 deputand0,quo-

256 683 338 724 vties
367 676 548 736 fibi'opus
577 679 701 721 visum
722 680 855 721 foretz
889 678 932 719 Si
959 678 1061 720 verb
1075 677 1297 719 Generalis

259 737 443 792 vicarius
460 736 562 781 infra
583 737 705 779 officii
722 735 778 780 sui
794 745 955 791 tempus
972 766 985 789 ,
1015 750 1066 778 ex
1098 737 1171 779 hac
1200 736 1293 778 luce

256 797 475 851 migraret,
490 795 555 838 seu
571 796 670 838 alias
685 797 734 838 ab
749 795 884 839 officio
901 806 1060 838 amotus
1076 794 1203 847 foret,
1218 796 1292 837 Vi-

254 853 382 896 carius
397 882 411 904 ‚
443 854 482 897 in
496 853 609 910 cujus
627 855 842 897 Provincia
860 856 963 896 mori
985 885 999 908 ,
1029 854 1095 897 seu
1111 854 1293 897 amoveri

249 914 508 969 contingeret
524 941 539 962 ,
572 915 814 966 nunciaret,
843 913 961 969 quam
993 914 1114 956 citius
1130 911 1259 970 poffet
1277 942 1293 965 ,

247 971 434 1015 omnibus
451 969 749 1016 Definitoribus
764 973 946 1028 Capituli
962 973 1182 1016 Generalis
1213 973 1290 1014 im-

250 1029 429 1074 mediate
443 1030 724 1087 praecedentis,
742 1033 781 1074 &
793 1032 978 1074 omnibus
994 1033 1169 1075 Vicariis
1187 1035 1290 1076 Pro-

248 1089 487 1133 vincialibus
501 1118 515 1141 ,
528 1091 566 1131 &
579 1089 632 1136 de
649 1091 831 1142 confilio,
844 1101 964 1148 atque
979 1089 1170 1134 consensu
1185 1091 1288 1133 duo-

247 1162 338 1190 rum
355 1149 606 1192 Vicariorum
622 1151 897 1205 proximorum
910 1150 1206 1192 determinaret
1226 1151 1289 1192 lo-

245 1220 341 1248 cum
355 1235 369 1258 ,
382 1209 422 1249 &
434 1217 610 1263 tempus,
627 1208 694 1250 nisi
711 1206 871 1251 fuissent
889 1223 962 1264 per
979 1209 1188 1253 Generale
1202 1212 1286 1251 Ca„

243 1266 419 1321 pitulum
434 1294 448 1317 ,
466 1266 532 1309 vel
550 1280 623 1320 per
639 1265 845 1321 praefatum
859 1268 1065 1310 Vicarium
1091 1276 1186 1309 ante
1198 1267 1287 1310 obi-

247 1334 332 1366 tum
346 1324 461 1379 ipsius
476 1354 490 1375 ,
506 1326 546 1364 &
558 1327 809 1366 amotionem
822 1323 1014 1380 deputata
1029 1351 1043 1373 ,
1074 1325 1111 1363 &
1128 1337 1283 1366 convo„

246 1393 363 1427 caret
375 1411 389 1432 ,
416 1383 486 1436 qui
513 1381 649 1423 forent
676 1382 928 1425 convocandi
954 1396 1028 1438 pro
1042 1381 1284 1426 Succefforis

244 1440 396 1485 Vicarii
412 1439 612 1482 elestione
637 1439 882 1484 celebranda
896 1471 907 1481 .
938 1444 1034 1494 Quo
1060 1441 1282 1483 vocationis

243 1509 434 1554 tempore
452 1526 472 1549 ,.
492 1499 750 1541 Auctoritate
766 1499 884 1544 Sedis
900 1499 1096 1553 praedictae
1110 1512 1282 1542 exerce-

241 1569 307 1602 ret
320 1557 495 1600 officium
514 1556 741 1598 Vicariatus
757 1557 979 1614 hujusmodi
997 1557 1146 1613 primus
1167 1557 1277 1600 Diffi.

241 1617 418 1660 nitor-um
434 1614 710 1671 praedidtorum
726 1643 740 1666 ,
776 1616 840 1659 vel
855 1644 869 1666 ,
900 1630 951 1659 eo
973 1614 1192 1661 deficiente
1222 1619 1278 1659 se.

241 1676 397 1717 cundus
411 1702 426 1725 ,
457 1676 497 1715 &
514 1673 563 1714 sic
580 1673 633 1715 de
647 1674 736 1715 aliis
752 1673 960 1716 succeffive
989 1689 1082 1717 cum
1096 1675 1276 1729 plenaria

240 1734 438 1790 potestate
471 1730 657 1788 praemiffa
674 1764 683 1771 .
717 1735 771 1774 Et
785 1733 861 1776 hoc
877 1732 987 1775 idem
1000 1735 1188 1775 censetur
1223 1732 1277 1775 de

240 1792 415 1835 Vicariis
434 1790 874 1842 Provincialibus,cum
890 1806 957 1834 eos
970 1792 1072 1834 mori
1088 1792 1155 1835 vel
1169 1807 1279 1834 amo-

236 1854 335 1902 ¹veri
351 1850 570 1906 contigerit
586 1879 599 1901 ,
621 1863 668 1896 ac
685 1851 914 1894 Provincias
932 1852 1044 1906 regi,
1074 1853 1114 1896 &
1129 1853 1277 1907 guber,

243 1914 334 1956 nari
350 1924 421 1964 per
437 1911 610 1963 primum
622 1936 636 1958 ,
650 1911 687 1949 &
704 1908 803 1951 alios
821 1908 1069 1951 Definitores
1093 1910 1274 1952 successt-

242 1970 294 2012 νὲ
309 1969 485 2023 Capituli
501 1967 765 2009 provincialis
781 1966 1017 2010 immediate
1043 1969 1274 2022 praeceden-

241 2030 294 2072 tis
311 2059 322 2080 ,
335 2037 453 2082 prout
468 2029 581 2081 supra
595 2025 647 2067 de
668 2027 834 2069 Vicario
849 2028 1046 2070 Generali
1064 2031 1271 2070 statutum

241 2088 432 2131 existeret
447 2098 464 2138 ·,
488 2084 592 2127 salva
609 2083 766 2140 semper
777 2115 791 2137 ,
817 2087 857 2126 &
871 2085 1083 2130 reservata
1098 2086 1270 2142 praediffi

241 2146 394 2190 Vicarii
412 2143 630 2187 Generalis
644 2171 657 2194 ,
680 2153 724 2186 ut
739 2146 995 2200 praemittitur
1012 2176 1026 2198 ,
1042 2147 1240 2200 potestate
1258 2159 1270 2186 :

239 2204 456 2249 Generalis
482 2204 581 2244 vere
598 2231 610 2253 ,
642 2216 688 2244 ac
718 2213 798 2246 tam
817 2203 1002 2258 Magister
1034 2204 1240 2259 praedictus
1257 2232 1271 2254 ,

240 2264 356 2320 quam
373 2260 553 2305 Minister
585 2262 749 2304 Ordinis
782 2263 987 2306 Minorum
1024 2262 1246 2317 hujusmodi
1259 2291 1273 2312 ,

240 2332 310 2365 aut
327 2320 529 2378 quisquam
558 2320 830 2363 Ministrorum
847 2349 861 2372 ,
893 2321 960 2363 seu
988 2322 1272 2378 Magistrorum

239 2379 554 2427 Provincialium
567 2407 579 2429 ,
601 2377 663 2421 seu
680 2380 851 2422 aliorum
864 2382 1052 2423 Fratrum
1082 2381 1177 2423 dieti
1190 2384 1270 2423 Or-

239 2439 346 2482 dinis
363 2467 377 2488 ,
392 2447 475 2478 tam
491 2440 835 2481 Conventualium
850 2440 993 2495 ,quam
1009 2439 1062 2481 de
1083 2440 1270 2489 Familia,

240 2497 322 2538 five
336 2495 389 2536 de
402 2495 653 2538 observantia
666 2497 1138 2551 nuncupatorum,donec
1155 2497 1272 2538 aliter

241 2568 319 2610 per
335 2552 483 2593 Sedem
497 2552 720 2606 praedictam
734 2554 964 2596 ordinatum
979 2554 1087 2595 foret
1098 2581 1112 2602 a
1127 2553 1272 2606 praedi-

241 2611 305 2654 ‘cto
319 2610 723 2663 VicarioGenera1i‚
738 2613 802 2653 seu
815 2612 968 2654 caeteris
984 2613 1154 2654 Vicariis
1171 2641 1183 2662 ,
1207 2609 1271 2653 vel

240 2669 408 2723 cuipiam
425 2668 559 2710 Fratri
574 2667 751 2725 ejusdem
766 2670 1105 2725 Congregationis
1119 2669 1172 2711 de
1186 2672 1269 2711 Ca-

236 2727 394 2784 pucinis
410 2737 643 2780 nuncupatae
658 2727 900 2780 molestiam,
922 2728 987 2770 seu
1002 2728 1269 2783 impedimen-

237 2797 323 2829 tum
341 2784 503 2837 aliquod
530 2783 677 2828 inferre
691 2800 768 2827 non
797 2784 967 2829 auderet
981 2815 996 2837 ,
1024 2801 1096 2828 nec
1125 2785 1265 2842 praesu-

237 2853 369 2887 meret
398 2842 465 2885 sub
483 2857 602 2898 poena
622 2845 1047 2888 excommunicationis
1076 2845 1165 2887 latae
1187 2843 1272 2886 sen-

236 2902 375 2945 tentiae
393 2930 406 2951 ,
428 2902 664 2956 privationis
679 2903 829 2954 officii,
844 2905 1099 2959 omniumque
1116 2907 1271 2945 aestuum

235 2960 536 3016 legitimorum:
554 2960 637 3012 nifi,
651 2960 759 3017 quod
776 2957 959 3017 praefatus
974 2962 1164 3016 Magister
1178 2965 1265 3004 Ge·-

234 3019 383 3061 neralis
398 3047 412 3068 ,
436 3018 567 3060 donec
589 3020 709 3062 aliter
724 3034 795 3075 per
811 3019 930 3076 ipsam
947 3021 1080 3063 sedem
1102 3019 1265 3063 ordina-

233 3086 321 3121 tum
347 3075 452 3119 soret
466 3106 480 3127 ,
508 3091 578 3131 per
594 3077 632 3119 se
655 3077 851 3122 duntaxat
875 3079 1143 3135 personaliter
1173 3077 1260 3122 vifi-

231 3146 322 3178 tare
336 3163 350 3186 ,
364 3137 404 3176 &
415 3137 620 3192 corrigere
638 3135 763 3192 posset
777 3166 792 3189 ,
811 3139 852 3179 &
867 3138 1022 3182 valeret
1036 3138 1262 3194 praedic‘tum

229 3195 435 3251 vicarium
450 3194 783 3246 Generalem2seu
797 3199 1170 3249 Fratres,Domum,
1185 3199 1267 3239 Lo-

229 3266 321 3294 cum
337 3281 350 3303 ,
366 3254 405 3294 &
420 3253 709 3296 Eremitorium
723 3255 961 3299 eorumdem
979 3259 1166 3299 Fratrum
1182 3259 1264 3297 Ca-

229 3311 463 3365 pucinorum
489 3323 807 3368 nuncupatorum
820 3344 834 3365 ,
854 3314 925 3370 'pie
939 3343 954 3366 ,
989 3314 1164 3370 benigne
1178 3342 1192 3364 ‚
1228 3315 1267 3354 ὃς

233 3369 490 3412 charitative
505 3371 555 3414 ad
581 3371 792 3415 meliorem
807 3372 964 3428 frugem
981 3371 1263 3427 provocando.

231 3425 314 3467 Etsi
331 3441 566 3485 quemquam
581 3431 780 3485 reperiret
795 3432 1046 3474 criminosum
1062 3459 1075 3481 ,
1108 3430 1264 3485 ipsunt,

231 3484 440 3527 Vicarium
455 3488 506 3530 de
533 3488 717 3531 consensu
733 3519 745 3542 ,
774 3492 812 3531 &
833 3490 980 3533 assensu
1009 3489 1169 3546 majoris
1185 3517 1200 3539 a
1226 3491 1266 3532 δε

233 3540 397 3606 sanioris
411 3546 532 3597 partis
548 3548 734 3590 Fratrum
750 3579 763 3600 ,
793 3548 946 3591 Domus
960 3578 973 3601 ,
998 3548 1238 3593 Eremitorii
1250 3577 1265 3600 ,

232 3603 361 3650 Loci,
375 3602 436 3643 vel
454 3604 686 3648 Conventus
706 3607 969 3650 Vifitatorum
988 3608 1026 3650 in
1044 3606 1190 3650 eodem
1205 3607 1265 3650 lo-

233 3673 283 3699 co
297 3687 311 3709 ,
337 3659 374 3698 8(
390 3673 468 3700 non
486 3671 599 3703 extra
624 3668 831 3722 corrigere
843 3668 999 3710 valeret
1015 3695 1029 3717 ,
1051 3669 1088 3707 &
1106 3669 1264 3722 punire,

233 3719 540 3772 poenttentiare,
553 3721 589 3759 &
604 3726 1053 3776 emendare,secundum
1069 3726 1176 3782 quod
1190 3725 1264 3768 de-

231 3776 313 3816 Ῑὶὄὶί
338 3775 509 3830 qualitas
528 3779 710 3833 exigeret
734 3781 990 3836 faciendum3
1022 3787 1086 3827 De
1105 3784 1263 3839 regimi-

232 3847 283 3879 ne
302 3835 399 3877 vero
413 3864 427 3889 ,
451 3837 491 3877 ὃς
507 3849 600 3879 cura
619 3840 894 3895 praedictorum
921 3846 1107 3888 Fratrum
1125 3847 1261 3902 Capu-

1354 384 1539 425 cinorum
1562 382 1887 435 nuncupatorum
1902 380 1943 427 se
1956 384 2076 430 aliter
2092 403 2170 432 non
2186 390 2395 435 intromit-

1356 449 1468 484 teret
1485 468 1496 479 .
1522 439 1746 481 Districtius
1762 440 1948 485 inhibens
1971 439 2285 505 quibuscumque
2300 463 2395 505 per..

1354 499 1462 542 sonis
1476 526 1490 549 ,
1506 496 1790 554 cujuscumque
1805 502 2051 545 conditionis
2064 506 2280 551 existerent
2295 536 2308 559 ,
2326 507 2396 550 sub

1355 557 1782 600 excommunicationis
1799 559 1887 601 latae
1901 558 2106 605 sententiae
2120 579 2296 620 paena‚eo
2309 566 2396 621 ipso

1361 615 1607 660 incurrenda
1624 643 1639 666 ,
1668 630 1718 657 ne
1734 619 1931 661 Habitum
1946 634 2020 675 per
2042 636 2113 663 eos
2129 624 2284 667 deferri
2301 624 2396 667 soli-.

1361 686 1447 720 tum
1461 702 1476 724 2
1504 673 1574 716 nisi
1601 675 1668 715 sub
1693 676 1842 729 praefati
1872 679 2024 720 Vicarii
2051 683 2268 725 Generalis
2283 711 2297 734 ‚
2319 696 2396 739 pro

1355 744 1542 790 tempore
1558 732 1760 776 existentis
1784 735 2017 782 obedientia
2033 767 2046 789 ,
2076 742 2114 781 δε
2129 754 2222 783 cura
2235 755 2397 796 perma-

1355 802 1497 838 nerent
1514 821 1529 844 ,
1560 792 1714 848 gestare
1744 808 1907 851 quoquo
1928 799 2050 841 modo
2080 800 2395 854 praesumerent-

1352 853 1642 908 Insuperidem
1661 853 1809 895 Paulus
1825 854 2090 899 Praedeceffor
2120 859 2291 912 vestigiis
2323 871 2394 899 re·-

1352 911 1532 956 colendae
1545 912 1749 953 Memoriae
1766 913 1825 954 Pii
1843 915 1957 969 Papae
1969 916 2024 955 ΙΙ.
2039 914 2221 959 similiter
2233 916 2395 958 Praede.

1349 969 1512 1014 cessoris
1527 970 1664 1014 Nostri
1682 973 1720 1012 in
1735 986 1780 1013 ea
1797 983 1910 1027 parte
1926 973 2158 1015 inhaerendo
2172 1001 2186 1023 ,
2211 976 2276 1030 qui
2292 973 2392 1014 alias
2415 971 2419 976 ’

1350 1046 1401 1074 ex
1414 1030 1539 1072 certis
1553 1029 1676 1072 caufis
1691 1032 1947 1073 Aut‘toritate
1961 1032 2192 1088 Apostolica
2204 1061 2219 1083 ‚
2234 1046 2283 1075 ex
2298 1046 2393 1074 cer-

1348 1098 1391 1133 ta
1409 1087 1573 1131 scientia
1597 1090 1635 1130 in
1653 1089 1837 1132 favorem
1855 1092 2028 1134 Familiae
2054 1091 2108 1134 de
2123 1090 2393 1134 observantia

1350 1150 1645 1202 interpretatus
1661 1159 1766 1198 erat,
1782 1151 1818 1190 8<
1834 1148 2140 1193 declaraverat:
2155 1150 2281 1207 quod,
2297 1164 2392 1191 cum

1347 1206 1578 1260 Apostolica
1611 1205 1738 1249 Sedes
1771 1209 2019 1251 Generalem
2064 1211 2191 1252 totius
2222 1208 2394 1251 Ordinis

1346 1266 1551 1307 Minorum
1568 1264 1813 1315 Ministrum,
1826 1269 1863 1306 ὃ(
1884 1269 2162 1310 provinciales
2179 1267 2393 1318 Vicari0s‚

1346 1321 1618 1364 Ministrorum
1636 1321 1884 1372 loc0,certis
1904 1326 1977 1377 piis
1993 1341 2061 1373 ‚ac
2081 1327 2235 1368 Sanctis
2254 1321 2396 1380 respeff

1346 1381 1472 1423 &ibus
1487 1378 1566 1420 effe
1583 1379 1782 1433 voluisset,
1797 1384 1834 1424 &
1849 1382 2116 1434 decrevisset,
2131 1384 2286 1426 Vicarii
2302 1383 2395 1436 ipsi„

1342 1444 1408 1496 qui
1427 1438 1506 1479 illis
1526 1439 1730 1489 praeeffent
1747 1470 1760 1491 ,
1786 1443 1822 1481 δι
1841 1440 1985 1495 quibus
2005 1440 2073 1495 ipsi
2098 1456 2146 1483 ex
2161 1440 2303 1483 debito
2317 1456 2393 1482 eo·-

1343 1512 1429 1541 rum
1446 1495 1695 1548 profeffionis
1712 1499 1928 1542 obedirent
1944 1528 1958 1550 ,
1977 1500 2092 1550 veri,
2108 1499 2394 1542 &indubitati

1338 1556 1513 1613 ipsorum
1533 1556 1699 1598 Ministri
1712 1588 1726 1607 ,
1743 1573 1833 1602 cum
1849 1557 1952 1599 tales
1969 1559 2012 1598 B.
2031 1558 2266 1600 Franciscus
2283 1557 2382 1600 dieti

1337 1615 1503 1658 Ordinis
1520 1615 1730 1657 Institutor
1747 1631 1818 1658 eos
1833 1615 1910 1658 effe
1937 1614 2167 1659 intendiffet
2183 1647 2197 1668 ,
2228 1617 2389 1673 quoad-

1337 1674 1458 1729 usque
1475 1671 1636 1727 praefata
1652 1674 1780 1716 Sedes
1796 1676 1863 1725 ,in
1881 1674 1991 1730 cujus
2008 1676 2179 1717 arbitrio
2193 1675 2383 1718 confiste-

1337 1735 1406 1776 bat
1421 1761 1435 1783 ,
1451 1732 1556 1774 aliud
1575 1732 1655 1774 alio
1675 1732 1852 1788 respee‘tu
1867 1732 2075 1784 ordinare,
2089 1732 2278 1777 statuisset
2292 1763 2306 1785 ,
2323 1733 2394 1775 es-v

1338 1793 1424 1834 sent
1439 1820 1453 1841 ,
1481 1794 1514 1833 Sc
1531 1794 1730 1845 perpetuo
1746 1790 1912 1842 forent,
1934 1790 2173 1835 differentes
2198 1794 2218 1833 a
2243 1792 2390 1846 praedi-

1336 1852 1406 1893 &is
1432 1850 1623 1891 Ministris
1643 1849 1725 1891 solo
1750 1851 1946 1901 nominej.
1967 1849 2114 1906 eosque
2131 1881 2145 1902 ,
2171 1851 2238 1906 qui
2267 1851 2387 1893 distis

1335 1910 1510 1952 Vicariis
1528 1907 1745 1951 obedirent
1763 1937 1776 1958 ,
1805 1906 2022 1950 secundum
2044 1909 2154 1951 die'tae
2185 1909 2288 1953 sedis
2303 1911 2387 1951 de-

1336 1968 1692 2017 terminationem,
1718 1981 1863 2009 eorum
1894 1967 2093 2022 Regulae,
2116 1970 2154 2009 &
2179 1967 2392 2023 praecipue

1333 2029 1372 2071 in
1397 2041 1444 2069 ea
1472 2034 1588 2082 parte
1604 2055 1617 2076 ,
1644 2027 1710 2068 ubi
1734 2036 1850 2067 erat:
1884 2026 2254 2083 Praecipiofirmt'ter
2273 2031 2382 2071 Fra-

1333 2086 1460 2130 tribus
1476 2085 1679 2141 universt's,
1696 2096 1738 2126 ut
1753 2084 1975 2128 obedirent
1990 2083 2066 2125 suis
2083 2085 2380 2141 ministris,ple—

1332 2147 1384 2189 ne
1398 2147 1436 2187 δε
1455 2144 1614 2199 integre
1631 2143 1868 2187 satisfacere
1884 2170 1897 2192 ,
1911 2143 2151 2186 auam-itate
2166 2172 2182 2196 ,
2195 2145 2231 2185 &
2248 2143 2387 2195 scien-j

1332 2206 1388 2248 tia
1407 2203 1601 2259 praedietis
1617 2202 1963 2250 declaraverat,&
1976 2200 2376 2258 decreverat,quod‚

1333 2264 1464 2306 donec
1499 2264 1619 2305 aliter
1637 2265 1753 2316 super
1781 2259 1975 2316 praemiffis
1992 2274 2066 2315 per
2080 2261 2281 2316 praefatam
2298 2267 2386 2305 Se-.

1334 2323 1428 2364 dem
1445 2321 1674 2364 ordinatum
1691 2320 1815 2370 foret,
1833 2322 1996 2361 Fratres
2012 2321 2213 2375 Capucini
2233 2320 2377 2375 praedi-

1330 2383 1380 2424 eti
1394 2394 1532 2423 eorum
1545 2381 1860 2435 Vicariis,prout
1876 2377 2105 2421 deVicariis
2119 2378 2285 2434 Familie
2301 2392 2380 2433 per

1332 2441 1483 2483 dietum
1499 2441 1612 2481 Pium
1632 2435 2036 2491 Praedecefforem(ut
2052 2436 2286 2493 praefertur)
2300 2437 2381 2478 sta-‘

1332 2508 1462 2538 tutum
1484 2496 1631 2546 fuerat,
1649 2493 1899 2543 obediendo,
1916 2494 2036 2546 plene
2050 2496 2088 2538 &
2106 2495 2265 2549 integre
2277 2509 2385 2550 prae«.

1333 2553 1421 2595 fatae
1436 2553 1602 2607 Regulae
1621 2553 1914 2602 satisfacerent,
1925 2562 2044 2606 prout
2059 2553 2098 2593 in
2113 2553 2263 2596 Literis
2276 2553 2381 2595 dieti.

1337 2611 1450 2655 Pauli
1474 2610 1771 2654 Praedecefforis
1804 2610 1965 2665 plenius
1996 2611 2225 2654 continetur
2246 2639 2257 2651 .
2291 2614 2376 2653 Pro

1334 2681 1450 2728 parte
1477 2671 1709 2715 eorumdem
1729 2672 1913 2711 Fratrum
1938 2670 2241 2723 Capucinorum
2272 2683 2377 2711 nun-

1330 2738 1569 2784 cupatorum
1586 2730 1711 2772 Nobis
1740 2728 1816 2768 suit
1848 2725 2058 2768 humiliter
2074 2725 2344 2782 supplicatum
2360 2758 2377 2780 ,

1330 2798 1375 2830 ut
1391 2788 1528 2831 literas
1543 2787 1654 2832 Pauli
1675 2782 1975 2829 Praedecefforis
1992 2786 2220 2844 hujusmodi
2234 2816 2248 2838 ,
2281 2789 2319 2829 ὅ(
2336 2788 2382 2833 in,

1331 2847 1389 2889 eis
1405 2855 1598 2891 contenta
1613 2857 1872 2902 quaecumque
1886 2846 2113 2900 approbare
2127 2875 2141 2897 ,
2169 2847 2207 2886 &
2222 2845 2378 2888 confir-

1330 2920 1443 2948 mare
1455 2934 1469 2957 ‚
1486 2921 1530 2948 ac
1544 2906 1640 2948 ali-fis
1657 2906 1694 2946 in
1713 2903 1910 2960 praemisfis
1923 2904 2155 2960 opportune
2173 2904 2370 2959 provide-

1325 2980 1393 3015 re,
1405 2963 1461 3007 de
1473 2965 1723 3022 benignitate
1737 2961 1970 3018 Apostolica
1985 2963 2261 3018 dignaremur.
2284 2967 2380 3007 Nos<

1328 3024 1477 3080 igitur,
1500 3026 1566 3080 qui
1594 3022 1853 3079 personarum
1879 3022 2249 3065 Ecclesiasticarum
2271 3036 2375 3077 qua-

1323 3083 1518 3127 rumlibet
1531 3112 1544 3133 ,
1565 3080 1782 3138 praesertim
1795 3083 1921 3123 vitam
1937 3082 2204 3124 Eremiticam
2219 3081 2375 3134 degen—

1327 3143 1429 3185 tium
1447 3140 1674 3197 profectui,
1687 3143 1727 3183 &
1740 3140 1849 3184 felici
1866 3138 2085 3192 successui,
2100 3149 2224 3195 prout
2240 3136 2375 3193 poffu-

1328 3199 1612 3250 mus,libenter
1624 3199 1885 3248 consulimus,
1896 3199 2137 3255 singularum
2156 3198 2375 3239 literarum

1325 3259 1599 3317 praedid'tarum
1615 3287 1629 3310 ,
1659 3261 1700 3301 δε
1712 3271 2039 3315 quarumcunque
2069 3256 2241 3299 aliarum
2259 3255 2371 3298 Scri-

1327 3329 1538 3375 pturarum
1558 3349 1572 3371 ,
1586 3320 1794 3362 occasione
1812 3316 2091 3374 praemissorum
2109 3312 2238 3358 forsan
2271 3328 2374 3355 con-

1327 3376 1518 3421 fedtarum
1536 3386 1699 3420 tenores
1712 3406 1726 3428 ,
1743 3374 1994 3431 praesentibus
2009 3387 2082 3429 pro
2095 3369 2283 3428 expreffis
2299 3373 2369 3414 ha-

1327 3438 1499 3489 bentesv3
1531 3451 1684 3480 necnon
1715 3449 1788 3489 per
1812 3434 1920 3477 felic.
1941 3432 2269 3488 memor-Julium
2290 3433 2371 3475 Pa-

1324 3510 1414 3550 pam
1431 3497 1509 3538 111.
1541 3495 1694 3548 pariter
1710 3488 2042 3536 Praedecefforem
2059 3492 2234 3533 nostrum
2260 3490 2367 3534 dile-

1323 3556 1393 3596 etis
1418 3552 1508 3596 filiis
1525 3554 1730 3596 Fratribus
1748 3552 2005 3606 Hieronymo
2028 3553 2166 3593 Lancae
2197 3548 2337 3591 Siculo
2351 3579 2367 3601 ‚

1323 3615 1361 3656 &
1377 3611 1462 3668 ejus
1484 3611 1610 3655 Sociis
1635 3607 1898 3654 afferentibus
1913 3638 1928 3660 ‚
1960 3610 1999 3652 se
2017 3609 2248 3663 Capucinos
2280 3609 2367 3650 exi-

1323 3672 1427 3715 stere
1443 3700 1458 3723 ,
1474 3671 1804 3724 consimilemque
1821 3668 1943 3710 modo
1961 3667 2151 3724 praemisso
2168 3667 2366 3710 Habitum

1321 3730 1491 3783 deferre
1506 3730 1572 3781 ,in
1591 3743 1668 3772 non
1684 3728 1886 3770 modicum
1900 3725 2128 3770 scandalum
2145 3756 2158 3778 ,
2177 3728 2214 3767 δι
2229 3724 2369 3768 defor-

1322 3790 1510 3832 mitatem
1524 3787 1691 3830 Ordinis
1709 3815 1724 3838 ,
1745 3789 1784 3829 &
1800 3786 2141 3841 Congregationis
2162 3783 2365 3839 hujusmo-

1322 3847 1396 3900 di,
1427 3847 1554 3891 etiam
1576 3846 1614 3889 in
1629 3846 1757 3889 forma
1770 3845 1909 3892 Brevis
1925 3874 1940 3900 ,
1969 3847 2009 3890 &
2039 3846 2364 3946 quascumpue-..n

1631 3907 1673 3948 D
1704 3916 1728 3949 2
2205 3916 2225 3945 a
2249 3904 2303 3945 ias
