2704 4296
314 265 636 352 xxxxiv.

323 383 669 450 Indulgentiam
687 378 934 446 plenariam
950 398 1034 449 pro
1050 380 1178 430 Festo
1195 385 1302 432 San·

250 446 330 502 &ae
348 449 709 520 RosaeAVirginis
731 451 1023 500 Viterbienlis
1042 486 1058 510 ,
1088 452 1136 502 ὅ(
1155 455 1198 500 in
1215 456 1300 502 Ec-

249 521 391 572 clefiis
419 536 517 570 tam
544 524 758 571 Fratrum
777 552 792 579 ,
822 523 962 589 quam
982 525 1265 572 Monialium
1282 559 1298 583 ,

249 590 652 656 subjurisdistione
669 596 718 643 P.
736 593 934 642 Ministri
950 596 1189 642 Generalis
1208 596 1299 642 exi-

247 663 462 713 stentium
476 664 687 713 concedit
701 678 968 731 perpetuam
987 694 999 712 .
1180 678 1296 727 '205-

319 733 551 784 Omnibus
578 768 593 791 ,
632 734 679 786 ὅ(
709 734 897 802 lingulis
924 731 1125 800 personis
1148 737 1297 784 Tertii

249 804 442 856 Ordinis
465 809 512 855 S.
532 803 754 855 Francisci
773 835 789 860 ,
820 818 913 851 tam
942 805 1089 862 intra,
1121 806 1297 870 quarm,

248 891 376 925 extra
402 875 623 935 claustra,
660 875 738 926 sub
756 872 1067 937 jurisdictione
1097 872 1297 923 Ministri

245 948 482 996 Generalis
501 949 845 1014 Capucinorum
881 943 1152 1011 degentibus
1188 962 1297 992 con-

245 1019 370 1066 cedit
399 1034 479 1085 per
508 1021 630 1066 viam
672 1016 1100 1064 communicationis
1135 1031 1295 1062 omnes

246 1088 580 1156 Indulgentias,
600 1087 759 1153 quibus
778 1083 1011 1141 fruuntur,
1031 1083 1078 1134 &
1092 1082 1297 1151 gaudent

246 1156 515 1207 Confratres
532 1193 547 1215 ,
564 1157 611 1207 ἃ
631 1154 914 1206 Consorores
932 1152 1298 1204 Confraternita-

246 1229 303 1277 tis
321 1229 546 1295 BrMariae
563 1231 625 1277 V.
643 1226 700 1275 de
721 1228 881 1274 Monte
897 1226 1114 1275 Carmelo
1130 1259 1141 1271 .
1178 1242 1294 1286 205.

315 1295 556 1352 Universis
577 1333 592 1354 ‚
621 1296 668 1346 ὃ(
691 1294 875 1359 lingulis
897 1295 1131 1343 Fratribus
1146 1328 1162 1351 ,
1189 1296 1297 1342 Moe

245 1369 442 1417 nialibus
458 1403 471 1426 ,
491 1385 542 1416 ac
564 1367 803 1417 Tertiariis
823 1363 1016 1415 Ordinis
1037 1366 1299 1432 Capucino-

243 1457 348 1489 rum
369 1437 441 1487 die
458 1455 598 1486 xxlx.
623 1435 909 1487 Novembris
937 1433 1298 1503 profeffionem„

246 1508 497 1578 respective
517 1507 840 1559 renovantibus
855 1542 870 1564 ,
887 1504 936 1557 ὅ(
951 1506 1188 1557 orantibus
1204 1504 1294 1557 ἃς.

245 1580 458 1630 concedit
492 1580 840 1647 Indulgentiam
868 1578 1118 1646 plenariam
1165 1588 1297 1643 quot-

242 1652 368 1699 annis
386 1653 429 1698 in
450 1664 720 1718 perpetuum
738 1685 751 1697 .
1174 1656 1291 1695 206.

314 1721 455 1770 Circa
471 1717 780 1788 expulsionem
798 1717 1202 1787 incorrigibilium,
1219 1717 1295 1766 de-

242 1805 377 1860 rogat
398 1791 606 1841 Decretis
624 1786 913 1858 generalibus
943 1792 989 1839 S·
1012 1792 1083 1837 M.
1112 1787 1291 1843 Urbani

240 1865 331 1912 PP.
354 1864 503 1911 VIII.
524 1880 574 1910 ac
594 1860 847 1910 Innocentii
869 1863 954 1910 PP.
979 1863 1104 1910 XII·
1123 1895 1138 1917 ,
1166 1857 1213 1909 ὃ(
1231 1856 1293 1908 fa-

242 1935 463 1983 cultatem
482 1937 589 1982 RR.
610 1935 699 1998 PUP.
715 1928 1082 1980 Observantibus
1102 1927 1292 1998 desuper

239 2005 267 2055 ὲ
282 2023 315 2055 ε.
328 2024 391 2054 m.
409 2003 652 2055 Benedisto
671 2004 916 2052 PP.XIII.
930 1998 1198 2058 conceffam,
1214 2019 1291 2050 no·

238 2075 332 2127 stro
348 2091 529 2144 quoque
550 2073 718 2123 Ordini
739 2075 1052 2122 communicat
1067 2106 1081 2120 .
1169 2090 1286 2132 207.

309 2151 366 2197 In
393 2145 604 2195 omnibus
624 2142 831 2192 Ecclefiis
852 2147 1207 2200 Conventuum‚
1235 2142 1284 2195 ὅ(

241 2217 512 2270 Miffionum
544 2220 757 2264 Fratrum
777 2245 791 2271 ,
821 2229 903 2262 nec
933 2229 1023 2263 non
1053 2213 1282 2264 Monaste-

243 2291 422 2340 riorum
439 2288 736 2340 Monialium
755 2285 947 2334 Ordinis
965 2301 1050 2353 pro
1067 2283 1288 2354 vigesima

239 2374 406 2428 quarta
436 2358 612 2426 Aprilis
637 2358 890 2425 plenariam
907 2356 1289 2426 Indulgentia·n-‚

237 2433 501 2499 impertitur
517 2461 529 2478 .
708 2489 715 2497 .
1167 2431 1285 2476 208.

306 2507 508 2552 Decreto
531 2497 741 2548 concedit
757 2533 771 2556 ,
785 2509 836 2547 ut
856 2493 1015 2553 Missae,
1029 2510 1128 2563 quae
1141 2513 1193 2546 ex
1213 2497 1291 2547 sta·-

239 2571 412 2628 tut0,&
431 2571 512 2619 usu
529 2572 785 2637 Religionis
799 2588 884 2635 pro
900 2567 1140 2618 Defunctis
1155 2571 1287 2618 Sum-

239 2644 327 2692 mis
358 2636 652 2690 Pontificibus
681 2674 695 2696 ,
737 2638 865 2686 Emis
903 2636 1257 2686 Protestoribus'·
1273 2675 1289 2697 ,

201 2712 206 2720 “
238 2710 528 2778 Principibus
546 2707 636 2759 &ca
652 2743 668 2766 ‚
695 2706 743 2758 &
762 2706 1082 2776 Superioribus
1099 2712 1288 2772 Majori·

239 2781 325 2832 bus
340 2782 531 2832 Ordinis
548 2814 562 2837 ,
582 2778 628 2829 ὃ(
650 2780 998 2828 Provinciarum
1014 2814 1028 2836 ‚
1061 2797 1140 2828 nec
1155 2798 1286 2829 non-2

238 2867 325 2923 pro
343 2850 577 2902 Fratribus
598 2849 815 2899 dicuntur
830 2885 846 2907 ,
867 2851 1046 2898 valeant
1062 2887 1077 2909 ,
1096 2869 1149 2900 ac
1173 2848 1206 2899 fi
1226 2848 1292 2900 fo·

237 2939 341 2974 rent
356 2923 489 2973 dicia}
508 2923 550 2970 in
574 2923 725 2971 Altari
747 2922 1038 2990 privilegiato
1056 2959 1067 2971 .
1172 2939 1288 2983 209.

310 2994 626 3063 Indulgentias
655 2991 701 3042 ὅ(
722 2989 959 3041 facultates
989 2990 1291 3043 Confessario-

238 3079 344 3118 tum
380 3069 424 3114 in
457 3065 708 3115 Provinciis
747 3064 1114 3117 Ultramontanis
1143 3090 1159 3122 5
1205 3083 1290 3133 pro

239 3140 468 3189 Oratione
493 3135 551 3185 ad
565 3152 648 3197 40.
667 3134 798 3182 horas
813 3135 1100 3184 continuatas
1112 3170 1127 3192 ,
1144 3136 1288 3185 nostis

240 3218 393 3260 tamen
411 3222 620 3277 tempore
649 3205 941 3273 interpolatas
957 3240 973 3262 ,
991 3205 1157 3256 ultimo
1189 3225 1292 3257 con·

244 3279 399 3329 firmat
412 3316 424 3329 .
897 3340 900 3342 ι
1170 3290 1193 3325 2
1204 3297 1286 3338 09.

310 3355 401 3401 Pro
415 3347 690 3408 Ecclefiis,in
707 3345 869 3414 quibus
889 3347 923 3394 F
930 3359 1067 3397 ratres
1082 3362 1291 3417 tempore

244 3421 594 3490 quadragesim&
623 3420 954 3470 concionantur
980 3455 996 3477 ,
1028 3418 1078 3470 ὅ(
1102 3421 1293 3488 'quadra-

242 3491 372 3558 ginta
399 3492 615 3543 horarum
645 3491 814 3542 Oratio
844 3486 1095 3540 instituitur
1122 3519 1137 3549 3
1168 3496 1293 3542 Con-

243 3559 363 3612 feffis
381 3597 396 3620 ,
416 3561 466 3614 ὃ(
501 3563 874 3614 communicatis
907 3561 1293 3633 Indulgentianu

876 259 1924 352 EL'ENCH‘US.

1359 382 1608 448 plenariam
1636 386 1828 450 largitur
1845 418 1860 439 ,
1888 381 1987 431 aliis
2004 391 2156 429 autem
2185 381 2230 430 in
2249 378 2410 451 spiritu

1359 456 1637 519 poenitentiae
1654 488 1670 509 ,
1691 458 1738 503 ὅ(
1756 452 1890 501 firmo
1908 449 2156 500 confitendi
2176 453 2409 521 proposito

1358 523 1487 572 dietae
1505 524 1721 572 Orationi
1741 523 2037 572 affistentibus
2057 558 2073 581 ‚
2093 523 2250 571 decem
2269 541 2409 574 annos

1358 591 1407 642 ὅ(
1441 594 1632 642 totidem
1652 596 1961 663 quadragenas
1997 594 2052 643 de
2089 594 2300 657 injunftis
2322 597 2408 645 'vel

1359 662 1524 712 debitis
1544 666 1691 730 poenis
1714 668 1886 715 relaxat
1902 700 1913 714 .
2287 684 2313 713 2
2329 685 2347 715 1
2360 683 2407 715 0.

1432 738 1550 783 Ven.
1572 737 1658 783 Dei
1680 734 2183 805 ServumJosephuma
2203 733 2409 786 Leoniffa

1360 805 1610 853 Provinciae
1630 807 1839 860 Umbriae
1859 808 2152 857 Sacerdotem
2166 842 2182 865 ‚
2198 806 2245 858 ὅ(
2265 807 2410 858 Ordi-

1359 877 1426 922 nis
1447 869 1651 941 e'xpresse
1676 874 1920 941 professum
1938 874 2174 927 Beatificat
2189 914 2201 926 .
2291 897 2347 928 21
2366 898 2406 927 1.

1429 948 1485 993 In
1514 944 1721 993 Ecclefiis
1749 960 1844 995 tam
1866 951 2082 997 Fratrum
2102 983 2118 1006 ,
2144 948 2281 1014 quam
2301 953 2408 998 Mo-

1357 1015 1545 1063 nialium
1558 1030 1641 1080 pro
1653 1013 1726 1062 die
1740 1031 1900 1080 quarta
1912 1018 2144 1067 Februarii
2158 1019 2406 1086 Indulgen-

1355 1084 1467 1132 tiam
1487 1085 1734 1150 plenariam
1756 1087 1924 1136 ultimo
1940 1086 2183 1136 confirmat
2197 1124 2209 1135 .
2289 1106 2315 1137 2
2328 1104 2379 1150 13
2392 1121 2404 1138 .

1427 1156 1483 1201 In
1514 1152 1670 1202 iisdem
1702 1154 1909 1204 Ecclefiis
1939 1155 2133 1207 similem
2158 1157 2407 1228 Indulgen-

1356 1221 1467 1271 tiam
1498 1239 1580 1290 pro
1607 1223 1680 1272 die
1703 1241 1777 1271 12.
1797 1227 2076 1276 Novembris
2103 1229 2270 1277 ultimo
2292 1229 2409 1295 pari·

1357 1305 1427 1340 ter
1445 1295 1642 1362 largitur
1655 1325 1667 1340 .
2287 1316 2312 1345 2
2327 1318 2344 1347 1
2357 1311 2403 1360 3.

1429 1365 1817 1415 Bartholomaeum
1842 1366 2138 1417 cardinalem
2172 1365 2366 1436 Ruspoli
2385 1401 2402 1429 ,

1357 1436 1591 1503 Magnum
1612 1434 1804 1485 Ordinis
1826 1436 2204 1504 jerosolymitani
2239 1443 2404 1489 Romae

1358 1507 1561 1555 Priorem
1592 1505 1683 1558 ἃς.
1727 1509 1919 1559 Ordinis
1951 1508 2265 1559 Protestorem
2297 1526 2405 1560 con·

1355 1573 1498 1626 stituit
1517 1608 1528 1624 ι
2283 1600 2308 1629 2
2323 1601 2341 1631 1
2353 1599 2401 1644 3.

1423 1650 1626 1695 Decreto
1643 1651 1744 1697 Sac.
1770 1654 2007 1719 Congreg.
2029 1652 2227 1700 Rituum
2253 1648 2405 1702 facul·

1353 1728 1419 1764 tas
1437 1716 1691 1765 celebrandi
1707 1718 1891 1767 Missam
1908 1721 2138 1787 propriam
2158 1759 2173 1778 ,
2189 1721 2236 1771 ὅ(
2251 1722 2403 1771 dicen·

1354 1785 1400 1833 di
1419 1784 1647 1836 Officium
1662 1787 1720 1836 de
1737 1792 1951 1844 §.Felice
1969 1791 1993 1839 a
2010 1793 2270 1841 Cantalicio
2290 1811 2400 1844 cum

1355 1858 1582 1907 Oratione
1607 1892 1623 1916 ‚
1658 1857 1706 1910 <St
1740 1860 2027 1910 Lectionibus
2050 1897 2064 1918 ,
2098 1865 2264 1928 pariter
2298 1881 2400 1932 pro·

1351 1929 1462 1995 priis
1480 1964 1495 1986 ,
1521 1926 1596 1978 seu
1617 1929 1672 1978 ab
1693 1931 1744 1978 iis
1765 1966 1780 1988 ,
1802 1930 1966 1998 quibus
1987 1932 2124 1981 Ordo
2147 1933 2293 1982 noster
2314 1937 2397 1984 uti·

1351 2012 1444 2059 tur,
1462 1997 1699 2059 distineris,
1712 2001 1768 2050 ad
1785 2016 1931 2051 totam
1949 2001 2202 2060 ltaliam,&
2222 2002 2397 2054 Insulas

1353 2071 1605 2121 adiacentes
1625 2071 1882 2122 extenditur
1899 2109 1910 2121 .
2276 2094 2300 2122 2
2317 2091 2394 2138 14.

1416 2146 1491 2192 Fr.
1502 2146 1537 2192 A
1549 2145 1754 2191 ntonium
1770 2146 1967 2193 Mariam
1983 2143 2401 2195 PiscatoriumPar·

1348 2211 1547 2262 mensem
1582 2212 1785 2264 Eccleiiae
1812 2212 2040 2284 Ephesmae
2074 2214 2397 2285 Archiepisco-

1349 2302 1459 2352 pum
1481 2283 1694 2352 praeficit.
2275 2306 2299 2335 2
2316 2294 2394 2338 16.

1420 2355 1627 2404 Eundem
1673 2361 1747 2405 Fr.
1780 2358 2034 2407 Antonium
2065 2359 2265 2407 Mariam
2304 2362 2397 2407 Ar·-

1351 2425 1685 2495 chiepiscopum
1722 2427 1990 2496 Ephelinum
2020 2463 2034 2486 ‚
2075 2427 2205 2477 suum
2236 2432 2396 2479 Praela-

1351 2511 1452 2546 tum
1485 2497 1782 2549 domesticum
1798 2535 1813 2557 ,
1842 2498 1889 2550 δι
1909 2497 2137 2550 Pontificii
2158 2502 2271 2549 Solii
2295 2499 2398 2550 affi—

1350 2565 1539 2616 stentem
1563 2584 1686 2617 creat
1701 2606 1713 2616 .
2278 2587 2302 2616 2
2318 2586 2393 2630 17.

1420 2643 1619 2687 Decreto
1650 2644 1751 2689 Sac.
1777 2642 1972 2690 Rituum
1989 2644 2168 2709 Congr.
2196 2639 2251 2689 de
2271 2657 2394 2691 com·

1348 2707 1554 2757 miffione
1587 2708 1901 2759 reaffumendae
1940 2709 2101 2760 Causae
2131 2712 2390 2761 Canoniza-

1346 2781 1479 2828 tionis
1511 2783 1562 2828 B.
1583 2778 1760 2847 Josephi
1788 2780 1812 2827 ὲ
1833 2779 2033 2829 Leoniffa
2056 2781 2308 2848 approbat,
2340 2797 2394 2831 ac

1352 2847 1498 2921 fignat
1511 2883 1523 2899 .
2275 2869 2300 2900 2
2314 2870 2330 2901 1
2343 2858 2392 2903 8.

1421 2923 1654 2990 Tempore
1682 2922 1887 2989 Capituli
1914 2923 2155 2971 Generalis
2181 2957 2195 2980 ,
2238 2922 2396 2972 lndul-

1350 2994 1551 3062 gentiam
1574 2995 1821 3061 plenariam
1843 2995 1885 3041 in
1907 2990 2116 3042 Ecclefiis
2136 2996 2353 3042 Fratrum
2376 3027 2393 3052 ,

1351 3065 1398 3115 ὅ(
1419 3065 1697 3114 Monialium
1721 3065 1981 3131 impertitur
1999 3097 2011 3111 .
2088 3117 2093 3121 ,
2273 3082 2296 3110 2
2313 3082 2331 3112 1
2344 3067 2392 3114 8.

1421 3135 1765 3204 Indulgentiam
1797 3135 2045 3201 plenariam
2071 3167 2086 3190 ,
2131 3135 2266 3183 etiam
2298 3138 2393 3184 De·

1352 3203 1518 3255 functis
1549 3241 1565 3264 ,
1604 3222 1684 3273 per
1706 3205 1900 3254 modum·
1925 3202 2140 3272 Suffragii
2169 3206 2397 3272 applican-

1351 3276 1461 3327 dam
1486 3305 1502 3335 ,
1523 3279 1606 3345 pro
1632 3274 1862 3325 menstrua
1888 3276 2232 3327 Communione
2262 3291 2398 3345 gene*

1353 3350 1434 3398 rali
1450 3384 1465 3406 ,
1491 3350 1563 3398 vel
1586 3349 1632 3397 in
1654 3345 1862 3397 Ecclefiis
1881 3348 2073 3397 Ordinis
2089 3382 2103 3404 ,
2133 3348 2205 3395 vel
2227 3362 2396 3396 extra...

1353 3419 1581 3471 Ordinem
1600 3419 1625 3467 a
1642 3418 1874 3469 Fratribus
1898 3418 2057 3469 nostris
2087 3415 2359 3468 instituenda
2379 3455 2395 3478 ,

1351 3489 1521 3542 ultimo
1540 3487 1782 3541 confirmat
1797 3525 1808 3538 .
1879 3489 1885 3501 '
2278 3508 2303 3538 2
2318 3506 2394 3551 19.

259 3764 261 3768 Α
316 3703 475 3753 Horum
492 3693 806 3755 Summariorum
825 3707 1015 3753 materiis
1031 3706 1225 3755 accedunt
1252 3707 1429 3776 quaedam
1448 3699 1621 3757 Tabuffae
1639 3703 1942 3772 Chronologicae
1971 3698 2086 3753 DD.
2107 3704 2396 3754 cardinalium

249 3771 288 3819 Ρ
287 3789 349 3821 rot
354 3774 526 3823 storum
548 3808 561 3830 2
591 3773 681 3823 PP·
701 3774 992 3842 Ministrorum
1010 3805 1026 3835 ³
1058 3779 1112 3827 &⁴
1137 3778 1453 3831 Procuratorum
1474 3777 1739 3845 Generalium
1755 3812 1772 3837 ,
1821 3777 2014 3828 Virorum
2042 3774 2269 3844 Illustrium
2298 3781 2391 3824 &a

247 3842 431 3892 Clartori
447 3844 623 3893 Ordinis
640 3846 1043 3911 notitiaeservientes
1060 3883 1070 3898 .

2172 3849 2324 3901 BUL-
