2658 4244
303 322 495 381 impreffis
511 351 525 375 ,
552 333 673 365 manu
696 320 864 379 alicujus
891 324 1052 367 Notat-ii
1086 322 1236 379 publici
1258 325 1352 366 sub-

303 381 462 439 scriptis
477 410 491 433 ,
523 379 707 435 &sigillo
721 381 894 440 personae
921 384 961 426 in
978 381 1254 426 Ecclefiastica
1287 382 1351 425 di·

304 444 460 499 gnitate
474 439 698 484 constitutae
710 443 871 485 munitis
885 470 899 495 ,
915 442 1059 487 eadem
1072 441 1232 498 prorsus
1246 440 1347 486 fides

303 504 345 544 in
366 499 518 558 judicio
543 527 559 551 ‚
585 501 627 542 δι
652 511 768 544 extra
789 501 989 544 habeatur
1014 530 1029 554 ‚
1064 515 1148 557 quae
1175 502 1351 544 habere-

304 572 375 660 ιιῗὶτ
393 559 483 660 ipssis
505 557 764 618 praesentibus
785 587 800 614 ,
832 559 859 603 fi
883 561 1022 606 forent
1045 561 1262 613 exhibitae,
1281 558 1348 603 vel

303 633 331 661 o
366 631 418 661 en
438 633 494 661 ae.

366 680 520 723 Datum
547 679 688 722 Romae
710 678 818 736 apud
848 682 893 723 S.
917 680 1089 724 Mariam
1108 678 1353 736 Major-enm

305 733 377 779 sub
393 736 559 780 Annulo
585 735 795 785 Piscatoris
809 766 824 791 ,
848 739 918 782 die
933 753 999 780 xx.
1015 742 1105 782 Od't.
1123 751 1305 782 moetxx
1314 751 1346 779 1.

303 795 565 843 Pontificatus
579 795 717 843 Nostri
729 798 854 843 Anno
866 798 1055 843 Secundo
1067 826 1079 839 .

931 918 964 961 1.
985 918 1038 959 G.
1052 913 1221 972 Slustus.

365 1032 615 1089 Autograph.
651 1035 694 1074 in
720 1034 891 1077 Archino
914 1037 1059 1075 Secret.
1077 1036 1195 1073 Brav.
1219 1030 1351 1085 Apost.

422 1094 520 1145 Reg.
536 1089 622 1131 on.
641 1091 718 1140 167
731 1107 762 1131 ι.
777 1090 859 1147 fhl.
878 1103 946 1145 32.
973 1093 1019 1131 dc
1039 1103 1114 1143 quo
1128 1094 1251 1130 Breve
1265 1088 1354 1142 for-

422 1156 576 1190 matum
604 1148 648 1190 in
669 1148 841 1194 Archivo
858 1160 952 1204 gen.
981 1148 1076 1190 Ord.
1098 1150 1203 1190 Tom.
1223 1149 1278 1190 H.
1294 1148 1353 1190 H.

421 1217 531 1248 mem.
549 1216 623 1260 45.

297 1441 481 1515 jacobo
516 1445 569 1493 S.
602 1445 664 1494 R.
689 1445 744 1493 E.
782 1444 1026 1494 Cardinali
1058 1441 1356 1514 Rospiglioso

342 1513 535 1565 Ordinis
562 1515 758 1564 tutelam
782 1515 1039 1565 committit
1056 1550 1069 1563 .

306 1653 345 1698 Α
360 1654 478 1709 tergo
490 1680 502 1692 .
549 1647 704 1692 DileHo
723 1650 830 1693 Filio
845 1651 986 1706 Nostro
1009 1651 1159 1705 ‘Jacobo
1180 1654 1219 1693 S.
1236 1654 1285 1695 R·
1302 1655 1348 1694 E.

452 1707 661 1754 cardinali
685 1706 934 1767 Rospt‘gliosb
957 1717 1204 1767 nuncupato.

421 1826 838 1877 CLEMENS
891 1827 1113 1878 PAPA
1171 1829 1237 1878 X.

510 1944 577 1989 Ad
593 1943 795 2003 futuram·
819 1931 881 1987 re}
911 1947 1166 1988 'memoriam-

340 2073 496 2120 Dileffle
515 2075 599 2120 Fili
614 2072 742 2129 noster
760 2075 938 2117 Salutem
958 2103 973 2125 ‚
1000 2075 1054 2125 ὠ·
1067 2072 1329 2132 Apostolicam

657 2132 969 2177 Benediffloncm
993 2162 1006 2175 .

417 2254 503 2295 UM
521 2264 595 2306 per
607 2251 764 2295 obitum
777 2251 844 2295 bo.
859 2266 981 2295 mem.
997 2251 1187 2295 Pederici
1202 2254 1357 2297 s.R.E.

445 2308 679 2352 Cardinalis
705 2311 924 2354 Borromaei
952 2312 1168 2365 nuncupati
1194 2338 1210 2363 2
1233 2310 1358 2353 Ordi-

308 2371 370 2412 nis
392 2371 580 2411 Fratrum
597 2368 804 2411 Minorum
821 2373 860 2412 S.
880 2367 1083 2412 francisci
1099 2380 1356 2426 nuncupato-

307 2441 399 2470 rum
413 2454 428 2476 ,
454 2425 551 2467 dum
570 2426 667 2466 vixit
682 2455 698 2477 ‚
721 2426 828 2482 apud
844 2429 932 2469 Nos
953 2455 967 2477 ,
993 2428 1033 2468 &
1053 2427 1355 2480 Apostolicant,

307 2484 457 2531 sedem
475 2485 724 2527 Protectoris
744 2514 759 2535 ,
787 2487 948 2527 Fratres
965 2483 1122 2539 praefati
1147 2488 1359 2529 Protecto-

307 2559 355 2587 re
376 2542 559 2586 destituti
585 2544 849 2585 remanserint
866 2570 882 2595 2
903 2546 993 2587 Nos
1018 2542 1169 2587 eisdem
1199 2545 1359 2590 Fratri-

307 2604 383 2647 bus
398 2601 451 2644 de
466 2600 618 2645 idoneo
633 2604 875 2645 Protestore
890 2601 1115 2657 providere
1138 2604 1328 2648 volentes
1343 2632 1358 2655 ‚

310 2677 355 2705 ac
369 2660 422 2703 de
436 2659 622 2715 singulari
637 2661 1004 2718 circumspectionis
1019 2673 1096 2705 tuae
1112 2663 1332 2719 prudentia
1345 2691 1359 2715 ,

309 2718 548 2773 integritate
579 2747 594 2768 ,
631 2721 669 2760 8(
697 2720 928 2777 Religionis
959 2720 1069 2769 Zelo
1102 2723 1359 2779 plurimum..-

310 2778 352 2820 in
369 2776 547 2819 Domino
560 2776 695 2819 confisi
710 2807 724 2829 ‚
742 2779 822 2830 Te,
838 2793 888 2821 ex
903 2779 1016 2836 cujus
1031 2784 1288 2836 protectione
1305 2782 1359 2824 ob

310 2847 404 2880 tuas
431 2834 594 2879 eximias
622 2837 799 2880 virtutes
827 2840 989 2881 Fratres
1016 2842 1203 2893 praefatos
1229 2841 1360 2898 pluri·

310 2893 421 2936 mum
448 2895 653 2960 commodi
673 2924 687 2948 ‚
710 2898 748 2943 &
763 2898 989 2944 ornamenti
1006 2897 1263 2963 suscepturos
1278 2900 1358 2950 eise

310 2950 550 2999 confidimus
570 2955 649 2998 &c-

426 3072 596 3131 Reliqua
614 3073 918 3134 videsbprdfhl.
936 3076 1007 3121 88.

313 3192 466 3237 Datum
495 3188 636 3232 Rontae
662 3192 766 3249 apud
794 3195 833 3236 S.
859 3194 1031 3236 Mariam
1056 3195 1261 3251 Maiorem
1285 3196 1360 3244 sub

370 3249 534 3296 Annulo
547 3248 760 3295 Piscatoris
781 3264 814 3294 1.
829 3252 971 3295 Martii
982 3268 1210 3298 mocxxut.

376 3368 626 3424 Autograpb.
655 3371 699 3412 in
724 3369 845 3412 Arch.
872 3371 1017 3411 Secret-
1048 3371 1162 3413 Brev.
1189 3372 1358 3434 Apostol.

432 3428 527 3483 Reg.
544 3431 675 3472 Mart.
697 3429 820 3485 1673·
837 3427 1086 3487 fol-primo·

489 3569 565 3634 N
688 3575 759 3641 Ο
888 3573 1185 3641 Τ,Α.

320 3685 548 3783 JAFtuijam
566 3713 580 3733 ‚
600 3701 702 3736 quam
728 3693 871 3738 Religio
898 3693 1032 3732 Nostra
1063 3694 1098 3731 in
1122 3690 1355 3731 ptumam-2,

390 3735 574 3790 Cardtnale
587 3738 784 3775 Borromaeo
797 3742 886 3789 paffa
903 3742 972 3786 est,
996 3742 1231 3790 compensavit
1251 3742 1358 3779 felici-

323 3794 375 3836 ter
394 3782 420 3818 E
420 3795 477 3834 Jus
489 3783 527 3820 in
542 3783 608 3823 hoc
621 3787 735 3827 officio
745 3789 918 3829 Succen‘or
930 3815 945 3837 ‚
972 3790 1255 3833 Eminenxiffirnus
1271 3791 1357 3833 Car«

988 205 1150 295 Sub
1209 204 1588 293 Clemente
1635 203 1750 291 X.

1408 321 1534 359 dinaiis
1555 318 1801 368 Rospigiiosus
1815 337 1830 359 ‚
1851 315 1895 351 de
1908 323 1980 361 quo
2004 314 2107 350 ordo
2129 313 2228 360 juxta
2251 316 2449 366 Apostolicl

1409 370 1532 409 Brevis
1544 368 1652 406 verba
1664 367 1916 404 Ornamentum
1929 362 1971 403 ὠ·
1985 361 2185 398 commodum
2198 363 2278 402 vete
2291 365 2422 412 accepit
2436 391 2448 402 .

1409 418 1675 463 Ornamentum,
1689 428 1767 454 cum
1780 413 1882 450 fuerit
1898 409 2310 450 San&.mem.ciementis
2325 415 2391 452 lX.
2404 423 2451 450 ex

1411 468 1528 504 Fratre
1543 467 1722 504 Germano
1736 465 1882 509 Nepos:
1909 458 2110 496 commodum
2123 467 2234 494 autem
2245 483 2259 503 v
2279 473 2355 497 eum
2367 475 2450 499 con·

1409 517 1577 553 servando
1593 513 1777 561 Regularis
1791 510 2016 547 observantia:
2030 507 2144 544 decori
2159 531 2171 552 ‚
2195 507 2356 545 indefess'o
2374 512 2452 548 Stu-

1410 564 1470 601 dio
1493 563 1686 608 invigilarit
1698 587 1711 608 ‚
1727 561 1834 610 usque
1855 559 1935 594 dum
1963 555 2102 594 labilior
2127 555 2263 593 Sanitas
2287 557 2454 594 sarcinam

1408 612 1510 660 hujus
1526 613 1680 656 muneris
1692 622 1751 664 per
1764 607 2050 649 renuntiationem
2061 606 2256 655 deponere,
2273 605 2361 641 Eum
2372 608 2450 642 eoi}-

1409 671 1507 707 gerat
1525 686 1535 698 .

1692 906 2179 948 DECRETO.

1584 1015 1623 1066 S
1621 1037 1684 1069 ac.
1714 1019 1753 1068 C
1753 1023 2054 1087 ongregationis
2077 1020 2258 1071 Rituum
2271 1055 2285 1069 .

1413 1152 1462 1199 Α
1483 1145 1772 1197 Sanstiffimo
1809 1145 2082 1198 confirmato
2110 1184 2126 1206 ,
2163 1146 2461 1217 reaffurnptio

1447 1215 1679 1287 processus
1709 1216 1764 1266 de
1786 1234 1881 1266 non
1909 1220 2043 1267 cultu
2062 1221 2184 1268 Ven.
2211 1219 2348 1267 Servi
2369 1218 2460 1264 Dei

1427 1309 1431 1311 “
1449 1290 1620 1340 Fratris
1630 1288 1847 1358 Jeremiae
1862 1288 1889 1336 ὲ
1905 1287 2145 1339 Vallachia
2160 1285 2433 1336 conceditur
2448 1320 2462 1333 .

1661 1418 1839 1471 Ordinis
1871 1417 2169 1484 Capucinorum
2188 1451 2202 1466 .

1510 1545 1801 1592 Eatificationis
1823 1574 1837 1598 ‚
1860 1547 1901 1588 &
1925 1544 2262 1590 Canonizationis
2278 1546 2463 1587 Venera-

1535 1608 1626 1649 bilis
1652 1607 1769 1649 Servi
1791 1607 1869 1649 Dei
1898 1608 2053 1650 Fratris
2070 1606 2258 1662 Jeremiae
2282 1603 2335 1645 de
2353 1603 2458 1644 Val-

1413 1664 1543 1705 lachia
1570 1663 1736 1705 Ordinis
1765 1665 2071 1717 Capucinorum
2098 1661 2344 1718 supplicante
2360 1662 2461 1702 Pro-

1414 1732 1604 1763 curatore
1620 1718 1742 1761 causae
1758 1719 1933 1774 praediCti
1949 1721 2064 1761 Servi
2079 1720 2161 1760 Dei
2176 1717 2282 1772 apud
2299 1720 2462 1759 Sacram

1416 1779 1588 1823 Rituum
1604 1776 1983 1832 Congregationem
2005 1784 2019 1826 ,'
2049 1790 2123 1829 pro
2137 1776 2391 1818 conceffione
2406 1773 2465 1816 fa-

1416 1837 1580 1880 cultatis
1596 1833 1913 1879 Eminentissimo
1932 1833 2249 1888 Archiepiscopo
2265 1833 2464 1885 Nea-poli-

1417 1908 1539 1946 tan0‚
1566 1897 1604 1938 &
1634 1893 1839 1950 Episcopis
1870 1892 2026 1944 Maffae,
2047 1895 2088 1934 δι
2112 1891 2299 1934 Calvenfi
2329 1897 2463 1934 denuo

1416 1951 1658 1998 conficiendi
1678 1951 1875 2008 procefl‘us
1900 1949 2017 2006 super
2032 1963 2110 1991 non
2125 1950 2236 1990 cultu
2253 1949 2350 1990 dicti
2364 1953 2465 1992 Ser-

1417 2015 1459 2056 vi
1475 2013 1580 2064 Dei,
1604 2011 1732 2054 stante
1750 2039 1766 2062 ,
1795 2009 1908 2067 quod
1934 2011 2061 2052 dictus
2076 2005 2280 2064 proceffus
2307 2021 2385 2048 non
2404 2008 2468 2049 in-

1417 2073 1582 2116 venitur
1596 2101 1610 2122 ,
1638 2083 1771 2126 neque
1786 2070 1824 2113 in
1843 2067 2017 2124 Neapoli
2034 2097 2049 2118 ,
2076 2067 2144 2109 ubi
2161 2066 2271 2115 illius
2287 2066 2464 2120 origina-

1416 2133 1466 2175 lis
1484 2131 1561 2175 fuit
1576 2129 1823 2180 fabricatus,
1851 2129 1981 2170 necin
2000 2127 2142 2178 Urbe,
2171 2125 2223 2168 ad
2250 2138 2369 2182 quam
2393 2140 2465 2166 co-

1419 2194 1484 2249 pia
1499 2189 1614 2248 ipfius
1631 2185 1970 2238 fuittransmiffa‚
1997 2188 2038 2229 &
2059 2186 2109 2227 ab
2135 2184 2280 2227 eadem
2308 2187 2466 2227 Sacra„

1419 2249 1756 2307 congregatione
1773 2258 1954 2303 recepta,
1970 2244 2115 2288 eadem
2130 2246 2173 2286 S.
2186 2242 2468 2298 Congregatio

1416 2309 1648 2365 rescripsit,
1673 2305 1779 2361 posse
1805 2305 1989 2349 reaffumi
2019 2301 2179 2346 causam
2206 2302 2245 2344 in
2263 2303 2375 2344 *statu
2391 2330 2403 2351 ,
2426 2301 2468 2342 sc

1418 2367 1604 2413 terminis
1621 2395 1636 2418 ‚
1661 2365 1687 2408 fi
1719 2364 1963 2411 Sanctiffimo
1989 2362 2190 2420 placuerit
2213 2391 2224 2402 .
2265 2361 2347 2404 Die
2370 2373 2464 2402 xxx.

1418 2426 1558 2471 Martii
1588 2440 1812 2469 moetxxv.

1475 2487 1532 2526 Et
1557 2482 1659 2526 facta
1681 2484 1735 2527 de
1764 2483 1960 2539 praedic‘iis
1987 2481 2188 2523 relatione
2213 2492 2288 2533 per
2314 2493 2380 2520 me
2396 2481 2468 2520 Se-

1419 2542 1642 2584 cretarium
1654 2571 1668 2594 ,
1688 2543 1881 2585 Sanctitas
1896 2540 1962 2583 sua
1978 2539 2151 2593 benigne
2165 2537 2306 2579 annuit
2322 2536 2388 2578 die
2405 2551 2467 2591 vr.
2512 2556 2515 2561 ¹

1423 2599 1576 2658 Aprilis
1604 2613 1829 2645 moetxxv·

1499 2719 1553 2770 V.
1569 2719 1708 2787 Episc.⁴
1723 2718 1858 2769 Part.
1885 2716 2014 2767 Card.
2035 2715 2261 2782 Carpineus
2279 2747 2295 2761 .

1418 2850 1550 2896 Locus
1568 2846 1625 2905 »Β
1638 2845 1770 2903 Sigilli
1781 2874 1794 2892 ι

1763 2951 1986 2999 Bernardm
2013 2951 2191 3010 Casblt'us
2206 2953 2245 2991 5.
2264 2951 2346 2992 Rit.
2365 2951 2466 2991 Con·

1814 3015 2061 3068 gregationis
2082 3013 2324 3052 Secretarius
2334 3034 2346 3048 .

1420 3133 1595 3190 Extempl.
1613 3131 1804 3176 Autbent.
1819 3131 1864 3173 in
1889 3126 2061 3173 Archivo
2076 3138 2170 3185 gen.
2189 3123 2284 3168 Ord.
2302 3125 2392 3165 Tom
2403 3125 2456 3169 K.

1533 3205 1640 3237 num.
1664 3202 1756 3245 147·

1419 3416 1566 3485 Qod
1581 3414 1732 3466 Nobis
1758 3410 1883 3479 aeque
1901 3446 1917 3470 ,
1933 3429 1986 3459 ac
2000 3411 2087 3459 ΡΡ.
2110 3407 2346 3457 Tertiariis
2366 3403 2456 3456 &a

1454 3485 1672 3540 Personas
1690 3485 1932 3535 Saeculares
1949 3479 2007 3529 ad
2022 3478 2237 3529 Tertium
2258 3513 2272 3534 ‚
2307 3475 2333 3525 ἃ
2356 3480 2465 3526 San-

1453 3560 1531 3609 &0
1560 3561 1609 3608 P.
1627 3551 1865 3605 Francisco
1887 3549 2143 3599 institutum
2173 3548 2463 3598 Poenitentiae

1454 3627 1685 3679 Ordinem
1705 3624 1899 3690 recipere
1935 3632 2172 3688 competat
2190 3656 2204 3676 ‚
2234 3617 2460 3668 annullata

1451 3698 1540 3750 alid
1556 3695 1633 3745 sua
1649 3690 1989 3745 Constitutione
2020 3693 2157 3759 incip.
2178 3691 2349 3756 Exponi
2369 3685 2457 3735 No-

1451 3770 1518 3826 bis
1537 3767 1627 3834 &fa
1641 3781 1691 3836 Χ.
1709 3762 1821 3815 Ost.
1845 3779 2091 3813 MDCLxxn.
2118 3759 2238 3812 edita
2256 3754 2457 3871 ‚spesciss-⁴

2290 3843 2300 3870 ι
2320 3839 2396 3886 que
