<?xml version="1.0" encoding="UTF-8"?>
<!DOCTYPE html PUBLIC "-//W3C//DTD XHTML 1.0 Transitional//EN"
    "http://www.w3.org/TR/xhtml1/DTD/xhtml1-transitional.dtd">
<html xmlns="http://www.w3.org/1999/xhtml" xml:lang="en" lang="en">
 <head>
  <title>
</title>
<meta http-equiv="Content-Type" content="text/html;charset=utf-8" />
  <meta name='ocr-system' content='tesseract 3.04.00' />
  <meta name='ocr-capabilities' content='ocr_page ocr_carea ocr_par ocr_line ocrx_word'/>
</head>
<body>
  <div class='ocr_page' id='page_1' title='image "./bullariumordinis01cath_0044.png"; bbox 0 0 2704 4296; ppageno 0'>
   <div class='ocr_carea' id='block_1_1' title="bbox 143 250 2419 1070">
    <p class='ocr_par' dir='ltr' id='par_1_1' title="bbox 143 250 2419 1070">
     <span class='ocr_line' id='line_1_1' title="bbox 319 250 1809 352; baseline 0.003 -4"><span class='ocrx_word' id='word_1_1' title='bbox 319 253 556 348; x_wconf 65' lang='lat' dir='ltr'>xxxii.</span> <span class='ocrx_word' id='word_1_2' title='bbox 939 251 985 348; x_wconf 89' lang='lat' dir='ltr'><em>I</em></span> <span class='ocrx_word' id='word_1_3' title='bbox 1041 250 1107 350; x_wconf 83' lang='lat' dir='ltr'><em>S</em></span> <span class='ocrx_word' id='word_1_4' title='bbox 1158 255 1243 349; x_wconf 84' lang='lat' dir='ltr'><em>A</em></span> <span class='ocrx_word' id='word_1_5' title='bbox 1287 253 1376 347; x_wconf 69' lang='lat' dir='ltr'><strong><em>G</em></strong></span> <span class='ocrx_word' id='word_1_6' title='bbox 1423 259 1506 352; x_wconf 89' lang='grc'><em>0</em></span> <span class='ocrx_word' id='word_1_7' title='bbox 1569 255 1643 351; x_wconf 87' lang='lat' dir='ltr'><em>G</em></span> <span class='ocrx_word' id='word_1_8' title='bbox 1699 261 1809 351; x_wconf 87' lang='lat' dir='ltr'>E.</span> 
     </span>
     <span class='ocr_line' id='line_1_2' title="bbox 260 374 2419 465; baseline 0.003 -26"><span class='ocrx_word' id='word_1_9' title='bbox 260 379 624 445; x_wconf 68' lang='lat' dir='ltr'>secretarius</span> <span class='ocrx_word' id='word_1_10' title='bbox 658 388 731 439; x_wconf 65' lang='lat' dir='ltr'>ex</span> <span class='ocrx_word' id='word_1_11' title='bbox 760 378 1179 442; x_wconf 80' lang='lat' dir='ltr'>commistione</span> <span class='ocrx_word' id='word_1_12' title='bbox 1224 380 1482 462; x_wconf 86' lang='lat' dir='ltr'>generali</span> <span class='ocrx_word' id='word_1_13' title='bbox 1519 415 1535 446; x_wconf 67' lang='lat'>1.</span> <span class='ocrx_word' id='word_1_14' title='bbox 1581 385 1644 443; x_wconf 84' lang='lat'>&amp;</span> <span class='ocrx_word' id='word_1_15' title='bbox 1688 374 1977 443; x_wconf 75' lang='lat' dir='ltr'>facultate</span> <span class='ocrx_word' id='word_1_16' title='bbox 2021 375 2193 454; x_wconf 81' lang='lat' dir='ltr'>juxta</span> <span class='ocrx_word' id='word_1_17' title='bbox 2237 381 2419 465; x_wconf 80' lang='lat' dir='ltr'>Papae</span> 
     </span>
     <span class='ocr_line' id='line_1_3' title="bbox 259 463 2413 551; baseline 0.003 -25"><span class='ocrx_word' id='word_1_18' title='bbox 259 463 582 527; x_wconf 80' lang='lat' dir='ltr'><strong>arbitrium</strong></span> <span class='ocrx_word' id='word_1_19' title='bbox 629 466 701 531; x_wconf 82' lang='lat' dir='ltr'>Ei</span> <span class='ocrx_word' id='word_1_20' title='bbox 747 463 1012 528; x_wconf 70' lang='lat' dir='ltr'>concessa</span> <span class='ocrx_word' id='word_1_21' title='bbox 1041 512 1055 536; x_wconf 93' lang='lat'>,</span> <span class='ocrx_word' id='word_1_22' title='bbox 1104 464 1255 551; x_wconf 90' lang='lat' dir='ltr'>quin</span> <span class='ocrx_word' id='word_1_23' title='bbox 1309 467 1580 530; x_wconf 85' lang='lat' dir='ltr'>recursus</span> <span class='ocrx_word' id='word_1_24' title='bbox 1634 466 1716 529; x_wconf 88' lang='lat' dir='ltr'>ad</span> <span class='ocrx_word' id='word_1_25' title='bbox 1765 471 1991 551; x_wconf 82' lang='lat' dir='ltr'>Papam</span> <span class='ocrx_word' id='word_1_26' title='bbox 2042 468 2114 530; x_wconf 88' lang='lat' dir='ltr'>fit</span> <span class='ocrx_word' id='word_1_27' title='bbox 2157 467 2413 532; x_wconf 79' lang='lat' dir='ltr'>necessa-</span> 
     </span>
     <span class='ocr_line' id='line_1_4' title="bbox 256 552 2409 641; baseline 0 -28"><span class='ocrx_word' id='word_1_28' title='bbox 256 554 382 613; x_wconf 79' lang='lat' dir='ltr'>rius</span> <span class='ocrx_word' id='word_1_29' title='bbox 427 588 457 632; x_wconf 22' lang='lat'>·.‚</span> <span class='ocrx_word' id='word_1_30' title='bbox 500 553 563 614; x_wconf 86' lang='lat' dir='ltr'>Si</span> <span class='ocrx_word' id='word_1_31' title='bbox 623 565 836 616; x_wconf 79' lang='lat' dir='ltr'>&#39;tamen</span> <span class='ocrx_word' id='word_1_32' title='bbox 890 552 1309 638; x_wconf 76' lang='lat' dir='ltr'><strong>expeditiones</strong></span> <span class='ocrx_word' id='word_1_33' title='bbox 1368 552 1480 617; x_wconf 86' lang='lat' dir='ltr'>fint</span> <span class='ocrx_word' id='word_1_34' title='bbox 1536 555 1826 639; x_wconf 82' lang='lat' dir='ltr'>gravioris</span> <span class='ocrx_word' id='word_1_35' title='bbox 1872 556 2223 619; x_wconf 84' lang='lat' dir='ltr'>momenti,</span> <span class='ocrx_word' id='word_1_36' title='bbox 2274 557 2409 641; x_wconf 78' lang='lat' dir='ltr'>sup-</span> 
     </span>
     <span class='ocr_line' id='line_1_5' title="bbox 255 635 2418 727; baseline 0.003 -29"><span class='ocrx_word' id='word_1_37' title='bbox 255 635 616 720; x_wconf 85' lang='lat' dir='ltr'>plicationes</span> <span class='ocrx_word' id='word_1_38' title='bbox 674 640 848 722; x_wconf 81' lang='lat' dir='ltr'>Papae</span> <span class='ocrx_word' id='word_1_39' title='bbox 907 638 1162 723; x_wconf 80' lang='lat' dir='ltr'><strong>desuper</strong></span> <span class='ocrx_word' id='word_1_40' title='bbox 1223 639 1445 725; x_wconf 82' lang='lat' dir='ltr'>porrigi</span> <span class='ocrx_word' id='word_1_41' title='bbox 1506 657 1752 726; x_wconf 87' lang='lat' dir='ltr'>oportet</span> <span class='ocrx_word' id='word_1_42' title='bbox 1783 679 1799 710; x_wconf 59' lang='lat' dir='ltr'>s</span> <span class='ocrx_word' id='word_1_43' title='bbox 1845 640 1926 703; x_wconf 83' lang='lat' dir='ltr'>ad</span> <span class='ocrx_word' id='word_1_44' title='bbox 1974 660 2126 727; x_wconf 82' lang='lat' dir='ltr'>quas</span> <span class='ocrx_word' id='word_1_45' title='bbox 2172 637 2418 727; x_wconf 62' lang='lat' dir='ltr'>postea-&#39;e</span> 
     </span>
     <span class='ocr_line' id='line_1_6' title="bbox 253 725 2415 813; baseline 0.002 -27"><span class='ocrx_word' id='word_1_46' title='bbox 253 727 503 810; x_wconf 86' lang='lat' dir='ltr'>propria</span> <span class='ocrx_word' id='word_1_47' title='bbox 565 726 740 809; x_wconf 79' lang='lat' dir='ltr'>Papae</span> <span class='ocrx_word' id='word_1_48' title='bbox 804 740 996 789; x_wconf 80' lang='lat' dir='ltr'>manu</span> <span class='ocrx_word' id='word_1_49' title='bbox 1056 726 1411 810; x_wconf 84' lang='lat' dir='ltr'>subscriptas</span> <span class='ocrx_word' id='word_1_50' title='bbox 1458 725 1857 791; x_wconf 81' lang='lat' dir='ltr'>efformantur</span> <span class='ocrx_word' id='word_1_51' title='bbox 1903 726 2120 792; x_wconf 83' lang='lat' dir='ltr'>Brevia</span> <span class='ocrx_word' id='word_1_52' title='bbox 2150 769 2174 811; x_wconf 33' lang='grc'>,,</span> <span class='ocrx_word' id='word_1_53' title='bbox 2229 749 2415 813; x_wconf 80' lang='lat' dir='ltr'>expe·-</span> 
     </span>
     <span class='ocr_line' id='line_1_7' title="bbox 255 811 2410 895; baseline 0.002 -24"><span class='ocrx_word' id='word_1_54' title='bbox 255 811 493 874; x_wconf 86' lang='lat' dir='ltr'>ditione</span> <span class='ocrx_word' id='word_1_55' title='bbox 551 831 756 875; x_wconf 85' lang='lat' dir='ltr'>earum</span> <span class='ocrx_word' id='word_1_56' title='bbox 822 818 886 875; x_wconf 88' lang='lat' dir='ltr'>in</span> <span class='ocrx_word' id='word_1_57' title='bbox 948 813 1215 895; x_wconf 83' lang='lat' dir='ltr'>Regestis</span> <span class='ocrx_word' id='word_1_58' title='bbox 1273 829 1484 874; x_wconf 86' lang='lat' dir='ltr'>notata</span> <span class='ocrx_word' id='word_1_59' title='bbox 1521 851 1537 880; x_wconf 76' lang='grc'><em>,</em></span> <span class='ocrx_word' id='word_1_60' title='bbox 1581 819 1643 875; x_wconf 73' lang='grc' dir='ltr'>δι</span> <span class='ocrx_word' id='word_1_61' title='bbox 1693 814 2112 882; x_wconf 60' lang='lat' dir='ltr'>Matricibuss</span> <span class='ocrx_word' id='word_1_62' title='bbox 2158 820 2260 879; x_wconf 92' lang='lat' dir='ltr'>seu</span> <span class='ocrx_word' id='word_1_63' title='bbox 2310 835 2410 876; x_wconf 77' lang='lat' dir='ltr'>eo-</span> 
     </span>
     <span class='ocr_line' id='line_1_8' title="bbox 257 899 2413 987; baseline 0.004 -29"><span class='ocrx_word' id='word_1_64' title='bbox 257 913 394 960; x_wconf 85' lang='lat' dir='ltr'>rum</span> <span class='ocrx_word' id='word_1_65' title='bbox 444 899 713 962; x_wconf 87' lang='lat' dir='ltr'>Minutis</span> <span class='ocrx_word' id='word_1_66' title='bbox 761 904 911 973; x_wconf 89' lang='lat' dir='ltr'>(uti</span> <span class='ocrx_word' id='word_1_67' title='bbox 958 922 1056 964; x_wconf 86' lang='lat' dir='ltr'>eas</span> <span class='ocrx_word' id='word_1_68' title='bbox 1100 908 1387 973; x_wconf 85' lang='lat' dir='ltr'>vocant)</span> <span class='ocrx_word' id='word_1_69' title='bbox 1435 905 1496 962; x_wconf 89' lang='lat' dir='ltr'>in</span> <span class='ocrx_word' id='word_1_70' title='bbox 1543 901 1649 961; x_wconf 85' lang='lat' dir='ltr'>suo</span> <span class='ocrx_word' id='word_1_71' title='bbox 1699 903 1983 967; x_wconf 81' lang='lat' dir='ltr'>Archivo</span> <span class='ocrx_word' id='word_1_72' title='bbox 2030 901 2114 966; x_wconf 86' lang='lat' dir='ltr'>ad</span> <span class='ocrx_word' id='word_1_73' title='bbox 2158 902 2413 987; x_wconf 76' lang='lat' dir='ltr'>expedi-</span> 
     </span>
     <span class='ocr_line' id='line_1_9' title="bbox 143 986 2017 1070; baseline 0.003 -24"><span class='ocrx_word' id='word_1_74' title='bbox 143 1018 149 1023; x_wconf 95' lang='lat'>·</span> <span class='ocrx_word' id='word_1_75' title='bbox 259 989 436 1070; x_wconf 73' lang='lat' dir='ltr'>‘tionis</span> <span class='ocrx_word' id='word_1_76' title='bbox 473 986 916 1050; x_wconf 56' lang='lat' dir='ltr'>⁴certitudinem</span> <span class='ocrx_word' id='word_1_77' title='bbox 964 987 1306 1049; x_wconf 76' lang='lat' dir='ltr'>affervatiS.</span> <span class='ocrx_word' id='word_1_78' title='bbox 2015 1011 2017 1014; x_wconf 71' lang='grc'><strong>’</strong></span> 
     </span>
    </p>
   </div>
   <div class='ocr_carea' id='block_1_2' title="bbox 713 1149 2068 1442">
    <p class='ocr_par' dir='ltr' id='par_1_2' title="bbox 713 1149 2068 1442">
     <span class='ocr_line' id='line_1_10' title="bbox 713 1149 2068 1249; baseline -0.007 -6"><span class='ocrx_word' id='word_1_79' title='bbox 713 1149 767 1243; x_wconf 90' lang='lat' dir='ltr'>S</span> <span class='ocrx_word' id='word_1_80' title='bbox 869 1155 943 1244; x_wconf 88' lang='lat' dir='ltr'>E</span> <span class='ocrx_word' id='word_1_81' title='bbox 1042 1155 1123 1242; x_wconf 89' lang='lat' dir='ltr'>C</span> <span class='ocrx_word' id='word_1_82' title='bbox 1223 1152 1304 1243; x_wconf 91' lang='lat' dir='ltr'>T</span> <span class='ocrx_word' id='word_1_83' title='bbox 1400 1149 1471 1244; x_wconf 93' lang='grc' dir='ltr'>Ῑ·</span> <span class='ocrx_word' id='word_1_84' title='bbox 1548 1155 1637 1244; x_wconf 85' lang='grc' dir='ltr'>Ο</span> <span class='ocrx_word' id='word_1_85' title='bbox 1835 1151 1952 1249; x_wconf 58' lang='lat' dir='ltr'>VA</span> <span class='ocrx_word' id='word_1_86' title='bbox 2056 1225 2068 1234; x_wconf 88' lang='lat'>.</span> 
     </span>
     <span class='ocr_line' id='line_1_11' title="bbox 747 1319 1876 1442; baseline -0.004 -28"><span class='ocrx_word' id='word_1_87' title='bbox 747 1319 916 1414; x_wconf 61' lang='lat' dir='ltr'>&#39;De</span> <span class='ocrx_word' id='word_1_88' title='bbox 975 1324 1371 1414; x_wconf 62' lang='lat' dir='ltr'>eAnnullo&#39;</span> <span class='ocrx_word' id='word_1_89' title='bbox 1409 1324 1876 1442; x_wconf 55' lang='lat' dir='ltr'>&#39;Pffcatorim</span> 
     </span>
    </p>
   </div>
   <div class='ocr_carea' id='block_1_3' title="bbox 237 1499 2408 3427">
    <p class='ocr_par' dir='ltr' id='par_1_3' title="bbox 239 1499 2408 2809">
     <span class='ocr_line' id='line_1_12' title="bbox 319 1499 2404 1593; baseline 0 -23"><span class='ocrx_word' id='word_1_90' title='bbox 319 1506 322 1509; x_wconf 77' lang='grc'><strong>’</strong></span> <span class='ocrx_word' id='word_1_91' title='bbox 410 1502 667 1570; x_wconf 86' lang='lat' dir='ltr'>Nnulus</span> <span class='ocrx_word' id='word_1_92' title='bbox 692 1502 1053 1570; x_wconf 77' lang='lat' dir='ltr'>Piscatorius</span> <span class='ocrx_word' id='word_1_93' title='bbox 1093 1522 1286 1568; x_wconf 84' lang='lat' dir='ltr'>unum</span> <span class='ocrx_word' id='word_1_94' title='bbox 1316 1517 1392 1565; x_wconf 67' lang='lat' dir='ltr'>ex</span> <span class='ocrx_word' id='word_1_95' title='bbox 1422 1502 1757 1589; x_wconf 84' lang='lat' dir='ltr'>Papalibus</span> <span class='ocrx_word' id='word_1_96' title='bbox 1776 1505 1997 1593; x_wconf 83' lang='lat' dir='ltr'>Sigillis</span> <span class='ocrx_word' id='word_1_97' title='bbox 2035 1499 2150 1578; x_wconf 88' lang='lat' dir='ltr'>est,</span> <span class='ocrx_word' id='word_1_98' title='bbox 2186 1530 2262 1573; x_wconf 81' lang='lat' dir='ltr'>ex</span> <span class='ocrx_word' id='word_1_99' title='bbox 2298 1523 2404 1571; x_wconf 86' lang='lat' dir='ltr'>au-·</span> 
     </span>
     <span class='ocr_line' id='line_1_13' title="bbox 249 1506 2401 1681; baseline 0.001 -27"><span class='ocrx_word' id='word_1_100' title='bbox 249 1506 402 1669; x_wconf 82' lang='grc' dir='ltr'>Α</span> <span class='ocrx_word' id='word_1_101' title='bbox 426 1604 494 1654; x_wconf 78' lang='lat' dir='ltr'>r‘o</span> <span class='ocrx_word' id='word_1_102' title='bbox 523 1591 867 1655; x_wconf 66' lang='lat' dir='ltr'>confectum</span> <span class='ocrx_word' id='word_1_103' title='bbox 891 1638 906 1662; x_wconf 93' lang='lat'>‚</span> <span class='ocrx_word' id='word_1_104' title='bbox 934 1594 1106 1673; x_wconf 86' lang='lat' dir='ltr'>cujus</span> <span class='ocrx_word' id='word_1_105' title='bbox 1131 1588 1514 1675; x_wconf 76' lang='lat' dir='ltr'>impressione</span> <span class='ocrx_word' id='word_1_106' title='bbox 1547 1592 1769 1656; x_wconf 86' lang='lat' dir='ltr'>Brevia</span> <span class='ocrx_word' id='word_1_107' title='bbox 1790 1594 2153 1679; x_wconf 85' lang='lat' dir='ltr'>Apostolica</span> <span class='ocrx_word' id='word_1_108' title='bbox 2183 1600 2245 1660; x_wconf 91' lang='lat' dir='ltr'>in</span> <span class='ocrx_word' id='word_1_109' title='bbox 2271 1614 2401 1681; x_wconf 72' lang='lat' dir='ltr'>par.</span> 
     </span>
     <span class='ocr_line' id='line_1_14' title="bbox 246 1677 2394 1762; baseline -0 -17"><span class='ocrx_word' id='word_1_110' title='bbox 246 1688 371 1745; x_wconf 82' lang='lat' dir='ltr'>tem</span> <span class='ocrx_word' id='word_1_111' title='bbox 405 1680 443 1741; x_wconf 63' lang='grc' dir='ltr'><em>ἃ</em></span> <span class='ocrx_word' id='word_1_112' title='bbox 479 1677 671 1740; x_wconf 90' lang='lat' dir='ltr'>Bullis</span> <span class='ocrx_word' id='word_1_113' title='bbox 707 1677 1198 1761; x_wconf 86' lang='lat' dir='ltr'>distinguuntur,</span> <span class='ocrx_word' id='word_1_114' title='bbox 1234 1683 1298 1740; x_wconf 87' lang='lat'>&amp;</span> <span class='ocrx_word' id='word_1_115' title='bbox 1333 1677 1504 1762; x_wconf 88' lang='lat' dir='ltr'>quod</span> <span class='ocrx_word' id='word_1_116' title='bbox 1539 1680 1827 1741; x_wconf 84' lang='lat' dir='ltr'>Annulus</span> <span class='ocrx_word' id='word_1_117' title='bbox 1874 1680 2232 1744; x_wconf 83' lang='lat' dir='ltr'>Piscatorius</span> <span class='ocrx_word' id='word_1_118' title='bbox 2280 1705 2394 1749; x_wconf 91' lang='lat' dir='ltr'>vo-</span> 
     </span>
     <span class='ocr_line' id='line_1_15' title="bbox 242 1762 2408 1850; baseline -0 -19"><span class='ocrx_word' id='word_1_119' title='bbox 242 1780 452 1834; x_wconf 77' lang='lat' dir='ltr'>catur,</span> <span class='ocrx_word' id='word_1_120' title='bbox 482 1773 606 1829; x_wconf 73' lang='lat' dir='ltr'>tam</span> <span class='ocrx_word' id='word_1_121' title='bbox 626 1810 642 1839; x_wconf 87' lang='lat'>‚</span> <span class='ocrx_word' id='word_1_122' title='bbox 679 1764 853 1850; x_wconf 89' lang='lat' dir='ltr'>quod</span> <span class='ocrx_word' id='word_1_123' title='bbox 891 1762 973 1826; x_wconf 87' lang='lat' dir='ltr'>ad</span> <span class='ocrx_word' id='word_1_124' title='bbox 1005 1764 1267 1829; x_wconf 90' lang='lat' dir='ltr'>modum</span> <span class='ocrx_word' id='word_1_125' title='bbox 1290 1764 1527 1827; x_wconf 86' lang='lat' dir='ltr'>Annuli</span> <span class='ocrx_word' id='word_1_126' title='bbox 1555 1762 1804 1827; x_wconf 88' lang='lat' dir='ltr'>duobus</span> <span class='ocrx_word' id='word_1_127' title='bbox 1835 1768 2068 1828; x_wconf 84' lang='lat' dir='ltr'>uncinis</span> <span class='ocrx_word' id='word_1_128' title='bbox 2100 1769 2408 1831; x_wconf 68' lang='lat' dir='ltr'>collater-a*</span> 
     </span>
     <span class='ocr_line' id='line_1_16' title="bbox 241 1849 2406 1937; baseline -0 -19"><span class='ocrx_word' id='word_1_129' title='bbox 241 1855 382 1919; x_wconf 90' lang='lat' dir='ltr'>liter</span> <span class='ocrx_word' id='word_1_130' title='bbox 415 1851 496 1914; x_wconf 92' lang='lat' dir='ltr'>de</span> <span class='ocrx_word' id='word_1_131' title='bbox 524 1853 713 1937; x_wconf 87' lang='lat' dir='ltr'>plano</span> <span class='ocrx_word' id='word_1_132' title='bbox 742 1851 823 1917; x_wconf 83' lang='lat' dir='ltr'>ad</span> <span class='ocrx_word' id='word_1_133' title='bbox 856 1852 1253 1917; x_wconf 79' lang='lat' dir='ltr'>manubrium</span> <span class='ocrx_word' id='word_1_134' title='bbox 1287 1854 1575 1918; x_wconf 83' lang='lat' dir='ltr'>convexis</span> <span class='ocrx_word' id='word_1_135' title='bbox 1594 1896 1607 1919; x_wconf 94' lang='lat'>,</span> <span class='ocrx_word' id='word_1_136' title='bbox 1627 1849 2096 1936; x_wconf 81' lang='lat' dir='ltr'>huicqueinfitis</span> <span class='ocrx_word' id='word_1_137' title='bbox 2117 1853 2406 1928; x_wconf 80' lang='lat' dir='ltr'>firmetur,</span> 
     </span>
     <span class='ocr_line' id='line_1_17' title="bbox 243 1938 2403 2028; baseline -0.001 -23"><span class='ocrx_word' id='word_1_138' title='bbox 243 1954 372 2006; x_wconf 82' lang='lat' dir='ltr'>tarn</span> <span class='ocrx_word' id='word_1_139' title='bbox 392 1939 566 2028; x_wconf 83' lang='lat' dir='ltr'>&#39;quod</span> <span class='ocrx_word' id='word_1_140' title='bbox 585 1941 914 2004; x_wconf 73' lang='lat' dir='ltr'>D-Petrum</span> <span class='ocrx_word' id='word_1_141' title='bbox 935 1943 997 2001; x_wconf 86' lang='lat' dir='ltr'>in</span> <span class='ocrx_word' id='word_1_142' title='bbox 1028 1948 1180 2023; x_wconf 84' lang='lat' dir='ltr'>mari</span> <span class='ocrx_word' id='word_1_143' title='bbox 1202 1938 1671 2023; x_wconf 69' lang='lat' dir='ltr'>piscantem‚seu</span> <span class='ocrx_word' id='word_1_144' title='bbox 1693 1942 1836 2001; x_wconf 86' lang='lat' dir='ltr'>retia</span> <span class='ocrx_word' id='word_1_145' title='bbox 1862 1942 1923 2002; x_wconf 91' lang='lat' dir='ltr'>in</span> <span class='ocrx_word' id='word_1_146' title='bbox 1953 1941 2016 2004; x_wconf 88' lang='lat' dir='ltr'>id</span> <span class='ocrx_word' id='word_1_147' title='bbox 2047 1939 2080 2000; x_wconf 71' lang='grc' dir='ltr'>ὃ</span> <span class='ocrx_word' id='word_1_148' title='bbox 2109 1942 2403 2007; x_wconf 86' lang='lat' dir='ltr'>navicula</span> 
     </span>
     <span class='ocr_line' id='line_1_18' title="bbox 242 2024 2402 2112; baseline -0.002 -20"><span class='ocrx_word' id='word_1_149' title='bbox 242 2030 551 2092; x_wconf 83' lang='lat' dir='ltr'>laxantem</span> <span class='ocrx_word' id='word_1_150' title='bbox 582 2025 870 2090; x_wconf 84' lang='lat' dir='ltr'>exhibeat</span> <span class='ocrx_word' id='word_1_151' title='bbox 890 2076 905 2090; x_wconf 94' lang='lat'><strong>.</strong></span> <span class='ocrx_word' id='word_1_152' title='bbox 937 2026 1295 2091; x_wconf 78' lang='lat' dir='ltr'>Custoditu&#39;r</span> <span class='ocrx_word' id='word_1_153' title='bbox 1331 2026 1691 2112; x_wconf 81' lang='lat' dir='ltr'>plerumque</span> <span class='ocrx_word' id='word_1_154' title='bbox 1721 2024 1798 2087; x_wconf 89' lang='lat' dir='ltr'>ab</span> <span class='ocrx_word' id='word_1_155' title='bbox 1827 2029 2049 2091; x_wconf 88' lang='lat' dir='ltr'>intimo</span> <span class='ocrx_word' id='word_1_156' title='bbox 2083 2027 2261 2112; x_wconf 85' lang='lat' dir='ltr'>Papae</span> <span class='ocrx_word' id='word_1_157' title='bbox 2292 2026 2402 2089; x_wconf 86' lang='lat' dir='ltr'>Fa-</span> 
     </span>
     <span class='ocr_line' id='line_1_19' title="bbox 243 2113 2401 2197; baseline -0.002 -18"><span class='ocrx_word' id='word_1_158' title='bbox 243 2119 464 2180; x_wconf 85' lang='lat' dir='ltr'>miliari</span> <span class='ocrx_word' id='word_1_159' title='bbox 500 2156 516 2181; x_wconf 77' lang='lat'><em>2</em></span> <span class='ocrx_word' id='word_1_160' title='bbox 556 2117 655 2177; x_wconf 77' lang='lat' dir='ltr'>{eu</span> <span class='ocrx_word' id='word_1_161' title='bbox 702 2113 999 2197; x_wconf 85' lang='lat' dir='ltr'>Magistro</span> <span class='ocrx_word' id='word_1_162' title='bbox 1041 2114 1374 2180; x_wconf 84' lang='lat' dir='ltr'>Pontificiae</span> <span class='ocrx_word' id='word_1_163' title='bbox 1421 2115 1733 2179; x_wconf 84' lang='lat' dir='ltr'>Camerae:</span> <span class='ocrx_word' id='word_1_164' title='bbox 1780 2113 1925 2177; x_wconf 87' lang='lat' dir='ltr'>inde</span> <span class='ocrx_word' id='word_1_165' title='bbox 1961 2116 2401 2180; x_wconf 64' lang='lat' dir='ltr'>Secretarium.»</span> 
     </span>
     <span class='ocr_line' id='line_1_20' title="bbox 242 2192 2400 2287; baseline -0.002 -20"><span class='ocrx_word' id='word_1_166' title='bbox 242 2204 542 2271; x_wconf 88' lang='lat' dir='ltr'>Brevium</span> <span class='ocrx_word' id='word_1_167' title='bbox 566 2243 581 2269; x_wconf 82' lang='grc'><strong><em>,</em></strong></span> <span class='ocrx_word' id='word_1_168' title='bbox 618 2192 771 2265; x_wconf 64' lang='lat' dir='ltr'>hora</span> <span class='ocrx_word' id='word_1_169' title='bbox 807 2197 1106 2266; x_wconf 66' lang='lat' dir='ltr'>matutina</span> <span class='ocrx_word' id='word_1_170' title='bbox 1146 2202 1432 2267; x_wconf 69' lang='lat' dir='ltr'>consueta</span> <span class='ocrx_word' id='word_1_171' title='bbox 1477 2195 1559 2265; x_wconf 82' lang='lat' dir='ltr'>ad</span> <span class='ocrx_word' id='word_1_172' title='bbox 1607 2200 1989 2265; x_wconf 84' lang='lat' dir='ltr'>audientiam</span> <span class='ocrx_word' id='word_1_173' title='bbox 2026 2202 2202 2287; x_wconf 86' lang='lat' dir='ltr'>Papae</span> <span class='ocrx_word' id='word_1_174' title='bbox 2246 2222 2400 2264; x_wconf 85' lang='lat' dir='ltr'>eun·-</span> 
     </span>
     <span class='ocr_line' id='line_1_21' title="bbox 244 2287 2401 2375; baseline -0.003 -19"><span class='ocrx_word' id='word_1_175' title='bbox 244 2296 374 2356; x_wconf 79' lang='lat' dir='ltr'>tem</span> <span class='ocrx_word' id='word_1_176' title='bbox 419 2288 749 2355; x_wconf 80' lang='lat' dir='ltr'>comitatur</span> <span class='ocrx_word' id='word_1_177' title='bbox 787 2288 1087 2373; x_wconf 82' lang='lat' dir='ltr'>Officialis</span> <span class='ocrx_word' id='word_1_178' title='bbox 1113 2337 1127 2361; x_wconf 91' lang='lat'>‚</span> <span class='ocrx_word' id='word_1_179' title='bbox 1170 2291 1396 2355; x_wconf 81' lang='lat' dir='ltr'>Brevia</span> <span class='ocrx_word' id='word_1_180' title='bbox 1441 2287 1712 2353; x_wconf 66' lang='lat' dir='ltr'>confecia</span> <span class='ocrx_word' id='word_1_181' title='bbox 1753 2305 2006 2375; x_wconf 86' lang='lat' dir='ltr'>portans</span> <span class='ocrx_word' id='word_1_182' title='bbox 2037 2334 2053 2359; x_wconf 91' lang='lat'>‚</span> <span class='ocrx_word' id='word_1_183' title='bbox 2098 2291 2208 2375; x_wconf 89' lang='lat' dir='ltr'>qui</span> <span class='ocrx_word' id='word_1_184' title='bbox 2240 2292 2401 2351; x_wconf 49' lang='lat' dir='ltr'>rece}</span> 
     </span>
     <span class='ocr_line' id='line_1_22' title="bbox 241 2375 2399 2466; baseline -0.002 -25"><span class='ocrx_word' id='word_1_185' title='bbox 241 2387 420 2466; x_wconf 79' lang='lat' dir='ltr'>ptum</span> <span class='ocrx_word' id='word_1_186' title='bbox 454 2376 492 2439; x_wconf 72' lang='grc' dir='ltr'>ἃ</span> <span class='ocrx_word' id='word_1_187' title='bbox 530 2375 806 2440; x_wconf 85' lang='lat' dir='ltr'>Custode</span> <span class='ocrx_word' id='word_1_188' title='bbox 839 2376 1120 2461; x_wconf 87' lang='lat' dir='ltr'>Sigillum</span> <span class='ocrx_word' id='word_1_189' title='bbox 1142 2421 1157 2446; x_wconf 85' lang='lat'><strong>‚</strong></span> <span class='ocrx_word' id='word_1_190' title='bbox 1183 2395 1329 2444; x_wconf 85' lang='lat' dir='ltr'>cerae</span> <span class='ocrx_word' id='word_1_191' title='bbox 1369 2375 1454 2439; x_wconf 87' lang='lat' dir='ltr'>ad</span> <span class='ocrx_word' id='word_1_192' title='bbox 1503 2378 1569 2441; x_wconf 91' lang='lat' dir='ltr'>id</span> <span class='ocrx_word' id='word_1_193' title='bbox 1599 2381 1662 2439; x_wconf 90' lang='lat' dir='ltr'>in</span> <span class='ocrx_word' id='word_1_194' title='bbox 1695 2377 1895 2457; x_wconf 79' lang='lat' dir='ltr'>media</span> <span class='ocrx_word' id='word_1_195' title='bbox 1931 2375 2162 2461; x_wconf 87' lang='lat' dir='ltr'>plicatae</span> <span class='ocrx_word' id='word_1_196' title='bbox 2197 2396 2399 2459; x_wconf 83' lang='lat' dir='ltr'>perga-</span> 
     </span>
     <span class='ocr_line' id='line_1_23' title="bbox 241 2460 2397 2552; baseline -0.002 -21"><span class='ocrx_word' id='word_1_197' title='bbox 241 2478 436 2531; x_wconf 79' lang='lat' dir='ltr'>menae</span> <span class='ocrx_word' id='word_1_198' title='bbox 465 2468 837 2527; x_wconf 78' lang='lat' dir='ltr'>extremitate</span> <span class='ocrx_word' id='word_1_199' title='bbox 867 2481 1090 2550; x_wconf 87' lang='lat' dir='ltr'>aptatae</span> <span class='ocrx_word' id='word_1_200' title='bbox 1121 2464 1442 2552; x_wconf 88' lang='lat' dir='ltr'>imprimit.</span> <span class='ocrx_word' id='word_1_201' title='bbox 1466 2463 1626 2550; x_wconf 68' lang='lat' dir='ltr'>Papa</span> <span class='ocrx_word' id='word_1_202' title='bbox 1652 2460 1934 2527; x_wconf 63' lang='lat' dir='ltr'>defuncto</span> <span class='ocrx_word' id='word_1_203' title='bbox 1966 2467 2033 2526; x_wconf 88' lang='lat' dir='ltr'>in</span> <span class='ocrx_word' id='word_1_204' title='bbox 2064 2464 2397 2548; x_wconf 83' lang='lat' dir='ltr'>primaVa-</span> 
     </span>
     <span class='ocr_line' id='line_1_24' title="bbox 240 2548 2396 2637; baseline -0 -24"><span class='ocrx_word' id='word_1_205' title='bbox 240 2556 458 2616; x_wconf 79' lang='lat' dir='ltr'>ticanae&#39;</span> <span class='ocrx_word' id='word_1_206' title='bbox 486 2549 668 2616; x_wconf 80' lang='lat' dir='ltr'>Aulae</span> <span class='ocrx_word' id='word_1_207' title='bbox 711 2551 1204 2636; x_wconf 85' lang='lat' dir='ltr'>Congregatione</span> <span class='ocrx_word' id='word_1_208' title='bbox 1245 2551 1315 2613; x_wconf 91' lang='lat' dir='ltr'>id</span> <span class='ocrx_word' id='word_1_209' title='bbox 1360 2573 1501 2615; x_wconf 90' lang='lat' dir='ltr'>cum</span> <span class='ocrx_word' id='word_1_210' title='bbox 1545 2551 1784 2633; x_wconf 87' lang='lat' dir='ltr'>Sigillo,</span> <span class='ocrx_word' id='word_1_211' title='bbox 1817 2552 1995 2637; x_wconf 89' lang='lat' dir='ltr'>quod</span> <span class='ocrx_word' id='word_1_212' title='bbox 2026 2548 2396 2613; x_wconf 68' lang='lat' dir='ltr'>Plumburm</span> 
     </span>
     <span class='ocr_line' id='line_1_25' title="bbox 239 2635 2395 2721; baseline 0.002 -21"><span class='ocrx_word' id='word_1_213' title='bbox 239 2638 503 2706; x_wconf 62' lang='lat' dir='ltr'>dicitur,</span> <span class='ocrx_word' id='word_1_214' title='bbox 538 2635 576 2696; x_wconf 72' lang='lat' dir='ltr'>a</span> <span class='ocrx_word' id='word_1_215' title='bbox 604 2635 899 2719; x_wconf 86' lang='lat' dir='ltr'>Magistro</span> <span class='ocrx_word' id='word_1_216' title='bbox 933 2640 1466 2703; x_wconf 83' lang='lat' dir='ltr'>Goeremoniarum</span> <span class='ocrx_word' id='word_1_217' title='bbox 1502 2638 1726 2699; x_wconf 84' lang='lat' dir='ltr'>malleo</span> <span class='ocrx_word' id='word_1_218' title='bbox 1762 2635 2194 2721; x_wconf 79' lang='lat' dir='ltr'>confringitur,</span> <span class='ocrx_word' id='word_1_219' title='bbox 2215 2658 2395 2704; x_wconf 70' lang='lat' dir='ltr'>auro,</span> 
     </span>
     <span class='ocr_line' id='line_1_26' title="bbox 240 2717 1550 2809; baseline -0.003 -20"><span class='ocrx_word' id='word_1_220' title='bbox 240 2729 308 2789; x_wconf 70' lang='grc' dir='ltr'>’δι’</span> <span class='ocrx_word' id='word_1_221' title='bbox 347 2735 591 2809; x_wconf 84' lang='lat' dir='ltr'>argento</span> <span class='ocrx_word' id='word_1_222' title='bbox 636 2717 1067 2808; x_wconf 72' lang='lat' dir='ltr'>confringentis</span> <span class='ocrx_word' id='word_1_223' title='bbox 1102 2727 1221 2807; x_wconf 89' lang='lat' dir='ltr'>juri</span> <span class='ocrx_word' id='word_1_224' title='bbox 1256 2722 1505 2786; x_wconf 85' lang='lat' dir='ltr'>cedente</span> <span class='ocrx_word' id='word_1_225' title='bbox 1535 2765 1550 2785; x_wconf 71' lang='grc'><strong>.</strong></span> 
     </span>
    </p>

    <p class='ocr_par' dir='ltr' id='par_1_4' title="bbox 237 2807 2395 3427">
     <span class='ocr_line' id='line_1_27' title="bbox 328 2807 2390 2895; baseline 0 -23"><span class='ocrx_word' id='word_1_226' title='bbox 328 2846 344 2865; x_wconf 86' lang='lat'><strong>·</strong></span> <span class='ocrx_word' id='word_1_227' title='bbox 437 2813 604 2872; x_wconf 84' lang='lat' dir='ltr'>Cum</span> <span class='ocrx_word' id='word_1_228' title='bbox 650 2808 925 2892; x_wconf 87' lang='lat' dir='ltr'>Sigillum</span> <span class='ocrx_word' id='word_1_229' title='bbox 973 2810 1172 2874; x_wconf 87' lang='lat' dir='ltr'>taliter</span> <span class='ocrx_word' id='word_1_230' title='bbox 1215 2807 1560 2895; x_wconf 87' lang='lat' dir='ltr'>impressum</span> <span class='ocrx_word' id='word_1_231' title='bbox 1607 2807 1780 2871; x_wconf 71' lang='lat' dir='ltr'>facile</span> <span class='ocrx_word' id='word_1_232' title='bbox 1822 2827 2229 2882; x_wconf 83' lang='lat' dir='ltr'>amoveatur,</span> <span class='ocrx_word' id='word_1_233' title='bbox 2280 2821 2390 2874; x_wconf 87' lang='lat' dir='ltr'>aut</span> 
     </span>
     <span class='ocr_line' id='line_1_28' title="bbox 238 2895 2389 2985; baseline -0.002 -23"><span class='ocrx_word' id='word_1_234' title='bbox 238 2899 397 2962; x_wconf 62' lang='lat' dir='ltr'>&#39;aliae</span> <span class='ocrx_word' id='word_1_235' title='bbox 421 2918 496 2959; x_wconf 84' lang='lat' dir='ltr'>ex</span> <span class='ocrx_word' id='word_1_236' title='bbox 525 2896 721 2959; x_wconf 84' lang='lat' dir='ltr'>calore</span> <span class='ocrx_word' id='word_1_237' title='bbox 747 2942 762 2967; x_wconf 90' lang='lat'><strong>,</strong></span> <span class='ocrx_word' id='word_1_238' title='bbox 803 2896 1010 2985; x_wconf 88' lang='lat' dir='ltr'>figurae</span> <span class='ocrx_word' id='word_1_239' title='bbox 1031 2945 1045 2970; x_wconf 90' lang='lat'>‚</span> <span class='ocrx_word' id='word_1_240' title='bbox 1079 2906 1145 2962; x_wconf 69' lang='grc' dir='ltr'>’δε</span> <span class='ocrx_word' id='word_1_241' title='bbox 1180 2919 1407 2963; x_wconf 89' lang='lat' dir='ltr'>nomen</span> <span class='ocrx_word' id='word_1_242' title='bbox 1441 2901 1648 2982; x_wconf 82' lang='lat' dir='ltr'>Papae,</span> <span class='ocrx_word' id='word_1_243' title='bbox 1678 2899 1745 2958; x_wconf 91' lang='lat' dir='ltr'>in</span> <span class='ocrx_word' id='word_1_244' title='bbox 1777 2895 2256 2961; x_wconf 86' lang='lat' dir='ltr'>circumferentia</span> <span class='ocrx_word' id='word_1_245' title='bbox 2287 2918 2389 2958; x_wconf 76' lang='lat' dir='ltr'>ex-</span> 
     </span>
     <span class='ocr_line' id='line_1_29' title="bbox 243 2981 2394 3073; baseline 0 -27"><span class='ocrx_word' id='word_1_246' title='bbox 243 2982 502 3073; x_wconf 75' lang='lat' dir='ltr'>pressum</span> <span class='ocrx_word' id='word_1_247' title='bbox 529 2981 866 3067; x_wconf 87' lang='lat' dir='ltr'>aliquando</span> <span class='ocrx_word' id='word_1_248' title='bbox 898 2985 1225 3058; x_wconf 76' lang='lat' dir='ltr'>diffluant3</span> <span class='ocrx_word' id='word_1_249' title='bbox 1261 2985 1487 3050; x_wconf 84' lang='lat' dir='ltr'>Brevia</span> <span class='ocrx_word' id='word_1_250' title='bbox 1509 3026 1527 3056; x_wconf 88' lang='lat'><strong>‚</strong></span> <span class='ocrx_word' id='word_1_251' title='bbox 1562 2988 1880 3052; x_wconf 85' lang='lat' dir='ltr'>Secretarii</span> <span class='ocrx_word' id='word_1_252' title='bbox 1914 2986 2254 3049; x_wconf 66' lang='lat' dir='ltr'>charactere</span> <span class='ocrx_word' id='word_1_253' title='bbox 2284 2987 2394 3047; x_wconf 60' lang='lat' dir='ltr'>iri-2</span> 
     </span>
     <span class='ocr_line' id='line_1_30' title="bbox 244 3069 2392 3160; baseline -0 -26"><span class='ocrx_word' id='word_1_254' title='bbox 244 3073 388 3135; x_wconf 88' lang='lat' dir='ltr'>fidei</span> <span class='ocrx_word' id='word_1_255' title='bbox 422 3069 750 3134; x_wconf 78' lang='lat' dir='ltr'>subsidium</span> <span class='ocrx_word' id='word_1_256' title='bbox 786 3079 1159 3137; x_wconf 87' lang='lat' dir='ltr'>communiri</span> <span class='ocrx_word' id='word_1_257' title='bbox 1199 3075 1509 3160; x_wconf 71' lang='lat' dir='ltr'>provisum</span> <span class='ocrx_word' id='word_1_258' title='bbox 1546 3070 1658 3143; x_wconf 90' lang='lat' dir='ltr'>est,</span> <span class='ocrx_word' id='word_1_259' title='bbox 1681 3093 1819 3134; x_wconf 87' lang='lat' dir='ltr'>cum</span> <span class='ocrx_word' id='word_1_260' title='bbox 1852 3071 1977 3133; x_wconf 93' lang='lat' dir='ltr'>hoc</span> <span class='ocrx_word' id='word_1_261' title='bbox 2001 3089 2233 3136; x_wconf 91' lang='lat' dir='ltr'>attento</span> <span class='ocrx_word' id='word_1_262' title='bbox 2257 3116 2272 3143; x_wconf 89' lang='lat'>,</span> <span class='ocrx_word' id='word_1_263' title='bbox 2303 3070 2392 3133; x_wconf 87' lang='lat' dir='ltr'>vi-</span> 
     </span>
     <span class='ocr_line' id='line_1_31' title="bbox 237 3157 2395 3245; baseline -0.001 -21"><span class='ocrx_word' id='word_1_264' title='bbox 237 3160 427 3245; x_wconf 72' lang='lat' dir='ltr'>soque</span> <span class='ocrx_word' id='word_1_265' title='bbox 462 3157 589 3223; x_wconf 88' lang='lat' dir='ltr'>levi</span> <span class='ocrx_word' id='word_1_266' title='bbox 624 3159 811 3240; x_wconf 81' lang='lat' dir='ltr'>Sigilli</span> <span class='ocrx_word' id='word_1_267' title='bbox 845 3157 1099 3242; x_wconf 85' lang='lat' dir='ltr'>vestigio</span> <span class='ocrx_word' id='word_1_268' title='bbox 1139 3162 1359 3229; x_wconf 87' lang='lat' dir='ltr'>Brevia</span> <span class='ocrx_word' id='word_1_269' title='bbox 1398 3161 1794 3224; x_wconf 73' lang='lat' dir='ltr'>communius</span> <span class='ocrx_word' id='word_1_270' title='bbox 1832 3158 2075 3244; x_wconf 87' lang='lat' dir='ltr'>plenam</span> <span class='ocrx_word' id='word_1_271' title='bbox 2110 3157 2216 3220; x_wconf 86' lang='lat' dir='ltr'>fibi</span> <span class='ocrx_word' id='word_1_272' title='bbox 2248 3178 2395 3221; x_wconf 89' lang='lat' dir='ltr'>con-</span> 
     </span>
     <span class='ocr_line' id='line_1_32' title="bbox 241 3244 2391 3335; baseline -0.001 -26"><span class='ocrx_word' id='word_1_273' title='bbox 241 3246 454 3309; x_wconf 81' lang='lat' dir='ltr'>cilient</span> <span class='ocrx_word' id='word_1_274' title='bbox 485 3244 677 3308; x_wconf 88' lang='lat' dir='ltr'>fidem</span> <span class='ocrx_word' id='word_1_275' title='bbox 699 3287 714 3311; x_wconf 86' lang='lat'>‚</span> <span class='ocrx_word' id='word_1_276' title='bbox 744 3247 1096 3312; x_wconf 59' lang='lat' dir='ltr'>auctoritate</span> <span class='ocrx_word' id='word_1_277' title='bbox 1121 3295 1136 3320; x_wconf 90' lang='lat'><em>‚</em></span> <span class='ocrx_word' id='word_1_278' title='bbox 1176 3254 1242 3313; x_wconf 85' lang='lat'>&amp;</span> <span class='ocrx_word' id='word_1_279' title='bbox 1273 3247 1523 3335; x_wconf 89' lang='lat' dir='ltr'>probata</span> <span class='ocrx_word' id='word_1_280' title='bbox 1555 3244 1997 3314; x_wconf 81' lang='lat' dir='ltr'>Sublcribentis</span> <span class='ocrx_word' id='word_1_281' title='bbox 2040 3244 2162 3315; x_wconf 87' lang='lat' dir='ltr'>fide</span> <span class='ocrx_word' id='word_1_282' title='bbox 2203 3244 2391 3311; x_wconf 87' lang='lat' dir='ltr'>nemi-</span> 
     </span>
     <span class='ocr_line' id='line_1_33' title="bbox 246 3333 1603 3427; baseline 0.001 -29"><span class='ocrx_word' id='word_1_283' title='bbox 246 3347 381 3427; x_wconf 72' lang='lat' dir='ltr'>nem</span> <span class='ocrx_word' id='word_1_284' title='bbox 415 3333 491 3401; x_wconf 87' lang='lat' dir='ltr'>de</span> <span class='ocrx_word' id='word_1_285' title='bbox 523 3352 741 3415; x_wconf 68' lang='lat' dir='ltr'>eorum</span> <span class='ocrx_word' id='word_1_286' title='bbox 777 3336 987 3402; x_wconf 85' lang='lat' dir='ltr'>valore</span> <span class='ocrx_word' id='word_1_287' title='bbox 1028 3335 1312 3403; x_wconf 87' lang='lat' dir='ltr'>dubitare</span> <span class='ocrx_word' id='word_1_288' title='bbox 1343 3335 1603 3404; x_wconf 73' lang='lat' dir='ltr'>sinente.</span> 
     </span>
    </p>
   </div>
   <div class='ocr_carea' id='block_1_4' title="bbox 1994 3851 2306 3931">
    <p class='ocr_par' dir='ltr' id='par_1_5' title="bbox 1994 3851 2306 3931">
     <span class='ocr_line' id='line_1_34' title="bbox 1994 3851 2306 3931; baseline -0.029 0"><span class='ocrx_word' id='word_1_289' title='bbox 1994 3851 2306 3931; x_wconf 82' lang='lat' dir='ltr'><strong>ELEN·</strong></span> 
     </span>
    </p>
   </div>
  </div>
 </body>
</html>
