2704 4296
346 272 549 335 xxx:
943 245 1813 339 ISAGOGE.

286 367 570 448 deinceps
604 365 982 449 appropriari
1016 368 1274 432 sancivit
1304 415 1318 439 ,
1367 368 1592 434 Graecis
1628 366 2036 436 Schismaticis
2066 362 2434 432 saumonem

283 452 424 515 teste
456 449 771 517 Choniate
807 449 1805 541 attente‘servantibuS.Sunt,qui
1844 461 1907 516 ὅ(
1946 468 2190 514 tertium
2223 454 2434 537 signifi·-

283 557 489 602 catum
525 555 598 598 ex
639 534 761 599 hoc
799 537 1108 605 vocabulo
1149 559 1370 605 eruunt
1400 586 1416 613 ‚
1461 545 1519 608 ὃ(
1558 565 1662 629 per
1696 543 1760 603 id
1802 548 2020 598 Patrem
2059 545 2290 596 Pate-um
2333 539 2434 601 de.

280 626 544 709 signari,
604 622 832 707 hasque
878 623 1047 688 binas
1092 629 1370 712 Syllabas
1434 632 1630 696 Pri-Pa
1673 626 2031 691 dislunffive
2081 627 2436 709 intelligen-

69 712 390 783 (nran-das
435 708 547 772 effe
578 750 594 776 ,
638 707 935 774 afferunt.
986 712 1237 778 Horum
1284 732 1495 779 tamen
1542 715 1814 801 opinioni
1862 719 2119 779 Macrus
2170 716 2240 787 (i)
2289 733 2435 777 con·

65 784 258 881 Ξέζρἷθξξιζ
282 796 529 861 tradicit
566 842 585 872 ,
629 812 755 859 tam
788 843 802 868 ,
850 797 1024 883 quod
1073 800 1198 863 haec
1244 804 1665 886 interpretatio
1703 821 1893 885 graeco
1941 800 2256 866 vocabulo
2305 821 2430 862 non

65 881 259 967 {²2{{'³2j*²¹·
281 879 769 968 correspondeat,
804 899 965 956 tam,
998 886 1172 967 quod
1199 888 1482 951 Concilia
1515 893 1581 950 in
1600 891 1825 949 Literis
1853 886 1931 948 ad
1958 889 2239 953 Summos
2275 886 2436 951 Pon-

283 973 466 1037 tifices
502 971 658 1035 datis
683 1010 699 1037 ‚
726 969 986 1032 titulum
1030 979 1217 1031 Patris
1248 980 1474 1033 Patrum
1504 1020 1519 1044 ,
1566 985 1634 1043 &³
1673 976 1820 1052 Papa
1868 972 2244 1054 conjunctim
2288 994 2434 1036 con-

280 1060 563 1128 tulerint3
611 1062 705 1118 uti
752 1060 817 1117 in
862 1057 1061 1140 specie
1104 1058 1325 1139 probat
1364 1061 1623 1144 Epistola
1670 1058 1923 1143 Synodi
1969 1061 2144 1140 Epiri
2191 1058 2270 1120 ad
2318 1062 2425 1122 Pa-

279 1166 423 1231 pam
474 1141 867 1205 Hormisdam
915 1141 1024 1201 sub
1081 1146 1355 1228 sequenti
1413 1146 1801 1230 inscriptione
1858 1144 2128 1207 direcia:
2193 1149 2425 1226 synodus

279 1236 459 1287 veteris
490 1233 639 1303 Epiri
678 1230 1587 1303 Joannes‚Mathaeus,Constantius
1623 1237 1724 1293 &a
1746 1233 1960 1286 Domino
1988 1232 2148 1302 nostro
2181 1248 2279 1305 per
2313 1255 2430 1291 cun-

277 1324 358 1380 &a
386 1324 698 1397 saneriffimo
729 1357 743 1379 ‚
784 1322 843 1378 (⁶5
882 1319 1160 1395 Beatiffimo
1191 1313 1351 1377 Patri
1403 1313 1686 1381 Patrum,
1727 1323 2069 1396 Comministro
2113 1345 2172 1380 ac
2199 1325 2429 1400 Principe·

277 1411 623 1487 Episcoporum
669 1404 959 1481 Hormisdae
1007 1411 1204 1483 Papa,
1249 1419 1380 1485 quae
1425 1402 1741 1482 repetitio,
1786 1424 1856 1470 ut
1906 1406 2254 1472 Cardinalis
2310 1409 2426 1473 Ba-

60 1499 480 1574 (Urnno-ronius
530 1494 603 1579 [l]
651 1491 962 1563 advertit,
1008 1492 1161 1555 facta
1226 1509 1351 1551 non
1395 1484 1620 1556 fuisset,
1668 1486 1708 1550 fi
1742 1494 1948 1578 Papa,
1995 1499 2056 1556 &
2104 1497 2277 1560 Pater
2315 1497 2428 1560 Pa-

55 1561 441 1658 {zssfflgltrum
504 1585 770 1644 identice
825 1581 927 1642 seu
989 1577 1391 1663 Synonimice
1451 1579 1855 1642 convenirent
1897 1627 1912 1642 .
1963 1575 2222 1644 Diverso
2267 1582 2420 1648 huic

62 1660 155 1699 Pan·
268 1668 459 1733 sensui
504 1688 627 1729 non
674 1687 770 1726 me
816 1670 1023 1746 ingero
1060 1706 1076 1731 ‚
1120 1661 1225 1725 nisi
1258 1660 1431 1745 quod
1463 1674 1792 1743 utrumque
1820 1668 2144 1729 conciliem
2172 1712 2188 1737 ‚
2246 1671 2426 1732 astru-

266 1754 428 1816 endo
462 1800 476 1824 ,
531 1749 705 1838 quod
733 1794 753 1825 ,
796 1749 838 1812 s1
892 1753 1111 1814 titulus
1159 1750 1348 1812 Patris
1413 1747 1661 1808 Patrum
1726 1748 1974 1813 Summo
2022 1752 2300 1815 Pontifici
2349 1777 2424 1817 ex

262 1860 451 1923 graeco
481 1841 539 1904 ἃ
574 1839 900 1920 originario
946 1855 1159 1925 etymo
1202 1846 1328 1896 non
1379 1848 1675 1914 congruat
1706 1878 1720 1903 ‚
1767 1837 1965 1899 taliter
2011 1853 2212 1903 tamen
2244 1856 2423 1904 anto-

261 1927 600 1991 nomastice
662 1925 776 1989 Ille
834 1929 1178 2012 nuncupari
1225 1920 1488 1988 debeat,
1548 1939 1686 1981 cum
1753 1927 2035 1987 omnium
2082 1925 2417 1990 Primatum

262 2019 572 2078 contineat
609 2059 623 2076 .
2068 2023 2071 2026 ’
2175 2078 2179 2083 ,
2406 2036 2409 2039 ·

437 2103 550 2166 Per
579 2101 886 2165 extensum
918 2098 982 2163 in
1011 2094 1314 2165 Brevibus
1359 2091 1574 2161 titulus
1623 2090 1727 2162 hic
1771 2116 1899 2162 non
1934 2098 2215 2164 scribitur
2244 2149 2258 2172 ‚
2311 2096 2418 2164 sed

262 2211 367 2274 per
413 2189 656 2253 Literas
703 2190 769 2252 P.
803 2189 867 2252 P.
912 2190 1315 2270 exprimitur,
1361 2184 1473 2246 usu
1508 2178 1703 2246 forsan
1741 2184 2003 2247 deducio
2040 2185 2118 2247 ab
2149 2191 2416 2271 antiquo

259 2295 532 2356 tempore
557 2321 574 2346 ,
619 2295 744 2359 quo
787 2273 1174 2340 vocabulum
1209 2275 1273 2333 in
1304 2271 1669 2336 Gothorum
1702 2272 1975 2336 adventu
2010 2290 2370 2359 corruptum
2392 2321 2414 2353 ‚

258 2381 329 2424 ac
376 2363 691 2427 brevitatis
738 2364 931 2446 gratia
978 2381 1083 2446 per
1130 2361 1193 2425 P.
1236 2360 1300 2424 P.
1338 2405 1355 2432 ,
1412 2357 1515 2421 vel
1564 2357 1670 2421 Pa.
1718 2360 1819 2424 Pa.
1864 2357 2160 2446 scriptum
2205 2357 2409 2447 fumo,

260 2450 548 2515 nonnulli
591 2447 937 2513 existimant
968 2491 982 2509 .

672 2589 1641 2735 §florio
1795 2616 2010 2708 ΠΙ,

341 2797 478 2883 ‘De
506 2798 732 2880 Anno
773 2793 1128 2893 Domini,
1162 2796 1297 2908 qui
1335 2794 1413 2875 in
1458 2789 1832 2878 Brevibus
1870 2790 2314 2879 adnotatur.

455 2973 720 3036 Iversum
759 2972 819 3034 in
853 2970 1093 3036 diverfis
1135 2968 1405 3055 Regnis‚
1442 2972 1506 3031 ὃς
1555 2968 1766 3033 Curiis
1812 2966 2006 3030 fixum
2053 2964 2167 3031 effe
2212 2970 2410 3033 cardi-

484 3079 659 3127 nem,
699 3059 1030 3123 secundum
1069 3076 1255 3142 quem
1283 3058 1511 3120 Annus
1549 3055 1800 3117 Domini
1842 3055 2178 3119 calculatur
2201 3102 2216 3126 ‚
2247 3058 2407 3120 sacra

262 3149 323 3213 8(
387 3143 634 3231 profana
686 3145 893 3231 prodit
953 3142 1199 3208 historia
1237 3189 1252 3207 .
1297 3142 1486 3227 Viget
1546 3143 1863 3227 praesertim
1914 3143 1980 3202 in
2030 3142 2229 3206 Curia
2279 3146 2408 3208 Ro-

262 3255 446 3299 mana
501 3233 628 3299 haec
685 3236 943 3297 varietas
974 3277 991 3303 ,
1037 3248 1228 3318 quam
1274 3226 1790 3295 Eminentiffimus
1847 3228 2192 3293 Cardinalis
2237 3231 2406 3293 Petra

270 3328 361 3397 (m)
411 3323 494 3383 ita
533 3318 816 3383 adscribit
853 3336 865 3372 ¹:
904 3319 1146 3377 Videmus
1177 3322 1231 3372 in
1257 3316 1424 3372 eadem
1453 3315 1593 3372 Urbe
1629 3315 1797 3382 Roma
1829 3314 2005 3392 plures
2036 3319 2080 3371 ,ἲ
2081 3317 2205 3390 tylos
2245 3317 2407 3374 diver-

262 3406 338 3478 sos
365 3442 380 3466 ‚
418 3426 533 3462 nam
563 3411 616 3464 in
643 3407 863 3483 publicis
902 3409 1099 3466 affibus
1140 3411 1482 3465 Notariorum
1508 3447 1523 3472 ,
1563 3413 1615 3464 in
1653 3407 1952 3479 testamentis
1986 3446 2001 3469 ,
2044 3405 2405 3463 Contraelibus

61 3516 253 3569 (myst,
275 3490 376 3546 (9¹⁶.
417 3492 590 3561 incipit
632 3483 815 3550 An'nus
849 3515 1013 3552 novus
1059 3492 1093 3548 ἃ
1124 3498 1419 3550 Nativitate
1465 3495 1673 3551 Domini
1707 3494 1860 3562 nostri
1885 3491 2026 3571 Jesu
2071 3490 2252 3561 Christi
2286 3514 2297 3544 :
2350 3497 2405 3546 in

58 3579 175 3654 {251⁹}
189 3570 255 3665 ᾖ
276 3577 460 3630 Literis
490 3574 547 3629 ἴθ’
576 3577 786 3634 Αέῖἱὸκς
815 3578 1177 3637 Familiaribus
1205 3617 1222 3641 ‚
1262 3578 1358 3635 imo*
1397 3584 1547 3635 etiam
1578 3574 1935 3644 Judicialibm
1979 3583 2197 3632 omnium
2231 3575 2408 3631 Tribu-

63 3665 148 3703 Μή
173 3668 208 3703 ⁶·
277 3661 475 3717 nulium
499 3662 648 3717 etiam
665 3669 936 3740 sacrarum
960 3668 1418 3746 Congregationum
1436 3669 1600 3723 datur
1613 3667 1823 3722 initium
1848 3683 1982 3720 anno
1997 3666 2030 3723 ἃ
2046 3669 2133 3723 die
2149 3665 2404 3721 Cirumci-

264 3749 503 3829 sionis...
524 3793 539 3808 .
582 3750 643 3806 in
676 3753 847 3812 Bullis
901 3752 935 3810 ἃ
967 3756 1048 3813 die
1081 3757 1494 3825 Incarnationis,
1531 3750 1829 3824 videlicet
1876 3749 2009 3817 XX
2020 3753 2098 3819 Vs
2141 3750 2357 3812 Martii
2389 3794 2403 3818 ,

923 3857 932 3866 ‘
2130 3852 2318 3923 prout
