2658 4244
940 186 1097 279 Sub
1160 192 1549 282 Benedmo
1611 197 1699 281 X
1698 196 1824 281 III.

313 304 484 362 qaraesens
501 303 754 357 Memoriale‚
769 303 898 349 valeat
909 306 959 347 ad
977 306 1081 348 vices
1095 311 1229 351 Brevis
1246 339 1258 359 ‚
1276 309 1343 354 seu

316 362 424 417 quasi
447 363 582 407 forent
612 363 781 419 desuper
795 362 986 418 expeditae
1001 363 1147 416 Literae
1165 368 1341 424 Aposto-

319 421 403 464 licae
415 450 426 463 .
487 426 618 479 Quam
647 423 813 477 gratiam
841 423 918 467 &c-

454 533 733 605 SanHiffl'mus
767 536 932 591 Annuit
947 573 960 590 .

682 679 693 692 ·-
727 665 782 706 Ν.
813 664 1037 716 cardinalis
1068 666 1219 725 Costia.

428 784 561 825 Locus
592 781 643 833 ›1‹
665 777 818 842 sigim.
1122 754 1125 756 ’

682 899 777 954 Reg·
809 898 889 944 Die
920 912 986 954 3⁰·
1015 899 1117 952 ‘Jam
1155 902 1274 952 1726.

371 1002 570 1056 originale
585 1005 627 1044 in
643 1002 952 1058 Arcb.gemrali
975 1005 1132 1054 Ordinis
1149 1008 1256 1050 Tom.
1278 1012 1353 1070 Q

426 1071 530 1102 num.
563 1075 630 1119 39.

337 1199 562 1219 *a

597 1298 638 1340 D
667 1300 702 1340 E
731 1299 770 1340 C
799 1299 839 1340 R
869 1298 903 1341 E
936 1300 973 1342 T
1003 1302 1063 1342 Ο.”

455 1409 587 1461 Sacrae
617 1411 949 1483 Congregationis
977 1416 1157 1470 Rituum
1173 1452 1187 1466 .

308 1536 538 1588 Lectiones
557 1537 759 1597 secundi,
783 1539 832 1591 ὃς
851 1541 972 1589 tertii
986 1541 1216 1596 Nosturni
1233 1560 1333 1611 pro·

340 1608 447 1674 priae
474 1625 580 1656 curn
609 1610 832 1661 Oratione
862 1644 877 1665 ,
906 1609 954 1659 δε
984 1609 1120 1660 Miffa
1148 1615 1332 1679 propria

342 1675 399 1724 de
428 1680 476 1724 S.
507 1678 654 1725 Felice
681 1676 986 1747 approbantur
1004 1713 1018 1726 .

639 1815 718 1854 Dic
746 1828 819 1856 xvt
834 1828 849 1857 1
862 1828 896 1856 ι.
913 1817 1019 1858 Mais·

739 1910 905 1966 infesto

309 1996 353 2050 S,
405 1996 703 2039 FELICIS
758 1995 812 2038 A’
853 1997 1337 2044 CANTALICIO

421 2108 703 2165 Confefforis3
731 2113 895 2156 Ordinis
922 2116 1220 2168 Capucinorum

633 2172 763 2215 Sanni
789 2171 1008 2220 francisci,

549 2289 704 2343 Duplex
719 2289 903 2347 sci-cunda·
934 2291 1060 2350 Claffis
1076 2320 1089 2332 .

741 2400 902 2440 Oratio.

311 2452 422 2565 D
444 2455 550 2504 Eus,
565 2452 644 2508 'qui
671 2457 713 2496 Β.
732 2455 911 2502 Felicem
925 2455 1205 2503 confessorem
1218 2460 1333 2497 tuum

317 2535 323 2540 -<
417 2545 419 2551 .
459 2511 689 2565 evangelica
715 2513 999 2567 simplicitate,
1026 2516 1194 2569 vitaeque
1219 2514 1332 2554 inno-

310 2568 444 2608 centia
467 2569 508 2609 in
524 2569 700 2614 Ecclesia
725 2578 793 2611 tua
806 2571 1030 2616 clarescere
1059 2571 1213 2614 voluisti
1228 2600 1242 2622 ,
1268 2568 1329 2612 fac

310 2636 400 2675 nos,
413 2624 497 2682 ejus
512 2626 707 2679 exemplis
720 2628 902 2671 eruditos
918 2659 931 2680 ,
955 2631 992 2671 &
1003 2628 1190 2685 suffragiis
1208 2627 1324 2684 adju-

311 2690 399 2732 tos,
423 2683 473 2725 ad
492 2685 839 2740 ChristumJesum
856 2717 870 2739 ‚
894 2702 1010 2742 quem
1034 2688 1115 2742 ipse
1139 2689 1179 2729 in
1206 2689 1323 2733 terris

310 2741 418 2781 inter
435 2741 544 2840 ulgeas
567 2743 722 2798 accepit
739 2771 754 2795 ,
780 2743 957 2788 feliciter
971 2745 1187 2803 prevenire
1203 2774 1214 2787 .
1244 2748 1326 2803 Qi

310 2805 446 2840 tecum
510 2813 547 2842 c.

576 2917 638 2960 IN
671 2918 705 2959 1.
737 2919 1065 2966 NOCTURNO

363 3033 556 3074 cht't‘ones
582 3033 627 3073 de
651 3038 850 3078 Communi
865 3036 1033 3097 Conftffi
1053 3051 1129 3082 non
1147 3040 1329 3097 Pontus&-

419 3091 538 3133 cundo
557 3092 635 3132 loco
647 3121 657 3132 .
691 3096 836 3136 Beatus
854 3097 926 3138 Vir
942 3126 954 3139 .

301 3208 309 3242 ὲ
553 3210 618 3252 ΙΝ
646 3211 708 3255 11.
741 3214 1066 3259 NOCTURNO

704 3329 831 3372 Lefflr'o
861 3343 921 3372 ιν.

404 3385 534 3428 ELIX
565 3385 587 3427 ἃ
616 3387 848 3431 Cantalicio
872 3389 1127 3437 humilibus,
1147 3388 1217 3432 sed
1246 3389 1319 3445 piis

415 3444 644 3496 parentibus
660 3457 803 3497 natus,
827 3443 848 3487 a
874 3460 1000 3501 puero
1025 3448 1130 3489 inter
1153 3446 1319 3502 pascen-

302 3502 344 3539 di
360 3501 513 3553 gregis,
540 3505 704 3559 agrique
716 3503 879 3546 colendi
894 3506 1230 3556 exercitationes,
1253 3517 1318 3559 ty-

303 3558 500 3599 rocinium
516 3560 603 3602 vitae
619 3561 1058 3606 sanfflorisinchoavit.
1085 3568 1189 3607 Cum
1208 3565 1315 3606 enim

303 3616 502 3659 narrando
528 3616 692 3662 audisset
717 3620 972 3676 asperrimam
986 3624 1076 3664 vitae
1090 3623 1284 3665 rationem
1301 3651 1315 3673 2

302 3687 424 3727 quam
438 3676 565 3717 Sanffl
583 3678 666 3718 Viri
694 3679 893 3722 duxerant
920 3681 959 3722 in
977 3683 1153 3733 Eremo,
1186 3681 1315 3722 statim

300 3731 428 3786 studio
458 3734 679 3779 aemulandae
708 3737 1028 3793 mortisicationis
1060 3739 1201 3783 exarsit
1225 3771 1240 3792 ,
1275 3741 1311 3782 8<

1397 310 1531 352 ‚carnis
1568 309 1672 355 vires
1701 339 1715 361 ,
1759 327 1809 352 ne
1841 311 1989 366 spiritui
2022 331 2291 373 repugnarent
2310 350 2323 371 ,
2351 333 2429 362 non

1399 365 1741 411 solum'rusticanis
1757 371 1961 413 continuis
1980 374 2175 418 laboribus
2190 407 2202 427 ‚
2235 377 2300 421 sed
2321 379 2424 432 vigi-

1401 424 1465 469 liis
1483 424 1603 466 etiam
1619 452 1634 475 ,
1660 440 1705 467 ac
1721 425 1877 482 jeiuniis
1893 428 2058 474 domare
2071 436 2223 488 coepit.
2251 437 2430 479 Ferven-

1400 483 1496 525 tiori
1521 493 1656 523 autem
1691 485 1730 524 in
1760 488 1893 527 Deum
1911 489 2077 541 ‚pietate
2102 491 2304 544 incensus,
2337 509 2429 535 cum

1399 540 1516 582 sacris
1530 540 1714 596 quotidie
1739 541 1922 586 interesse
1937 546 2135 599 mysteriis
2151 562 2310 603 optaret
2326 580 2339 602 ‚
2369 553 2429 593 in-

1399 599 1560 646 terdum
1587 610 1722 641 tamen
1754 602 1993 657 praepeditus
2021 634 2036 654 ,
2067 606 2281 649 Ecclesiam
2312 610 2428 651 adire

1399 670 1478 698 non
1496 654 1638 711 posset,
1652 659 1835 702 consulto
1851 674 2017 717 gregem
2035 662 2206 706 ducebat
2222 666 2269 706 ad
2289 666 2424 720 pascua

1397 710 1573 758 solitaria
1589 741 1604 766 2
1621 716 1755 773 ibique
1770 728 1865 760 ante
1882 721 2027 761 Crucis
2044 720 2190 776 signum
2204 752 2219 772 ,
2234 724 2340 778 quod
2360 739 2426 765 ar-

1400 774 1545 814 borum
1557 775 1777 816 corticibus
1794 775 2067 832 impresserat,
2083 781 2236 821 crebris
2254 809 2267 831 ‚
2282 796 2426 823 cruen-

1400 831 1530 887 tisque
1557 831 1893 887 flagellationibus
1924 835 2116 878 innocens
2147 852 2294 892 corpus
2323 840 2429 880 dila-

1398 890 1534 932 niabat
1547 919 1558 931 .
1586 894 1676 933 Nec
1692 890 1824 935 defuit
1842 893 2078 936 miraculum
2093 908 2198 948 ,quo
2219 910 2348 950 neque
2363 897 2428 942 of-

1397 947 1515 1000 ficio,
1534 963 1666 1005 neque
1682 951 1822 1005 pietati
1837 949 2013 1004 deeffet3
2042 951 2190 994 eodem
2204 954 2310 994 enim
2325 965 2430 994 tem-

1397 1020 1498 1066 pore
1516 1007 1651 1062 glebas
1679 1008 1789 1050 fimul
1821 1021 1958 1052 aratro
1985 1021 2149 1055 vertere
2179 1010 2216 1051 in
2234 1024 2360 1065 agro,
2391 1013 2430 1052 ὃς

1399 1063 1519 1111 Miffae
1535 1065 1740 1108 Sacrificio
1759 1067 1799 1108 in
1817 1067 1992 1123 Templo
2019 1068 2176 1111 adstare
2207 1069 2309 1112 visus
2328 1068 2428 1110 fuit.

1401 1125 1610 1170 Diuturno
1635 1126 1761 1179 igitur
1774 1126 2015 1169 austeritatis
2034 1127 2320 1181 experimento
2336 1142 2431 1182 pro-

1403 1183 1520 1227 batus
1533 1209 1547 1232 ,
1576 1181 1626 1223 ad
1641 1183 1844 1227 duriorem
1862 1185 2056 1240 regularis
2071 1184 2283 1239 disciplinae
2310 1186 2430 1240 palae-

1401 1240 1519 1282 stram
1536 1250 1727 1283 evocatu-s
1742 1242 1798 1283 est
1814 1272 1825 1283 .
1841 1246 2109 1287 Cunctantem
2125 1255 2257 1286 tamen
2275 1273 2289 1296 ,
2304 1246 2344 1285 &
2359 1258 2430 1286 an-

1400 1298 1517 1354 cipiti
1537 1300 1699 1342 confilio
1715 1302 1930 1343 haerentem
1947 1302 2073 1347 divini
2088 1303 2251 1358 praesidii
2278 1302 2429 1358 perspi·

1399 1370 1520 1400 cuum
1535 1358 1805 1400 testimonium
1821 1358 2105 1412 inflammavit,
2120 1363 2156 1402 δε
2173 1361 2352 1416 impulit.
2369 1360 2431 1402 Si-

1398 1415 1564 1470 quidem
1589 1417 1697 1457 inter
1712 1417 1903 1459 arandum
1918 1448 1933 1468 ‚
1949 1432 2042 1459 cum
2069 1420 2222 1461 incitati
2243 1421 2366 1461 boves
2390 1418 2431 1458 in

1399 1482 1554 1513 terram
1571 1472 1689 1517 illum
1702 1473 1887 1515 elififl'ent
1902 1503 1916 1529 2
1934 1476 2104 1529 impafto
2118 1506 2133 1526 ‚
2154 1477 2353 1530 du5toque
2369 1477 2430 1515 su-

1392 1542 1467 1584 per
1481 1529 1650 1584 jacentis
1679 1544 1828 1585 corpus
1845 1544 2041 1583 vomere,
2071 1548 2151 1588 quo
2166 1535 2324 1576 conteri
2355 1533 2430 1574 de·-

1393 1586 1554 1635 buisset,
1576 1586 1669 1627 solis
1693 1589 1867 1636 vestibus
1887 1589 2125 1633 dilaceratis
2143 1591 2315 1637 surrexit
2330 1591 2432 1634 illae-

1390 1643 1449 1684 sus
1465 1672 1476 1683 .
1503 1644 1651 1686 Statim
1675 1645 1801 1698 igitur
1819 1649 1910 1688 Deo
1930 1650 2095 1691 vocanti
2127 1652 2350 1703 parendum
2366 1664 2431 1690 ra-

1360 1722 1362 1724 >
1388 1711 1451 1744 tus
1467 1730 1481 1752 ‚
1515 1701 1659 1746 rustica
1681 1701 1919 1758 supellectili
1950 1704 2188 1755 divendita,
2218 1708 2430 1762 pretioque

1387 1761 1628 1815 pauperibus
1647 1770 1820 1815 erogato
1833 1790 1846 1812 ,
1871 1761 1921 1803 ad
1940 1764 2098 1809 Fratres
2113 1764 2292 1808 Minores
2305 1795 2316 1818 ‚
2329 1778 2430 1828 quos

1394 1819 1627 1880 Capucinos
1643 1828 1791 1863 vocant
1805 1848 1820 1877 2
1841 1821 2018 1881 propere
2033 1821 2259 1865 se‘contulit
2274 1853 2286 1866 .

1393 1994 1502 2105 IN
1529 1993 1612 2050 ipso
1638 1996 1882 2050 probationis
1905 2010 2008 2039 anno
2036 2025 2050 2048 ‚
2081 1999 2285 2054 magisque
2320 1999 2424 2042 adeo

1481 2054 1566 2108 post
1582 2053 1758 2096 emissam
1785 2054 2006 2096 solemnem
2031 2056 2307 2110 professionem
2348 2056 2429 2098 dif-

1392 2111 1474 2154 fusa
1490 2113 1528 2153 in
1545 2110 1670 2154 corde
1685 2112 1799 2168 ipsius
1815 2114 1987 2155 charitas
1999 2114 2147 2156 Christi
2165 2115 2214 2157 ad
2231 2129 2427 2157 exercen-

1395 2170 1463 2213 das
1493 2171 1681 2212 heroicas
1700 2174 1867 2213 virtutes
1900 2172 2044 2215 mirum
2074 2174 2423 2218 excitavitincen-

1395 2228 1504 2271 dium
1522 2257 1533 2268 .
1548 2227 1800 2272 Obedientiae
1815 2228 1967 2272 sedulus
1982 2229 2117 2272 cultor
2132 2260 2146 2281 ‚
2164 2233 2425 2284 superiorum

1394 2288 1552 2329 nutibus
1584 2300 1660 2328 non
1688 2287 1849 2342 obsequi
1877 2287 1998 2328 modo
2025 2315 2039 2337 ‚
2077 2289 2143 2332 sed
2172 2289 2426 2343 explorando

1394 2345 1519 2388 etiam
1550 2354 1794 2400 praevertere
1824 2342 2028 2400 satagebat
2054 2375 2065 2386 .
2097 2350 2263 2408 Qanto
2294 2348 2424 2389 studio
2482 2367 2486 2371 -

1392 2412 1672 2457 paupertatem
1688 2431 1702 2453 ‚
1733 2412 1958 2457 quantoque
1973 2403 2070 2446 odio
2100 2407 2311 2460 pecuniam
2330 2419 2425 2460 pro-

1393 2459 1651 2514 sequeretur,
1673 2460 1896 2503 admirabili
1911 2471 2060 2502 eventu
2077 2463 2204 2503 voluit
2225 2466 2422 2504 Dominus

1389 2517 1466 2562 effe
1485 2517 1696 2560 testatum.
1723 2522 1830 2560 Cum
1861 2518 1969 2560 enim
1993 2520 2170 2574 quodam
2195 2520 2260 2562 die
2279 2535 2423 2577 panem

1390 2591 1438 2618 ex
1453 2575 1684 2618 obedientia
1700 2590 1878 2632 quaerens
1893 2604 1908 2626 ,
1939 2579 2135 2620 manticas
2152 2581 2326 2622 humeris
2342 2579 2420 2619 im-

1383 2634 1527 2692 positas
1555 2634 1755 2688 gestaret,
1783 2634 2040 2676 intolerando
2071 2648 2206 2677 autem
2237 2651 2418 2682 onere-³

1382 2703 1720 2749 praetermorem,
1752 2692 1990 2747 insolitaque
2006 2694 2210 2736 anxietate
2224 2693 2345 2750 fatiga
2354 2709 2418 2736 re-

1386 2762 1452 2793 tur
1466 2781 1481 2804 ,
1504 2749 1624 2793 causae
1638 2751 1780 2792 inscius
1797 2753 1943 2792 Servus
1959 2751 2036 2791 Dei
2052 2753 2246 2794 manticas
2262 2753 2420 2794 scruta-

1385 2820 1476 2862 tus,
1507 2821 1712 2852 nummum
1746 2810 1850 2853 clam
1878 2807 2087 2851 immissum
2114 2810 2418 2866 deprehendit,

1387 2883 1468 2924 quo
1499 2865 1677 2924 projecto
1699 2895 1714 2918 ,
1748 2866 2068 2923 conculcatoque
2084 2898 2100 2919 ,
2131 2871 2239 2911 omni
2273 2869 2419 2923 fatiga·-

1386 2928 1495 2969 tione
1510 2927 1667 2971 levatus
1696 2925 1775 2967 est.
1789 2925 2027 2967 Castitatem
2043 2927 2091 2968 ab
2107 2927 2350 2970 incunabulis
2367 2928 2417 2970 ad

1388 2995 1615 3028 extremum
1630 2982 1753 3039 usque
1779 2983 1958 3038 spiritum
1986 2983 2158 3030 servavit
2185 2986 2416 3035 illibatam,

1387 3058 1507 3100 quam
1520 3045 1559 3084 &
1577 3043 1686 3098 vigili
1703 3041 1911 3084 oculorum
1934 3042 2106 3086 custodia
2123 3072 2137 3094 a
2166 3047 2206 3085 &
2227 3045 2416 3086 volunta..

1387 3103 1455 3145 riis
1484 3103 1659 3157 corporis
1686 3101 1922 3143 cruciatibus
1947 3103 2212 3144 communivit
2229 3132 2243 3151 ,
2277 3099 2417 3143 ferreo
2438 3122 2444 3128 ·

1387 3160 1521 3203 cilicio
1547 3161 1805 3210 conminus,
1830 3161 1867 3200 &
1893 3157 2116 3213 asperrimis
2146 3159 2320 3212 flagellis
2348 3170 2416 3201 ter

1381 3219 1420 3263 se
1434 3218 1556 3274 seper
1572 3222 1725 3261 nostem
1736 3228 1951 3260 cruentans
1968 3246 1978 3256 .
1995 3216 2106 3260 Nihil
2120 3217 2413 3273 avidius2quam

1381 3276 1552 3320 ludibria
1566 3305 1580 3327 ,
1605 3279 1645 3318 ὃς
1657 3277 1921 3319 contumelias
1937 3304 1949 3325 ‚
1980 3276 2119 3330 suique
2133 3287 2411 3330 contemptum

1381 3336 1620 3391 appetebat.
1654 3335 1847 3378 Coenobii
1876 3333 2106 3390 jumentum
2121 3348 2211 3386 cum
2231 3333 2268 3378 se
2286 3349 2408 3389 repu-

1381 3404 1504 3445 taret,
1520 3392 1696 3434 vilissima
1714 3405 1879 3448 quaeque
1895 3391 2110 3433 ministeria
2128 3391 2285 3447 semper
2307 3393 2409 3434 arri·-

1375 3453 1486 3506 pult„
1513 3451 1695 3494 Ostiatim
1708 3450 1945 3492 mendicans
1975 3464 2050 3504 pro
2077 3448 2233 3492 alendis
2257 3454 2409 3494 Fratri-

1375 3510 1446 3552 bus
1463 3538 1478 3562 ,
1510 3510 1619 3550 vicos
1633 3535 1647 3557 ‚
1673 3511 1712 3550 &
1730 3509 1883 3564 plateas
1903 3509 2020 3551 Urbis
2049 3509 2313 3565 quadraginta
2334 3525 2408 3551 an-

1373 3580 1518 3612 norum
1542 3565 1666 3621 spatio
1688 3567 1805 3622 nudis
1830 3565 1998 3621 pedibus
2025 3566 2151 3608 obivit
2168 3598 2178 3609 .
2205 3569 2412 3611 Celeber-

1372 3626 1491 3668 rimas
1510 3625 1660 3679 septem
1673 3625 1853 3681 ejusdem
1868 3624 1993 3667 Almae
2009 3625 2134 3669 Urbis
2150 3627 2333 3669 Basilicas
2351 3629 2411 3669 in-

1376 3682 1527 3735 terula,
1542 3684 1687 3726 ferreis
1708 3681 1867 3727 annulis
1883 3683 2094 3734 contexta,
2110 3684 2158 3726 ad
2174 3700 2332 3728 carnem
2352 3687 2411 3726 in-

1371 3742 1519 3794 dutus,
1548 3742 1734 3798 frequens
1761 3742 1980 3785 invisebat.
2017 3742 2222 3788 Consueta
2253 3743 2407 3801 jejunia

2278 3817 2353 3858 pro

1812 1940 1941 1982 Lemo
1972 1954 2009 1981 v.
