<?xml version="1.0" encoding="UTF-8"?>
<!DOCTYPE html PUBLIC "-//W3C//DTD XHTML 1.0 Transitional//EN"
    "http://www.w3.org/TR/xhtml1/DTD/xhtml1-transitional.dtd">
<html xmlns="http://www.w3.org/1999/xhtml" xml:lang="en" lang="en">
 <head>
  <title>
</title>
<meta http-equiv="Content-Type" content="text/html;charset=utf-8" />
  <meta name='ocr-system' content='tesseract 3.04.00' />
  <meta name='ocr-capabilities' content='ocr_page ocr_carea ocr_par ocr_line ocrx_word'/>
</head>
<body>
  <div class='ocr_page' id='page_1' title='image "./bullariumordinis01cath_0160.png"; bbox 0 0 2658 4244; ppageno 0'>
   <div class='ocr_carea' id='block_1_1' title="bbox 350 252 503 316">
    <p class='ocr_par' dir='ltr' id='par_1_1' title="bbox 350 252 503 316">
     <span class='ocr_line' id='line_1_1' title="bbox 350 252 503 316; baseline -0.013 -20"><span class='ocrx_word' id='word_1_1' title='bbox 350 252 503 316; x_wconf 81' lang='lat'>104</span> 
     </span>
    </p>
   </div>
   <div class='ocr_carea' id='block_1_2' title="bbox 335 333 1316 510">
    <p class='ocr_par' dir='ltr' id='par_1_2' title="bbox 335 333 1316 510">
     <span class='ocr_line' id='line_1_2' title="bbox 335 333 1316 388; baseline 0.012 -15"><span class='ocrx_word' id='word_1_2' title='bbox 335 333 393 373; x_wconf 82' lang='lat' dir='ltr'>dae</span> <span class='ocrx_word' id='word_1_3' title='bbox 424 336 672 388; x_wconf 49' lang='lat' dir='ltr'>nuncupato.</span> <span class='ocrx_word' id='word_1_4' title='bbox 702 337 892 380; x_wconf 81' lang='lat' dir='ltr'><em>Fratrum</em></span> <span class='ocrx_word' id='word_1_5' title='bbox 921 345 1123 383; x_wconf 74' lang='lat' dir='ltr'>Minorum</span> <span class='ocrx_word' id='word_1_6' title='bbox 1159 345 1316 385; x_wconf 76' lang='lat' dir='ltr'><em>Ordinis</em></span> 
     </span>
     <span class='ocr_line' id='line_1_3' title="bbox 337 392 1313 455; baseline 0.011 -23"><span class='ocrx_word' id='word_1_7' title='bbox 337 392 474 434; x_wconf 65' lang='lat' dir='ltr'>§unffi</span> <span class='ocrx_word' id='word_1_8' title='bbox 495 392 694 452; x_wconf 73' lang='lat' dir='ltr'>Promisti</span> <span class='ocrx_word' id='word_1_9' title='bbox 711 399 991 452; x_wconf 81' lang='lat' dir='ltr'>Capucinorum</span> <span class='ocrx_word' id='word_1_10' title='bbox 1005 410 1313 455; x_wconf 77' lang='lat' dir='ltr'><em>nuncupatorum</em></span> 
     </span>
     <span class='ocr_line' id='line_1_4' title="bbox 335 451 1309 510; baseline 0.01 -18"><span class='ocrx_word' id='word_1_11' title='bbox 335 451 443 506; x_wconf 81' lang='lat' dir='ltr'>apud</span> <span class='ocrx_word' id='word_1_12' title='bbox 455 454 530 495; x_wconf 87' lang='lat' dir='ltr'>Nos</span> <span class='ocrx_word' id='word_1_13' title='bbox 549 479 564 503; x_wconf 84' lang='lat'>,</span> <span class='ocrx_word' id='word_1_14' title='bbox 586 451 638 501; x_wconf 62' lang='grc' dir='ltr'>ὠ·</span> <span class='ocrx_word' id='word_1_15' title='bbox 655 456 908 510; x_wconf 77' lang='lat' dir='ltr'>Apcstolicam</span> <span class='ocrx_word' id='word_1_16' title='bbox 926 459 1053 502; x_wconf 80' lang='lat' dir='ltr'>Sedcm</span> <span class='ocrx_word' id='word_1_17' title='bbox 1075 460 1285 504; x_wconf 52' lang='lat' dir='ltr'>Protebi&#39;ori</span> <span class='ocrx_word' id='word_1_18' title='bbox 1298 491 1309 502; x_wconf 93' lang='lat'>.</span> 
     </span>
    </p>
   </div>
   <div class='ocr_carea' id='block_1_3' title="bbox 396 572 1195 629">
    <p class='ocr_par' dir='ltr' id='par_1_3' title="bbox 396 572 1195 629">
     <span class='ocr_line' id='line_1_5' title="bbox 396 572 1195 629; baseline 0.009 -10"><span class='ocrx_word' id='word_1_19' title='bbox 396 572 881 629; x_wconf 87' lang='lat' dir='ltr'>INNOCENTIUS</span> <span class='ocrx_word' id='word_1_20' title='bbox 920 578 1093 627; x_wconf 93' lang='lat' dir='ltr'>PAPA</span> <span class='ocrx_word' id='word_1_21' title='bbox 1129 581 1195 627; x_wconf 91' lang='lat' dir='ltr'>X.</span> 
     </span>
    </p>
   </div>
   <div class='ocr_carea' id='block_1_4' title="bbox 354 690 1232 805">
    <p class='ocr_par' dir='ltr' id='par_1_4' title="bbox 354 690 1232 805">
     <span class='ocr_line' id='line_1_6' title="bbox 354 690 1232 748; baseline 0.008 -19"><span class='ocrx_word' id='word_1_22' title='bbox 354 690 585 734; x_wconf 80' lang='lat' dir='ltr'><em>Venerabilis</em></span> <span class='ocrx_word' id='word_1_23' title='bbox 625 693 773 733; x_wconf 84' lang='lat' dir='ltr'><em>Frater</em></span> <span class='ocrx_word' id='word_1_24' title='bbox 812 692 950 748; x_wconf 82' lang='lat' dir='ltr'>Noster</span> <span class='ocrx_word' id='word_1_25' title='bbox 972 722 988 743; x_wconf 86' lang='lat'>.‚</span> <span class='ocrx_word' id='word_1_26' title='bbox 1025 695 1198 736; x_wconf 77' lang='lat' dir='ltr'>Salutem</span> <span class='ocrx_word' id='word_1_27' title='bbox 1217 723 1232 746; x_wconf 82' lang='lat'>,</span> 
     </span>
     <span class='ocr_line' id='line_1_7' title="bbox 450 747 1134 805; baseline 0.001 -14"><span class='ocrx_word' id='word_1_28' title='bbox 450 748 498 796; x_wconf 62' lang='grc' dir='ltr'>δ’</span> <span class='ocrx_word' id='word_1_29' title='bbox 525 747 778 805; x_wconf 73' lang='lat' dir='ltr'><em>Apostolzcam</em></span> <span class='ocrx_word' id='word_1_30' title='bbox 809 751 1108 794; x_wconf 66' lang='lat' dir='ltr'>Rem-dmionem</span> <span class='ocrx_word' id='word_1_31' title='bbox 1122 780 1134 792; x_wconf 90' lang='lat'>.</span> 
     </span>
    </p>
   </div>
   <div class='ocr_carea' id='block_1_5' title="bbox 254 864 1310 3841">
    <p class='ocr_par' dir='ltr' id='par_1_5' title="bbox 385 864 1309 922">
     <span class='ocr_line' id='line_1_8' title="bbox 385 864 1309 922; baseline -0.001 -16"><span class='ocrx_word' id='word_1_32' title='bbox 385 865 518 921; x_wconf 90' lang='lat' dir='ltr'>Xponi</span> <span class='ocrx_word' id='word_1_33' title='bbox 547 864 673 907; x_wconf 89' lang='lat' dir='ltr'>Nobis</span> <span class='ocrx_word' id='word_1_34' title='bbox 711 881 837 922; x_wconf 86' lang='lat' dir='ltr'>nuper</span> <span class='ocrx_word' id='word_1_35' title='bbox 869 866 968 910; x_wconf 88' lang='lat' dir='ltr'>fecit</span> <span class='ocrx_word' id='word_1_36' title='bbox 994 867 1162 909; x_wconf 62' lang='lat' dir='ltr'>dilectus</span> <span class='ocrx_word' id='word_1_37' title='bbox 1189 865 1309 907; x_wconf 83' lang='lat' dir='ltr'>Filius</span> 
     </span>
    </p>

    <p class='ocr_par' dir='ltr' id='par_1_6' title="bbox 254 925 1310 3841">
     <span class='ocr_line' id='line_1_9' title="bbox 402 925 1307 968; baseline 0.003 -4"><span class='ocrx_word' id='word_1_38' title='bbox 402 926 649 966; x_wconf 83' lang='lat' dir='ltr'>Procurator</span> <span class='ocrx_word' id='word_1_39' title='bbox 663 925 877 967; x_wconf 81' lang='lat' dir='ltr'>Generalis</span> <span class='ocrx_word' id='word_1_40' title='bbox 891 927 1055 968; x_wconf 88' lang='lat' dir='ltr'>Ordinis</span> <span class='ocrx_word' id='word_1_41' title='bbox 1073 927 1307 967; x_wconf 62' lang='lat' dir='ltr'>Minorum..</span> 
     </span>
     <span class='ocr_line' id='line_1_10' title="bbox 271 982 1309 1038; baseline 0 -15"><span class='ocrx_word' id='word_1_42' title='bbox 271 983 404 1038; x_wconf 72' lang='lat' dir='ltr'>basseti</span> <span class='ocrx_word' id='word_1_43' title='bbox 422 982 617 1024; x_wconf 73' lang='lat' dir='ltr'>francisci</span> <span class='ocrx_word' id='word_1_44' title='bbox 633 983 935 1037; x_wconf 89' lang='lat' dir='ltr'>Capucinorum</span> <span class='ocrx_word' id='word_1_45' title='bbox 958 993 1278 1038; x_wconf 85' lang='lat' dir='ltr'>nuncupatorum</span> <span class='ocrx_word' id='word_1_46' title='bbox 1294 1010 1309 1032; x_wconf 83' lang='lat'>,</span> 
     </span>
     <span class='ocr_line' id='line_1_11' title="bbox 268 1041 1307 1097; baseline 0 -17"><span class='ocrx_word' id='word_1_47' title='bbox 268 1041 379 1096; x_wconf 78' lang='lat' dir='ltr'>quod</span> <span class='ocrx_word' id='word_1_48' title='bbox 409 1041 504 1082; x_wconf 71' lang='lat' dir='ltr'>alias</span> <span class='ocrx_word' id='word_1_49' title='bbox 532 1042 781 1081; x_wconf 85' lang='lat' dir='ltr'>authoritate</span> <span class='ocrx_word' id='word_1_50' title='bbox 805 1042 1032 1097; x_wconf 87' lang='lat' dir='ltr'>Apostolica</span> <span class='ocrx_word' id='word_1_51' title='bbox 1051 1041 1199 1094; x_wconf 89' lang='lat' dir='ltr'>pluries</span> <span class='ocrx_word' id='word_1_52' title='bbox 1218 1067 1232 1088; x_wconf 73' lang='lat' dir='ltr'>a</span> <span class='ocrx_word' id='word_1_53' title='bbox 1258 1053 1307 1080; x_wconf 85' lang='lat' dir='ltr'>ne</span> 
     </span>
     <span class='ocr_line' id='line_1_12' title="bbox 269 1095 1307 1153; baseline -0.002 -14"><span class='ocrx_word' id='word_1_54' title='bbox 269 1112 321 1139; x_wconf 86' lang='lat' dir='ltr'>ex</span> <span class='ocrx_word' id='word_1_55' title='bbox 345 1099 541 1151; x_wconf 85' lang='lat' dir='ltr'>aliquibus</span> <span class='ocrx_word' id='word_1_56' title='bbox 558 1097 869 1151; x_wconf 82' lang='lat' dir='ltr'>particularibus</span> <span class='ocrx_word' id='word_1_57' title='bbox 883 1098 1089 1153; x_wconf 85' lang='lat' dir='ltr'>speciatim</span> <span class='ocrx_word' id='word_1_58' title='bbox 1104 1126 1118 1148; x_wconf 84' lang='lat'><em>‚</em></span> <span class='ocrx_word' id='word_1_59' title='bbox 1144 1095 1307 1140; x_wconf 76' lang='lat' dir='ltr'>novim-</span> 
     </span>
     <span class='ocr_line' id='line_1_13' title="bbox 266 1152 1308 1211; baseline 0.001 -16"><span class='ocrx_word' id='word_1_60' title='bbox 266 1155 331 1195; x_wconf 75' lang='lat' dir='ltr'>me</span> <span class='ocrx_word' id='word_1_61' title='bbox 349 1157 445 1196; x_wconf 79' lang='lat' dir='ltr'>vero</span> <span class='ocrx_word' id='word_1_62' title='bbox 458 1155 478 1194; x_wconf 71' lang='lat' dir='ltr'>a</span> <span class='ocrx_word' id='word_1_63' title='bbox 495 1152 584 1195; x_wconf 86' lang='lat' dir='ltr'>foel.</span> <span class='ocrx_word' id='word_1_64' title='bbox 599 1168 679 1196; x_wconf 87' lang='lat' dir='ltr'>rec.</span> <span class='ocrx_word' id='word_1_65' title='bbox 699 1156 860 1197; x_wconf 89' lang='lat' dir='ltr'>Urbano</span> <span class='ocrx_word' id='word_1_66' title='bbox 878 1159 983 1211; x_wconf 87' lang='lat' dir='ltr'>Papa</span> <span class='ocrx_word' id='word_1_67' title='bbox 998 1156 1116 1197; x_wconf 84' lang='lat' dir='ltr'><strong>VIII.</strong></span> <span class='ocrx_word' id='word_1_68' title='bbox 1146 1155 1308 1198; x_wconf 79' lang='lat' dir='ltr'>Praede-</span> 
     </span>
     <span class='ocr_line' id='line_1_14' title="bbox 268 1211 1309 1265; baseline -0.001 -11"><span class='ocrx_word' id='word_1_69' title='bbox 268 1211 420 1254; x_wconf 81' lang='lat' dir='ltr'>ceffore</span> <span class='ocrx_word' id='word_1_70' title='bbox 438 1213 588 1254; x_wconf 82' lang='lat' dir='ltr'>Nostro</span> <span class='ocrx_word' id='word_1_71' title='bbox 602 1212 826 1265; x_wconf 77' lang='lat' dir='ltr'>generatim</span> <span class='ocrx_word' id='word_1_72' title='bbox 840 1212 909 1256; x_wconf 83' lang='lat' dir='ltr'>sub</span> <span class='ocrx_word' id='word_1_73' title='bbox 923 1214 1309 1256; x_wconf 85' lang='lat' dir='ltr'>excommunicatio·</span> 
     </span>
     <span class='ocr_line' id='line_1_15' title="bbox 265 1268 1310 1326; baseline -0.001 -13"><span class='ocrx_word' id='word_1_74' title='bbox 265 1273 325 1313; x_wconf 91' lang='lat' dir='ltr'>nis</span> <span class='ocrx_word' id='word_1_75' title='bbox 341 1285 459 1326; x_wconf 78' lang='lat' dir='ltr'>poena</span> <span class='ocrx_word' id='word_1_76' title='bbox 485 1299 499 1322; x_wconf 74' lang='lat'>‚</span> <span class='ocrx_word' id='word_1_77' title='bbox 531 1284 605 1326; x_wconf 89' lang='lat' dir='ltr'>per</span> <span class='ocrx_word' id='word_1_78' title='bbox 621 1268 962 1314; x_wconf 86' lang='lat' dir='ltr'>contrafacientes</span> <span class='ocrx_word' id='word_1_79' title='bbox 979 1273 1216 1314; x_wconf 89' lang='lat' dir='ltr'>incurrenda</span> <span class='ocrx_word' id='word_1_80' title='bbox 1248 1273 1310 1312; x_wconf 88' lang='lat' dir='ltr'>in·</span> 
     </span>
     <span class='ocr_line' id='line_1_16' title="bbox 264 1329 1310 1386; baseline -0.001 -14"><span class='ocrx_word' id='word_1_81' title='bbox 264 1330 484 1372; x_wconf 65' lang='lat' dir='ltr'>terdictum</span> <span class='ocrx_word' id='word_1_82' title='bbox 500 1356 514 1379; x_wconf 78' lang='lat'>,</span> <span class='ocrx_word' id='word_1_83' title='bbox 546 1329 878 1386; x_wconf 84' lang='lat' dir='ltr'>prohibitumque</span> <span class='ocrx_word' id='word_1_84' title='bbox 900 1330 975 1374; x_wconf 88' lang='lat' dir='ltr'>fuit</span> <span class='ocrx_word' id='word_1_85' title='bbox 988 1359 1002 1382; x_wconf 83' lang='lat'><strong>‚</strong></span> <span class='ocrx_word' id='word_1_86' title='bbox 1026 1345 1076 1372; x_wconf 89' lang='lat' dir='ltr'>ne</span> <span class='ocrx_word' id='word_1_87' title='bbox 1091 1345 1142 1372; x_wconf 85' lang='lat' dir='ltr'>ex</span> <span class='ocrx_word' id='word_1_88' title='bbox 1158 1330 1310 1372; x_wconf 89' lang='lat' dir='ltr'>Biblio-</span> 
     </span>
     <span class='ocr_line' id='line_1_17' title="bbox 265 1389 1310 1444; baseline 0 -14"><span class='ocrx_word' id='word_1_89' title='bbox 265 1389 399 1431; x_wconf 79' lang='lat' dir='ltr'>thecis</span> <span class='ocrx_word' id='word_1_90' title='bbox 422 1391 718 1431; x_wconf 88' lang='lat' dir='ltr'>Conventuum</span> <span class='ocrx_word' id='word_1_91' title='bbox 740 1389 917 1432; x_wconf 89' lang='lat' dir='ltr'>omnium</span> <span class='ocrx_word' id='word_1_92' title='bbox 933 1419 946 1441; x_wconf 80' lang='lat'>‚</span> <span class='ocrx_word' id='word_1_93' title='bbox 971 1391 1011 1430; x_wconf 75' lang='grc' dir='ltr'>δι</span> <span class='ocrx_word' id='word_1_94' title='bbox 1033 1390 1310 1444; x_wconf 51' lang='lat' dir='ltr'>singularum.)</span> 
     </span>
     <span class='ocr_line' id='line_1_18' title="bbox 263 1446 1308 1504; baseline -0.002 -15"><span class='ocrx_word' id='word_1_95' title='bbox 263 1447 448 1504; x_wconf 83' lang='lat' dir='ltr'>ejusdem</span> <span class='ocrx_word' id='word_1_96' title='bbox 466 1446 629 1487; x_wconf 89' lang='lat' dir='ltr'>Ordinis</span> <span class='ocrx_word' id='word_1_97' title='bbox 656 1448 960 1491; x_wconf 87' lang='lat' dir='ltr'>Provinciarum</span> <span class='ocrx_word' id='word_1_98' title='bbox 988 1447 1081 1489; x_wconf 88' lang='lat' dir='ltr'>libri</span> <span class='ocrx_word' id='word_1_99' title='bbox 1105 1447 1308 1490; x_wconf 86' lang='lat' dir='ltr'>ullatenus</span> 
     </span>
     <span class='ocr_line' id='line_1_19' title="bbox 263 1502 1309 1559; baseline -0.002 -11"><span class='ocrx_word' id='word_1_100' title='bbox 263 1505 447 1548; x_wconf 83' lang='lat' dir='ltr'>amoveri</span> <span class='ocrx_word' id='word_1_101' title='bbox 466 1502 614 1559; x_wconf 72' lang='lat' dir='ltr'>possent</span> <span class='ocrx_word' id='word_1_102' title='bbox 632 1535 645 1545; x_wconf 94' lang='lat'>.</span> <span class='ocrx_word' id='word_1_103' title='bbox 670 1509 774 1547; x_wconf 88' lang='lat' dir='ltr'>Cum</span> <span class='ocrx_word' id='word_1_104' title='bbox 791 1518 953 1559; x_wconf 81' lang='lat' dir='ltr'>autem,</span> <span class='ocrx_word' id='word_1_105' title='bbox 968 1505 1063 1548; x_wconf 82' lang='lat' dir='ltr'>sicut</span> <span class='ocrx_word' id='word_1_106' title='bbox 1079 1506 1223 1548; x_wconf 89' lang='lat' dir='ltr'>eadem</span> <span class='ocrx_word' id='word_1_107' title='bbox 1237 1520 1309 1546; x_wconf 87' lang='lat' dir='ltr'>ex-</span> 
     </span>
     <span class='ocr_line' id='line_1_20' title="bbox 263 1562 1305 1619; baseline 0.001 -14"><span class='ocrx_word' id='word_1_108' title='bbox 263 1564 408 1619; x_wconf 87' lang='lat' dir='ltr'>positio</span> <span class='ocrx_word' id='word_1_109' title='bbox 421 1562 707 1616; x_wconf 80' lang='lat' dir='ltr'>subiungebat,</span> <span class='ocrx_word' id='word_1_110' title='bbox 726 1564 761 1605; x_wconf 91' lang='lat' dir='ltr'>in</span> <span class='ocrx_word' id='word_1_111' title='bbox 779 1564 959 1619; x_wconf 86' lang='lat' dir='ltr'>pluribus</span> <span class='ocrx_word' id='word_1_112' title='bbox 976 1579 1023 1606; x_wconf 88' lang='lat' dir='ltr'>ex</span> <span class='ocrx_word' id='word_1_113' title='bbox 1041 1564 1305 1606; x_wconf 87' lang='lat' dir='ltr'>Bibliothecis</span> 
     </span>
     <span class='ocr_line' id='line_1_21' title="bbox 263 1621 1302 1677; baseline -0.001 -14"><span class='ocrx_word' id='word_1_114' title='bbox 263 1621 488 1677; x_wconf 85' lang='lat' dir='ltr'>hujusmodi</span> <span class='ocrx_word' id='word_1_115' title='bbox 514 1621 606 1660; x_wconf 87' lang='lat' dir='ltr'>libri</span> <span class='ocrx_word' id='word_1_116' title='bbox 633 1621 857 1675; x_wconf 81' lang='lat' dir='ltr'>duplicati,</span> <span class='ocrx_word' id='word_1_117' title='bbox 887 1638 930 1666; x_wconf 84' lang='lat' dir='ltr'>ac</span> <span class='ocrx_word' id='word_1_118' title='bbox 960 1624 1082 1663; x_wconf 88' lang='lat' dir='ltr'>etiam</span> <span class='ocrx_word' id='word_1_119' title='bbox 1108 1621 1302 1675; x_wconf 90' lang='lat' dir='ltr'>triplicati</span> 
     </span>
     <span class='ocr_line' id='line_1_22' title="bbox 262 1678 1303 1735; baseline -0.003 -14"><span class='ocrx_word' id='word_1_120' title='bbox 262 1679 442 1735; x_wconf 88' lang='lat' dir='ltr'>ejusdem</span> <span class='ocrx_word' id='word_1_121' title='bbox 474 1679 662 1731; x_wconf 81' lang='lat' dir='ltr'>generis,</span> <span class='ocrx_word' id='word_1_122' title='bbox 687 1681 727 1719; x_wconf 91' lang='lat'>&amp;</span> <span class='ocrx_word' id='word_1_123' title='bbox 757 1680 1051 1734; x_wconf 87' lang='lat' dir='ltr'>consequenter</span> <span class='ocrx_word' id='word_1_124' title='bbox 1081 1678 1303 1733; x_wconf 85' lang='lat' dir='ltr'>superflui,</span> 
     </span>
     <span class='ocr_line' id='line_1_23' title="bbox 260 1734 1302 1791; baseline -0.001 -14"><span class='ocrx_word' id='word_1_125' title='bbox 260 1737 328 1791; x_wconf 92' lang='lat' dir='ltr'>qui</span> <span class='ocrx_word' id='word_1_126' title='bbox 345 1737 382 1777; x_wconf 91' lang='lat' dir='ltr'>in</span> <span class='ocrx_word' id='word_1_127' title='bbox 400 1737 487 1782; x_wconf 87' lang='lat' dir='ltr'>aliis</span> <span class='ocrx_word' id='word_1_128' title='bbox 504 1738 592 1776; x_wconf 88' lang='lat' dir='ltr'>Con</span> <span class='ocrx_word' id='word_1_129' title='bbox 601 1738 786 1778; x_wconf 89' lang='lat' dir='ltr'>ventibus</span> <span class='ocrx_word' id='word_1_130' title='bbox 807 1737 899 1779; x_wconf 66' lang='lat' dir='ltr'>disti</span> <span class='ocrx_word' id='word_1_131' title='bbox 917 1737 1084 1780; x_wconf 86' lang='lat' dir='ltr'>Ordinis</span> <span class='ocrx_word' id='word_1_132' title='bbox 1099 1734 1302 1778; x_wconf 71' lang='lat' dir='ltr'>necessarii</span> 
     </span>
     <span class='ocr_line' id='line_1_24' title="bbox 259 1793 1303 1851; baseline -0.001 -15"><span class='ocrx_word' id='word_1_133' title='bbox 259 1794 424 1846; x_wconf 81' lang='lat' dir='ltr'>forent,</span> <span class='ocrx_word' id='word_1_134' title='bbox 456 1793 710 1848; x_wconf 86' lang='lat' dir='ltr'>reperiantur</span> <span class='ocrx_word' id='word_1_135' title='bbox 727 1825 743 1845; x_wconf 86' lang='lat'>‚</span> <span class='ocrx_word' id='word_1_136' title='bbox 772 1796 899 1838; x_wconf 89' lang='lat' dir='ltr'>Nobis</span> <span class='ocrx_word' id='word_1_137' title='bbox 922 1806 1138 1851; x_wconf 88' lang='lat' dir='ltr'>propterea</span> <span class='ocrx_word' id='word_1_138' title='bbox 1155 1794 1303 1836; x_wconf 52' lang='lat' dir='ltr'>idem„</span> 
     </span>
     <span class='ocr_line' id='line_1_25' title="bbox 258 1853 1301 1909; baseline -0.003 -12"><span class='ocrx_word' id='word_1_139' title='bbox 258 1855 507 1897; x_wconf 81' lang='lat' dir='ltr'>Procurator</span> <span class='ocrx_word' id='word_1_140' title='bbox 531 1853 747 1895; x_wconf 87' lang='lat' dir='ltr'>Generalis</span> <span class='ocrx_word' id='word_1_141' title='bbox 770 1854 980 1897; x_wconf 86' lang='lat' dir='ltr'>humiliter</span> <span class='ocrx_word' id='word_1_142' title='bbox 1004 1853 1214 1909; x_wconf 85' lang='lat' dir='ltr'>supplicari</span> <span class='ocrx_word' id='word_1_143' title='bbox 1241 1853 1301 1894; x_wconf 86' lang='lat' dir='ltr'>fe·</span> 
     </span>
     <span class='ocr_line' id='line_1_26' title="bbox 259 1911 1301 1968; baseline 0.001 -14"><span class='ocrx_word' id='word_1_144' title='bbox 259 1914 315 1954; x_wconf 91' lang='lat' dir='ltr'>cit</span> <span class='ocrx_word' id='word_1_145' title='bbox 330 1940 345 1963; x_wconf 79' lang='lat'>‚</span> <span class='ocrx_word' id='word_1_146' title='bbox 368 1922 411 1954; x_wconf 92' lang='lat' dir='ltr'>ut</span> <span class='ocrx_word' id='word_1_147' title='bbox 430 1912 467 1952; x_wconf 89' lang='lat' dir='ltr'>in</span> <span class='ocrx_word' id='word_1_148' title='bbox 481 1911 680 1966; x_wconf 83' lang='lat' dir='ltr'>praemiffis</span> <span class='ocrx_word' id='word_1_149' title='bbox 704 1912 932 1966; x_wconf 75' lang='lat' dir='ltr'>opportune</span> <span class='ocrx_word' id='word_1_150' title='bbox 949 1912 1168 1968; x_wconf 86' lang='lat' dir='ltr'>providere</span> <span class='ocrx_word' id='word_1_151' title='bbox 1195 1911 1301 1955; x_wconf 64' lang='lat' dir='ltr'>de.-</span> 
     </span>
     <span class='ocr_line' id='line_1_27' title="bbox 257 1969 1303 2025; baseline -0.004 -12"><span class='ocrx_word' id='word_1_152' title='bbox 257 1970 512 2025; x_wconf 84' lang='lat' dir='ltr'>benignitate</span> <span class='ocrx_word' id='word_1_153' title='bbox 538 1969 767 2023; x_wconf 88' lang='lat' dir='ltr'>Apostolica</span> <span class='ocrx_word' id='word_1_154' title='bbox 795 1971 1083 2025; x_wconf 86' lang='lat' dir='ltr'>dignaremur.</span> <span class='ocrx_word' id='word_1_155' title='bbox 1113 1973 1198 2012; x_wconf 89' lang='lat' dir='ltr'>Nos</span> <span class='ocrx_word' id='word_1_156' title='bbox 1229 1970 1303 2024; x_wconf 90' lang='lat' dir='ltr'>igi-</span> 
     </span>
     <span class='ocr_line' id='line_1_28' title="bbox 258 2026 1303 2084; baseline -0.004 -11"><span class='ocrx_word' id='word_1_157' title='bbox 258 2041 326 2074; x_wconf 81' lang='lat' dir='ltr'>tur</span> <span class='ocrx_word' id='word_1_158' title='bbox 341 2027 526 2070; x_wconf 89' lang='lat' dir='ltr'>Eundem</span> <span class='ocrx_word' id='word_1_159' title='bbox 541 2039 814 2082; x_wconf 85' lang='lat' dir='ltr'>exponentem</span> <span class='ocrx_word' id='word_1_160' title='bbox 827 2028 1064 2084; x_wconf 83' lang='lat' dir='ltr'>specialibus</span> <span class='ocrx_word' id='word_1_161' title='bbox 1080 2026 1303 2078; x_wconf 82' lang='lat' dir='ltr'>favoribus,</span> 
     </span>
     <span class='ocr_line' id='line_1_29' title="bbox 259 2087 1301 2143; baseline -0.002 -13"><span class='ocrx_word' id='word_1_162' title='bbox 259 2091 296 2130; x_wconf 74' lang='grc' dir='ltr'>δι</span> <span class='ocrx_word' id='word_1_163' title='bbox 321 2087 460 2143; x_wconf 88' lang='lat' dir='ltr'>gratiis</span> <span class='ocrx_word' id='word_1_164' title='bbox 477 2087 661 2142; x_wconf 87' lang='lat' dir='ltr'>prosequi</span> <span class='ocrx_word' id='word_1_165' title='bbox 684 2087 864 2130; x_wconf 89' lang='lat' dir='ltr'>volentes</span> <span class='ocrx_word' id='word_1_166' title='bbox 881 2117 893 2139; x_wconf 86' lang='lat'>‚</span> <span class='ocrx_word' id='word_1_167' title='bbox 922 2090 959 2129; x_wconf 92' lang='lat'>&amp;</span> <span class='ocrx_word' id='word_1_168' title='bbox 977 2089 997 2129; x_wconf 73' lang='lat' dir='ltr'>a</span> <span class='ocrx_word' id='word_1_169' title='bbox 1014 2087 1215 2143; x_wconf 88' lang='lat' dir='ltr'>quibusvis</span> <span class='ocrx_word' id='word_1_170' title='bbox 1232 2101 1301 2128; x_wconf 86' lang='lat' dir='ltr'>ex-</span> 
     </span>
     <span class='ocr_line' id='line_1_30' title="bbox 259 2144 1301 2200; baseline -0.002 -11"><span class='ocrx_word' id='word_1_171' title='bbox 259 2145 634 2189; x_wconf 87' lang='lat' dir='ltr'>communicationis</span> <span class='ocrx_word' id='word_1_172' title='bbox 652 2173 666 2196; x_wconf 76' lang='lat'><strong>,</strong></span> <span class='ocrx_word' id='word_1_173' title='bbox 694 2144 978 2200; x_wconf 67' lang='lat' dir='ltr'>suspensionis,</span> <span class='ocrx_word' id='word_1_174' title='bbox 1005 2149 1045 2188; x_wconf 73' lang='grc' dir='ltr'>δε</span> <span class='ocrx_word' id='word_1_175' title='bbox 1070 2147 1301 2195; x_wconf 73' lang='grc' dir='ltr'>ἰηῑετάἰᾶἰ,</span> 
     </span>
     <span class='ocr_line' id='line_1_31' title="bbox 259 2203 1300 2259; baseline -0.003 -11"><span class='ocrx_word' id='word_1_176' title='bbox 259 2203 424 2259; x_wconf 81' lang='lat' dir='ltr'>aliisque</span> <span class='ocrx_word' id='word_1_177' title='bbox 456 2203 736 2246; x_wconf 83' lang='lat' dir='ltr'>Ecclefiasticis</span> <span class='ocrx_word' id='word_1_178' title='bbox 764 2203 971 2247; x_wconf 86' lang='lat' dir='ltr'>sententiis</span> <span class='ocrx_word' id='word_1_179' title='bbox 988 2234 1002 2256; x_wconf 82' lang='lat'>,</span> <span class='ocrx_word' id='word_1_180' title='bbox 1027 2203 1206 2251; x_wconf 82' lang='lat' dir='ltr'>censuris</span> <span class='ocrx_word' id='word_1_181' title='bbox 1223 2233 1237 2255; x_wconf 84' lang='lat'>‚</span> <span class='ocrx_word' id='word_1_182' title='bbox 1262 2205 1300 2245; x_wconf 88' lang='lat'>&amp;</span> 
     </span>
     <span class='ocr_line' id='line_1_32' title="bbox 260 2262 1306 2320; baseline -0.002 -15"><span class='ocrx_word' id='word_1_183' title='bbox 260 2262 391 2320; x_wconf 85' lang='lat' dir='ltr'>poenis</span> <span class='ocrx_word' id='word_1_184' title='bbox 405 2264 425 2302; x_wconf 76' lang='lat' dir='ltr'>a</span> <span class='ocrx_word' id='word_1_185' title='bbox 436 2265 536 2317; x_wconf 91' lang='lat' dir='ltr'>Jure</span> <span class='ocrx_word' id='word_1_186' title='bbox 552 2289 565 2312; x_wconf 85' lang='lat'>‚</span> <span class='ocrx_word' id='word_1_187' title='bbox 583 2263 646 2304; x_wconf 89' lang='lat' dir='ltr'>vel</span> <span class='ocrx_word' id='word_1_188' title='bbox 663 2266 711 2305; x_wconf 86' lang='lat' dir='ltr'>ab</span> <span class='ocrx_word' id='word_1_189' title='bbox 726 2265 902 2314; x_wconf 83' lang='lat' dir='ltr'>homine,</span> <span class='ocrx_word' id='word_1_190' title='bbox 916 2265 1055 2319; x_wconf 87' lang='lat' dir='ltr'>quavis</span> <span class='ocrx_word' id='word_1_191' title='bbox 1069 2264 1277 2306; x_wconf 71' lang='lat' dir='ltr'>occasione</span> <span class='ocrx_word' id='word_1_192' title='bbox 1292 2289 1306 2311; x_wconf 81' lang='lat'>,</span> 
     </span>
     <span class='ocr_line' id='line_1_33' title="bbox 260 2319 1307 2378; baseline 0 -15"><span class='ocrx_word' id='word_1_193' title='bbox 260 2322 328 2364; x_wconf 88' lang='lat' dir='ltr'>vel</span> <span class='ocrx_word' id='word_1_194' title='bbox 354 2319 469 2362; x_wconf 68' lang='lat' dir='ltr'>causa</span> <span class='ocrx_word' id='word_1_195' title='bbox 494 2320 584 2362; x_wconf 84' lang='lat' dir='ltr'>latis</span> <span class='ocrx_word' id='word_1_196' title='bbox 601 2348 615 2370; x_wconf 83' lang='lat'>‚</span> <span class='ocrx_word' id='word_1_197' title='bbox 640 2320 664 2361; x_wconf 91' lang='lat' dir='ltr'>s1</span> <span class='ocrx_word' id='word_1_198' title='bbox 692 2321 834 2376; x_wconf 90' lang='lat' dir='ltr'>quibus</span> <span class='ocrx_word' id='word_1_199' title='bbox 859 2321 1165 2378; x_wconf 88' lang='lat' dir='ltr'>quomodolibet</span> <span class='ocrx_word' id='word_1_200' title='bbox 1193 2323 1307 2363; x_wconf 87' lang='lat' dir='ltr'>inno-</span> 
     </span>
     <span class='ocr_line' id='line_1_34' title="bbox 259 2377 1305 2435; baseline -0.001 -14"><span class='ocrx_word' id='word_1_201' title='bbox 259 2380 379 2421; x_wconf 83' lang='lat' dir='ltr'>datus</span> <span class='ocrx_word' id='word_1_202' title='bbox 396 2378 525 2419; x_wconf 84' lang='lat' dir='ltr'>existit</span> <span class='ocrx_word' id='word_1_203' title='bbox 543 2407 556 2428; x_wconf 80' lang='lat'><em>‚</em></span> <span class='ocrx_word' id='word_1_204' title='bbox 583 2379 629 2421; x_wconf 85' lang='lat' dir='ltr'>ad</span> <span class='ocrx_word' id='word_1_205' title='bbox 646 2379 829 2421; x_wconf 67' lang='lat' dir='ltr'>effectum</span> <span class='ocrx_word' id='word_1_206' title='bbox 842 2377 1093 2435; x_wconf 85' lang='lat' dir='ltr'>praesentium</span> <span class='ocrx_word' id='word_1_207' title='bbox 1108 2380 1305 2422; x_wconf 85' lang='lat' dir='ltr'>duntaxat</span> 
     </span>
     <span class='ocr_line' id='line_1_35' title="bbox 260 2436 1306 2491; baseline -0.003 -12"><span class='ocrx_word' id='word_1_208' title='bbox 260 2436 601 2491; x_wconf 75' lang='lat' dir='ltr'>consequendum,</span> <span class='ocrx_word' id='word_1_209' title='bbox 614 2437 751 2478; x_wconf 89' lang='lat' dir='ltr'>harum</span> <span class='ocrx_word' id='word_1_210' title='bbox 765 2437 868 2487; x_wconf 86' lang='lat' dir='ltr'>serie</span> <span class='ocrx_word' id='word_1_211' title='bbox 883 2437 1137 2480; x_wconf 81' lang='lat' dir='ltr'>absolventes</span> <span class='ocrx_word' id='word_1_212' title='bbox 1153 2465 1167 2487; x_wconf 78' lang='lat'>‚</span> <span class='ocrx_word' id='word_1_213' title='bbox 1181 2439 1218 2478; x_wconf 89' lang='lat'>&amp;</span> <span class='ocrx_word' id='word_1_214' title='bbox 1235 2437 1306 2477; x_wconf 86' lang='lat' dir='ltr'>ab-</span> 
     </span>
     <span class='ocr_line' id='line_1_36' title="bbox 257 2492 1303 2551; baseline -0.003 -14"><span class='ocrx_word' id='word_1_215' title='bbox 257 2496 435 2537; x_wconf 87' lang='lat' dir='ltr'>solutum</span> <span class='ocrx_word' id='word_1_216' title='bbox 461 2494 550 2536; x_wconf 83' lang='lat' dir='ltr'>fore</span> <span class='ocrx_word' id='word_1_217' title='bbox 583 2496 792 2536; x_wconf 86' lang='lat' dir='ltr'>censentes</span> <span class='ocrx_word' id='word_1_218' title='bbox 810 2524 823 2546; x_wconf 79' lang='lat'><strong>,</strong></span> <span class='ocrx_word' id='word_1_219' title='bbox 853 2492 1076 2551; x_wconf 87' lang='lat' dir='ltr'>hujusmodi</span> <span class='ocrx_word' id='word_1_220' title='bbox 1103 2493 1303 2550; x_wconf 89' lang='lat' dir='ltr'>supplica-</span> 
     </span>
     <span class='ocr_line' id='line_1_37' title="bbox 257 2552 1300 2610; baseline -0.002 -15"><span class='ocrx_word' id='word_1_221' title='bbox 257 2553 440 2596; x_wconf 87' lang='lat' dir='ltr'>tionibus</span> <span class='ocrx_word' id='word_1_222' title='bbox 473 2554 682 2604; x_wconf 82' lang='lat' dir='ltr'>inclinati‚</span> <span class='ocrx_word' id='word_1_223' title='bbox 709 2552 1068 2610; x_wconf 62' lang='lat' dir='ltr'>circumspectioni</span> <span class='ocrx_word' id='word_1_224' title='bbox 1103 2556 1196 2596; x_wconf 85' lang='lat' dir='ltr'>Tuae</span> <span class='ocrx_word' id='word_1_225' title='bbox 1228 2566 1300 2608; x_wconf 91' lang='lat' dir='ltr'>per</span> 
     </span>
     <span class='ocr_line' id='line_1_38' title="bbox 257 2610 1299 2669; baseline -0.002 -16"><span class='ocrx_word' id='word_1_226' title='bbox 257 2610 471 2668; x_wconf 85' lang='lat' dir='ltr'>praesentes</span> <span class='ocrx_word' id='word_1_227' title='bbox 488 2612 733 2669; x_wconf 85' lang='lat' dir='ltr'>injungimus</span> <span class='ocrx_word' id='word_1_228' title='bbox 749 2641 761 2663; x_wconf 74' lang='lat' dir='ltr'>a</span> <span class='ocrx_word' id='word_1_229' title='bbox 783 2623 825 2654; x_wconf 92' lang='lat' dir='ltr'>ut</span> <span class='ocrx_word' id='word_1_230' title='bbox 848 2613 1030 2655; x_wconf 90' lang='lat' dir='ltr'>omnibus</span> <span class='ocrx_word' id='word_1_231' title='bbox 1045 2642 1062 2663; x_wconf 84' lang='lat'>‚</span> <span class='ocrx_word' id='word_1_232' title='bbox 1085 2614 1123 2654; x_wconf 92' lang='lat'>&amp;</span> <span class='ocrx_word' id='word_1_233' title='bbox 1139 2610 1299 2666; x_wconf 78' lang='lat' dir='ltr'>singulis</span> 
     </span>
     <span class='ocr_line' id='line_1_39' title="bbox 258 2668 1298 2725; baseline -0.004 -12"><span class='ocrx_word' id='word_1_234' title='bbox 258 2669 448 2713; x_wconf 87' lang='lat' dir='ltr'>Ministris</span> <span class='ocrx_word' id='word_1_235' title='bbox 477 2670 795 2712; x_wconf 87' lang='lat' dir='ltr'>Provincialibus</span> <span class='ocrx_word' id='word_1_236' title='bbox 833 2670 928 2713; x_wconf 64' lang='lat' dir='ltr'>dieti</span> <span class='ocrx_word' id='word_1_237' title='bbox 953 2671 1118 2714; x_wconf 89' lang='lat' dir='ltr'>Ordinis</span> <span class='ocrx_word' id='word_1_238' title='bbox 1141 2700 1154 2724; x_wconf 84' lang='lat'><strong>,</strong></span> <span class='ocrx_word' id='word_1_239' title='bbox 1189 2668 1298 2725; x_wconf 77' lang='lat' dir='ltr'>quod</span> 
     </span>
     <span class='ocr_line' id='line_1_40' title="bbox 258 2727 1301 2785; baseline -0.002 -15"><span class='ocrx_word' id='word_1_240' title='bbox 258 2742 400 2770; x_wconf 82' lang='lat' dir='ltr'>eorum</span> <span class='ocrx_word' id='word_1_241' title='bbox 426 2727 598 2781; x_wconf 87' lang='lat' dir='ltr'>quilibet</span> <span class='ocrx_word' id='word_1_242' title='bbox 615 2727 652 2768; x_wconf 90' lang='lat' dir='ltr'>in</span> <span class='ocrx_word' id='word_1_243' title='bbox 677 2727 740 2768; x_wconf 88' lang='lat' dir='ltr'>sua</span> <span class='ocrx_word' id='word_1_244' title='bbox 755 2732 915 2785; x_wconf 85' lang='lat' dir='ltr'>propria</span> <span class='ocrx_word' id='word_1_245' title='bbox 932 2730 1146 2773; x_wconf 89' lang='lat' dir='ltr'>Provincia</span> <span class='ocrx_word' id='word_1_246' title='bbox 1165 2728 1301 2783; x_wconf 88' lang='lat' dir='ltr'>respe-</span> 
     </span>
     <span class='ocr_line' id='line_1_41' title="bbox 256 2785 1297 2830; baseline 0 -2"><span class='ocrx_word' id='word_1_247' title='bbox 256 2785 364 2828; x_wconf 65' lang='lat' dir='ltr'>&amp;ive</span> <span class='ocrx_word' id='word_1_248' title='bbox 398 2785 506 2826; x_wconf 90' lang='lat' dir='ltr'>illius</span> <span class='ocrx_word' id='word_1_249' title='bbox 535 2789 822 2828; x_wconf 85' lang='lat' dir='ltr'>Conventuum</span> <span class='ocrx_word' id='word_1_250' title='bbox 851 2788 1127 2830; x_wconf 84' lang='lat' dir='ltr'>Bibliothecas</span> <span class='ocrx_word' id='word_1_251' title='bbox 1155 2785 1297 2829; x_wconf 69' lang='lat' dir='ltr'>debite</span> 
     </span>
     <span class='ocr_line' id='line_1_42' title="bbox 257 2843 1299 2900; baseline -0.002 -13"><span class='ocrx_word' id='word_1_252' title='bbox 257 2843 423 2887; x_wconf 81' lang='lat' dir='ltr'>instruat</span> <span class='ocrx_word' id='word_1_253' title='bbox 450 2873 466 2893; x_wconf 83' lang='lat'>‚</span> <span class='ocrx_word' id='word_1_254' title='bbox 511 2845 551 2884; x_wconf 91' lang='lat'>&amp;</span> <span class='ocrx_word' id='word_1_255' title='bbox 582 2855 828 2900; x_wconf 80' lang='lat' dir='ltr'>componat,</span> <span class='ocrx_word' id='word_1_256' title='bbox 853 2849 891 2888; x_wconf 68' lang='grc' dir='ltr'>ὃς</span> <span class='ocrx_word' id='word_1_257' title='bbox 920 2861 970 2890; x_wconf 87' lang='lat' dir='ltr'>ex</span> <span class='ocrx_word' id='word_1_258' title='bbox 998 2849 1055 2888; x_wconf 90' lang='lat' dir='ltr'>eis</span> <span class='ocrx_word' id='word_1_259' title='bbox 1084 2847 1209 2889; x_wconf 86' lang='lat' dir='ltr'>libros</span> <span class='ocrx_word' id='word_1_260' title='bbox 1236 2844 1299 2885; x_wconf 90' lang='lat' dir='ltr'>su·</span> 
     </span>
     <span class='ocr_line' id='line_1_43' title="bbox 256 2902 1297 2961; baseline 0 -16"><span class='ocrx_word' id='word_1_261' title='bbox 256 2902 434 2960; x_wconf 81' lang='lat' dir='ltr'>perfluos</span> <span class='ocrx_word' id='word_1_262' title='bbox 465 2913 652 2944; x_wconf 87' lang='lat' dir='ltr'>amoveat</span> <span class='ocrx_word' id='word_1_263' title='bbox 678 2932 692 2954; x_wconf 82' lang='lat'>‚</span> <span class='ocrx_word' id='word_1_264' title='bbox 720 2905 759 2944; x_wconf 88' lang='lat'>&amp;</span> <span class='ocrx_word' id='word_1_265' title='bbox 789 2906 975 2949; x_wconf 86' lang='lat' dir='ltr'>extrahat</span> <span class='ocrx_word' id='word_1_266' title='bbox 999 2933 1012 2955; x_wconf 80' lang='lat'>,</span> <span class='ocrx_word' id='word_1_267' title='bbox 1045 2904 1214 2961; x_wconf 86' lang='lat' dir='ltr'>illosque</span> <span class='ocrx_word' id='word_1_268' title='bbox 1246 2903 1297 2945; x_wconf 89' lang='lat' dir='ltr'>ad</span> 
     </span>
     <span class='ocr_line' id='line_1_44' title="bbox 256 2961 1295 3016; baseline 0 -13"><span class='ocrx_word' id='word_1_269' title='bbox 256 2962 357 3003; x_wconf 89' lang='lat' dir='ltr'>alios</span> <span class='ocrx_word' id='word_1_270' title='bbox 387 2961 481 3002; x_wconf 65' lang='lat' dir='ltr'>dieti</span> <span class='ocrx_word' id='word_1_271' title='bbox 512 2961 676 3003; x_wconf 89' lang='lat' dir='ltr'>Ordinis</span> <span class='ocrx_word' id='word_1_272' title='bbox 706 2965 967 3016; x_wconf 82' lang='lat' dir='ltr'>Conventus,</span> <span class='ocrx_word' id='word_1_273' title='bbox 999 2963 1078 3006; x_wconf 90' lang='lat' dir='ltr'>illis</span> <span class='ocrx_word' id='word_1_274' title='bbox 1109 2973 1295 3006; x_wconf 88' lang='lat' dir='ltr'>carentes</span> 
     </span>
     <span class='ocr_line' id='line_1_45' title="bbox 254 3018 1295 3078; baseline 0 -16"><span class='ocrx_word' id='word_1_275' title='bbox 254 3020 423 3070; x_wconf 82' lang='lat' dir='ltr'>mittat,</span> <span class='ocrx_word' id='word_1_276' title='bbox 441 3018 647 3061; x_wconf 84' lang='lat' dir='ltr'>licentiam</span> <span class='ocrx_word' id='word_1_277' title='bbox 663 3021 907 3065; x_wconf 86' lang='lat' dir='ltr'>authoritate</span> <span class='ocrx_word' id='word_1_278' title='bbox 922 3024 1051 3066; x_wconf 87' lang='lat' dir='ltr'>nostra</span> <span class='ocrx_word' id='word_1_279' title='bbox 1066 3021 1295 3078; x_wconf 82' lang='lat' dir='ltr'>Apostolica</span> 
     </span>
     <span class='ocr_line' id='line_1_46' title="bbox 255 3078 1294 3136; baseline 0.001 -16"><span class='ocrx_word' id='word_1_280' title='bbox 255 3078 431 3120; x_wconf 88' lang='lat' dir='ltr'>arbitrio</span> <span class='ocrx_word' id='word_1_281' title='bbox 457 3088 527 3119; x_wconf 90' lang='lat' dir='ltr'>tuo</span> <span class='ocrx_word' id='word_1_282' title='bbox 539 3078 763 3120; x_wconf 85' lang='lat' dir='ltr'>concedas.</span> <span class='ocrx_word' id='word_1_283' title='bbox 789 3084 881 3122; x_wconf 93' lang='lat' dir='ltr'>Non</span> <span class='ocrx_word' id='word_1_284' title='bbox 897 3082 1140 3124; x_wconf 88' lang='lat' dir='ltr'>obstantibus</span> <span class='ocrx_word' id='word_1_285' title='bbox 1155 3081 1294 3136; x_wconf 91' lang='lat' dir='ltr'>prohi-</span> 
     </span>
     <span class='ocr_line' id='line_1_47' title="bbox 255 3136 1293 3190; baseline 0.001 -11"><span class='ocrx_word' id='word_1_286' title='bbox 255 3136 472 3180; x_wconf 89' lang='lat' dir='ltr'>bitionibus</span> <span class='ocrx_word' id='word_1_287' title='bbox 499 3136 723 3190; x_wconf 73' lang='lat' dir='ltr'>praediffis,</span> <span class='ocrx_word' id='word_1_288' title='bbox 756 3151 802 3178; x_wconf 87' lang='lat' dir='ltr'>ac</span> <span class='ocrx_word' id='word_1_289' title='bbox 836 3141 1198 3183; x_wconf 87' lang='lat' dir='ltr'>Constitutionibus</span> <span class='ocrx_word' id='word_1_290' title='bbox 1219 3168 1232 3190; x_wconf 63' lang='lat'><em>2</em></span> <span class='ocrx_word' id='word_1_291' title='bbox 1254 3139 1293 3180; x_wconf 88' lang='lat'>&amp;</span> 
     </span>
     <span class='ocr_line' id='line_1_48' title="bbox 255 3194 1292 3248; baseline 0.003 -12"><span class='ocrx_word' id='word_1_292' title='bbox 255 3195 590 3238; x_wconf 80' lang='lat' dir='ltr'>ordinationibus</span> <span class='ocrx_word' id='word_1_293' title='bbox 606 3194 845 3248; x_wconf 83' lang='lat' dir='ltr'>Apostolicis</span> <span class='ocrx_word' id='word_1_294' title='bbox 859 3225 874 3248; x_wconf 85' lang='lat'>‚</span> <span class='ocrx_word' id='word_1_295' title='bbox 898 3213 969 3241; x_wconf 87' lang='lat' dir='ltr'>nec</span> <span class='ocrx_word' id='word_1_296' title='bbox 995 3213 1072 3240; x_wconf 91' lang='lat' dir='ltr'>non</span> <span class='ocrx_word' id='word_1_297' title='bbox 1097 3198 1262 3240; x_wconf 90' lang='lat' dir='ltr'>Ordinis</span> <span class='ocrx_word' id='word_1_298' title='bbox 1277 3225 1292 3248; x_wconf 83' lang='lat'><strong>,</strong></span> 
     </span>
     <span class='ocr_line' id='line_1_49' title="bbox 254 3253 1290 3311; baseline 0.002 -17"><span class='ocrx_word' id='word_1_299' title='bbox 254 3255 293 3294; x_wconf 90' lang='lat'>&amp;</span> <span class='ocrx_word' id='word_1_300' title='bbox 312 3254 519 3297; x_wconf 84' lang='lat' dir='ltr'>Provincia</span> <span class='ocrx_word' id='word_1_301' title='bbox 528 3268 616 3295; x_wconf 89' lang='lat' dir='ltr'>rum</span> <span class='ocrx_word' id='word_1_302' title='bbox 629 3253 881 3311; x_wconf 79' lang='lat' dir='ltr'>hujusmodi,</span> <span class='ocrx_word' id='word_1_303' title='bbox 895 3259 1018 3298; x_wconf 90' lang='lat' dir='ltr'>etiam</span> <span class='ocrx_word' id='word_1_304' title='bbox 1035 3256 1290 3311; x_wconf 83' lang='lat' dir='ltr'>juramento,</span> 
     </span>
     <span class='ocr_line' id='line_1_50' title="bbox 256 3312 1291 3370; baseline 0.001 -17"><span class='ocrx_word' id='word_1_305' title='bbox 256 3312 563 3355; x_wconf 86' lang='lat' dir='ltr'>cor-firmatione</span> <span class='ocrx_word' id='word_1_306' title='bbox 587 3313 844 3368; x_wconf 78' lang='lat' dir='ltr'>Apostolica,</span> <span class='ocrx_word' id='word_1_307' title='bbox 873 3315 937 3357; x_wconf 88' lang='lat' dir='ltr'>vel</span> <span class='ocrx_word' id='word_1_308' title='bbox 960 3314 1035 3357; x_wconf 88' lang='lat' dir='ltr'>alia</span> <span class='ocrx_word' id='word_1_309' title='bbox 1057 3315 1196 3370; x_wconf 84' lang='lat' dir='ltr'>quavis</span> <span class='ocrx_word' id='word_1_310' title='bbox 1221 3312 1291 3354; x_wconf 88' lang='lat' dir='ltr'>fir-</span> 
     </span>
     <span class='ocr_line' id='line_1_51' title="bbox 256 3371 1290 3423; baseline 0.005 -13"><span class='ocrx_word' id='word_1_311' title='bbox 256 3371 398 3420; x_wconf 81' lang='lat' dir='ltr'>mitate</span> <span class='ocrx_word' id='word_1_312' title='bbox 413 3371 617 3414; x_wconf 87' lang='lat' dir='ltr'>roboratis</span> <span class='ocrx_word' id='word_1_313' title='bbox 643 3372 796 3414; x_wconf 84' lang='lat' dir='ltr'>statutis</span> <span class='ocrx_word' id='word_1_314' title='bbox 808 3403 824 3423; x_wconf 83' lang='lat'>‚</span> <span class='ocrx_word' id='word_1_315' title='bbox 840 3374 891 3414; x_wconf 73' lang='grc' dir='ltr'>’δι</span> <span class='ocrx_word' id='word_1_316' title='bbox 907 3371 1261 3416; x_wconf 78' lang='lat' dir='ltr'>consuetudinibus</span> <span class='ocrx_word' id='word_1_317' title='bbox 1275 3402 1290 3422; x_wconf 83' lang='grc'>,</span> 
     </span>
     <span class='ocr_line' id='line_1_52' title="bbox 258 3429 1291 3486; baseline 0.005 -18"><span class='ocrx_word' id='word_1_318' title='bbox 258 3429 481 3484; x_wconf 85' lang='lat' dir='ltr'>privilegiis</span> <span class='ocrx_word' id='word_1_319' title='bbox 496 3445 654 3486; x_wconf 77' lang='lat' dir='ltr'>quoque</span> <span class='ocrx_word' id='word_1_320' title='bbox 679 3431 848 3474; x_wconf 87' lang='lat' dir='ltr'>indultis</span> <span class='ocrx_word' id='word_1_321' title='bbox 863 3462 877 3483; x_wconf 85' lang='lat'>‚</span> <span class='ocrx_word' id='word_1_322' title='bbox 904 3433 943 3473; x_wconf 76' lang='grc' dir='ltr'>ἃ,</span> <span class='ocrx_word' id='word_1_323' title='bbox 957 3433 1107 3475; x_wconf 89' lang='lat' dir='ltr'>Literis</span> <span class='ocrx_word' id='word_1_324' title='bbox 1124 3432 1291 3486; x_wconf 82' lang='lat' dir='ltr'>Aposto-</span> 
     </span>
     <span class='ocr_line' id='line_1_53' title="bbox 259 3485 1290 3547; baseline 0.004 -20"><span class='ocrx_word' id='word_1_325' title='bbox 259 3485 348 3527; x_wconf 83' lang='lat' dir='ltr'>licis</span> <span class='ocrx_word' id='word_1_326' title='bbox 364 3485 399 3526; x_wconf 90' lang='lat' dir='ltr'>in</span> <span class='ocrx_word' id='word_1_327' title='bbox 415 3490 659 3532; x_wconf 87' lang='lat' dir='ltr'>contrarium</span> <span class='ocrx_word' id='word_1_328' title='bbox 677 3488 956 3543; x_wconf 83' lang='lat' dir='ltr'>praemissorum</span> <span class='ocrx_word' id='word_1_329' title='bbox 980 3490 1290 3547; x_wconf 85' lang='lat' dir='ltr'>quomodolibet</span> 
     </span>
     <span class='ocr_line' id='line_1_54' title="bbox 256 3544 1287 3604; baseline 0.002 -18"><span class='ocrx_word' id='word_1_330' title='bbox 256 3544 477 3596; x_wconf 78' lang='lat' dir='ltr'>concessis,</span> <span class='ocrx_word' id='word_1_331' title='bbox 503 3549 746 3590; x_wconf 88' lang='lat' dir='ltr'>confirmatis</span> <span class='ocrx_word' id='word_1_332' title='bbox 771 3580 786 3600; x_wconf 89' lang='lat'>‚</span> <span class='ocrx_word' id='word_1_333' title='bbox 822 3551 862 3591; x_wconf 74' lang='grc' dir='ltr'>δε</span> <span class='ocrx_word' id='word_1_334' title='bbox 889 3547 1114 3602; x_wconf 81' lang='lat' dir='ltr'>innovatis,</span> <span class='ocrx_word' id='word_1_335' title='bbox 1147 3550 1287 3604; x_wconf 84' lang='lat' dir='ltr'>quibus</span> 
     </span>
     <span class='ocr_line' id='line_1_55' title="bbox 256 3602 1288 3667; baseline 0.009 -25"><span class='ocrx_word' id='word_1_336' title='bbox 256 3602 437 3667; x_wconf 75' lang='lat' dir='ltr'>omnibus</span> <span class='ocrx_word' id='word_1_337' title='bbox 459 3633 474 3652; x_wconf 90' lang='lat'>,</span> <span class='ocrx_word' id='word_1_338' title='bbox 501 3606 537 3645; x_wconf 68' lang='grc' dir='ltr'>ὃς</span> <span class='ocrx_word' id='word_1_339' title='bbox 569 3605 723 3660; x_wconf 75' lang='lat' dir='ltr'>singulis</span> <span class='ocrx_word' id='word_1_340' title='bbox 757 3609 918 3651; x_wconf 91' lang='lat' dir='ltr'>illorum</span> <span class='ocrx_word' id='word_1_341' title='bbox 944 3619 1107 3651; x_wconf 87' lang='lat' dir='ltr'>tenores</span> <span class='ocrx_word' id='word_1_342' title='bbox 1123 3609 1288 3661; x_wconf 84' lang='lat' dir='ltr'>praesen-</span> 
     </span>
     <span class='ocr_line' id='line_1_56' title="bbox 257 3662 1288 3722; baseline 0.007 -23"><span class='ocrx_word' id='word_1_343' title='bbox 257 3662 365 3700; x_wconf 81' lang='lat' dir='ltr'>tibus</span> <span class='ocrx_word' id='word_1_344' title='bbox 383 3675 456 3714; x_wconf 91' lang='lat' dir='ltr'>pro</span> <span class='ocrx_word' id='word_1_345' title='bbox 471 3663 585 3715; x_wconf 74' lang='lat' dir='ltr'>plene</span> <span class='ocrx_word' id='word_1_346' title='bbox 604 3667 666 3714; x_wconf 75' lang='lat'>³&amp;</span> <span class='ocrx_word' id='word_1_347' title='bbox 681 3665 922 3710; x_wconf 86' lang='lat' dir='ltr'>sufficienter</span> <span class='ocrx_word' id='word_1_348' title='bbox 937 3667 1124 3722; x_wconf 83' lang='lat' dir='ltr'>expreffis</span> <span class='ocrx_word' id='word_1_349' title='bbox 1140 3667 1288 3709; x_wconf 89' lang='lat' dir='ltr'>haben-</span> 
     </span>
     <span class='ocr_line' id='line_1_57' title="bbox 259 3718 1288 3780; baseline 0.008 -23"><span class='ocrx_word' id='word_1_350' title='bbox 259 3718 456 3767; x_wconf 79' lang='lat' dir='ltr'>tes,·illis</span> <span class='ocrx_word' id='word_1_351' title='bbox 487 3719 581 3759; x_wconf 72' lang='lat' dir='ltr'>alias</span> <span class='ocrx_word' id='word_1_352' title='bbox 599 3723 634 3764; x_wconf 90' lang='lat' dir='ltr'>in</span> <span class='ocrx_word' id='word_1_353' title='bbox 665 3723 730 3764; x_wconf 82' lang='lat' dir='ltr'>suo</span> <span class='ocrx_word' id='word_1_354' title='bbox 745 3725 894 3767; x_wconf 89' lang='lat' dir='ltr'>robore</span> <span class='ocrx_word' id='word_1_355' title='bbox 922 3725 1182 3780; x_wconf 86' lang='lat' dir='ltr'>permansuris</span> <span class='ocrx_word' id='word_1_356' title='bbox 1200 3753 1213 3775; x_wconf 85' lang='lat'>,</span> <span class='ocrx_word' id='word_1_357' title='bbox 1239 3724 1288 3765; x_wconf 88' lang='lat' dir='ltr'>ad</span> 
     </span>
     <span class='ocr_line' id='line_1_58' title="bbox 259 3775 1290 3841; baseline 0.008 -25"><span class='ocrx_word' id='word_1_358' title='bbox 259 3775 538 3829; x_wconf 71' lang='lat' dir='ltr'>praemissorum</span> <span class='ocrx_word' id='word_1_359' title='bbox 560 3778 743 3823; x_wconf 66' lang='lat' dir='ltr'>effectum</span> <span class='ocrx_word' id='word_1_360' title='bbox 761 3810 775 3834; x_wconf 79' lang='lat'><strong>,</strong></span> <span class='ocrx_word' id='word_1_361' title='bbox 798 3783 1026 3840; x_wconf 81' lang='lat' dir='ltr'>specialiter</span> <span class='ocrx_word' id='word_1_362' title='bbox 1041 3812 1055 3836; x_wconf 63' lang='lat'><em>2</em></span> <span class='ocrx_word' id='word_1_363' title='bbox 1076 3785 1115 3826; x_wconf 91' lang='lat'>&amp;</span> <span class='ocrx_word' id='word_1_364' title='bbox 1130 3782 1290 3841; x_wconf 86' lang='lat' dir='ltr'>expres-</span> 
     </span>
    </p>
   </div>
   <div class='ocr_carea' id='block_1_6' title="bbox 941 219 1739 335">
    <p class='ocr_par' dir='ltr' id='par_1_7' title="bbox 941 219 1739 335">
     <span class='ocr_line' id='line_1_59' title="bbox 941 219 1739 335; baseline 0.008 -24"><span class='ocrx_word' id='word_1_365' title='bbox 941 219 1101 335; x_wconf 60' lang='lat' dir='ltr'>&amp;tb</span> <span class='ocrx_word' id='word_1_366' title='bbox 1159 225 1582 316; x_wconf 69' lang='lat' dir='ltr'>innocentio</span> <span class='ocrx_word' id='word_1_367' title='bbox 1640 222 1739 320; x_wconf 77' lang='lat' dir='ltr'>X.</span> 
     </span>
    </p>
   </div>
   <div class='ocr_carea' id='block_1_7' title="bbox 1369 345 2413 571">
    <p class='ocr_par' dir='ltr' id='par_1_8' title="bbox 1369 345 2413 571">
     <span class='ocr_line' id='line_1_60' title="bbox 1374 345 2410 409; baseline 0.005 -20"><span class='ocrx_word' id='word_1_368' title='bbox 1374 348 1416 389; x_wconf 76' lang='lat' dir='ltr'>se</span> <span class='ocrx_word' id='word_1_369' title='bbox 1439 349 1681 404; x_wconf 85' lang='lat' dir='ltr'>derogamus</span> <span class='ocrx_word' id='word_1_370' title='bbox 1697 377 1712 400; x_wconf 77' lang='lat'><strong>,</strong></span> <span class='ocrx_word' id='word_1_371' title='bbox 1743 345 1987 403; x_wconf 85' lang='lat' dir='ltr'>coeterisque</span> <span class='ocrx_word' id='word_1_372' title='bbox 2008 347 2224 393; x_wconf 75' lang='lat' dir='ltr'>contrariis</span> <span class='ocrx_word' id='word_1_373' title='bbox 2242 350 2410 409; x_wconf 71' lang='lat' dir='ltr'>&#39;quibus-</span> 
     </span>
     <span class='ocr_line' id='line_1_61' title="bbox 1371 405 2412 463; baseline 0.004 -15"><span class='ocrx_word' id='word_1_374' title='bbox 1371 421 1531 463; x_wconf 88' lang='lat' dir='ltr'>cunque</span> <span class='ocrx_word' id='word_1_375' title='bbox 1547 437 1557 448; x_wconf 92' lang='lat'>.</span> <span class='ocrx_word' id='word_1_376' title='bbox 1591 410 1740 451; x_wconf 86' lang='lat' dir='ltr'>Datum</span> <span class='ocrx_word' id='word_1_377' title='bbox 1757 410 1894 449; x_wconf 85' lang='lat' dir='ltr'>Romae</span> <span class='ocrx_word' id='word_1_378' title='bbox 1911 405 2015 461; x_wconf 89' lang='lat' dir='ltr'>apud</span> <span class='ocrx_word' id='word_1_379' title='bbox 2033 409 2214 450; x_wconf 60' lang='lat' dir='ltr'>sannam</span> <span class='ocrx_word' id='word_1_380' title='bbox 2241 413 2412 453; x_wconf 87' lang='lat' dir='ltr'>Mariam</span> 
     </span>
     <span class='ocr_line' id='line_1_62' title="bbox 1370 464 2413 525; baseline 0.004 -18"><span class='ocrx_word' id='word_1_381' title='bbox 1370 465 1570 521; x_wconf 77' lang='lat' dir='ltr'>Maiorem</span> <span class='ocrx_word' id='word_1_382' title='bbox 1586 467 1653 509; x_wconf 93' lang='lat' dir='ltr'>sub</span> <span class='ocrx_word' id='word_1_383' title='bbox 1667 465 1833 508; x_wconf 89' lang='lat' dir='ltr'>Annulo</span> <span class='ocrx_word' id='word_1_384' title='bbox 1848 464 2060 507; x_wconf 85' lang='lat' dir='ltr'>Piscatoris</span> <span class='ocrx_word' id='word_1_385' title='bbox 2086 469 2413 525; x_wconf 81' lang='lat' dir='ltr'>Die.xx111.Ju-</span> 
     </span>
     <span class='ocr_line' id='line_1_63' title="bbox 1369 523 2410 571; baseline 0.006 -6"><span class='ocrx_word' id='word_1_386' title='bbox 1369 523 1412 565; x_wconf 80' lang='lat'>111</span> <span class='ocrx_word' id='word_1_387' title='bbox 1456 539 1502 565; x_wconf 86' lang='lat' dir='ltr'>M.</span> <span class='ocrx_word' id='word_1_388' title='bbox 1526 540 1597 566; x_wconf 84' lang='lat' dir='ltr'>oc.</span> <span class='ocrx_word' id='word_1_389' title='bbox 1622 539 1795 569; x_wconf 66' lang='lat' dir='ltr'>xtvttt.</span> <span class='ocrx_word' id='word_1_390' title='bbox 1834 523 2094 567; x_wconf 85' lang='lat' dir='ltr'>Pontificatus</span> <span class='ocrx_word' id='word_1_391' title='bbox 2122 526 2258 567; x_wconf 88' lang='lat' dir='ltr'>Nostri</span> <span class='ocrx_word' id='word_1_392' title='bbox 2289 528 2410 571; x_wconf 89' lang='lat' dir='ltr'>Anno</span> 
     </span>
    </p>
   </div>
   <div class='ocr_carea' id='block_1_8' title="bbox 1371 583 2373 686">
    <p class='ocr_par' dir='ltr' id='par_1_9' title="bbox 1371 583 2373 686">
     <span class='ocr_line' id='line_1_64' title="bbox 1371 583 1558 639; baseline 0 -16"><span class='ocrx_word' id='word_1_393' title='bbox 1371 583 1558 639; x_wconf 85' lang='lat' dir='ltr'>Qarto.</span> 
     </span>
     <span class='ocr_line' id='line_1_65' title="bbox 1903 643 2373 686; baseline -0.004 0"><span class='ocrx_word' id='word_1_394' title='bbox 1903 645 1963 686; x_wconf 89' lang='lat' dir='ltr'>M.</span> <span class='ocrx_word' id='word_1_395' title='bbox 1987 647 2036 686; x_wconf 90' lang='lat' dir='ltr'>A.</span> <span class='ocrx_word' id='word_1_396' title='bbox 2058 643 2294 686; x_wconf 82' lang='lat' dir='ltr'>Maraldus.</span> <span class='ocrx_word' id='word_1_397' title='bbox 2370 651 2373 675; x_wconf 79' lang='grc' dir='ltr'>ῑ</span> 
     </span>
    </p>
   </div>
   <div class='ocr_carea' id='block_1_9' title="bbox 1429 746 2412 968">
    <p class='ocr_par' dir='ltr' id='par_1_10' title="bbox 1429 746 2412 968">
     <span class='ocr_line' id='line_1_66' title="bbox 1429 746 2412 799; baseline 0.008 -15"><span class='ocrx_word' id='word_1_398' title='bbox 1429 746 1730 799; x_wconf 81' lang='lat' dir='ltr'>Autogr·aphum</span> <span class='ocrx_word' id='word_1_399' title='bbox 1758 747 1801 787; x_wconf 69' lang='lat' dir='ltr'>in</span> <span class='ocrx_word' id='word_1_400' title='bbox 1842 747 2002 788; x_wconf 71' lang='lat' dir='ltr'>Archiv.</span> <span class='ocrx_word' id='word_1_401' title='bbox 2043 750 2184 789; x_wconf 78' lang='lat' dir='ltr'>Secret.</span> <span class='ocrx_word' id='word_1_402' title='bbox 2225 751 2412 791; x_wconf 79' lang='lat' dir='ltr'>Brevium</span> 
     </span>
     <span class='ocr_line' id='line_1_67' title="bbox 1487 802 2412 863; baseline 0.008 -20"><span class='ocrx_word' id='word_1_403' title='bbox 1487 802 1618 857; x_wconf 84' lang='lat' dir='ltr'>Apost.</span> <span class='ocrx_word' id='word_1_404' title='bbox 1641 806 1734 858; x_wconf 83' lang='lat' dir='ltr'>Reg.</span> <span class='ocrx_word' id='word_1_405' title='bbox 1752 804 1880 860; x_wconf 62' lang='lat' dir='ltr'>Mens:</span> <span class='ocrx_word' id='word_1_406' title='bbox 1906 807 2017 858; x_wconf 67' lang='lat' dir='ltr'>7ul1&#39;i</span> <span class='ocrx_word' id='word_1_407' title='bbox 2034 806 2155 857; x_wconf 83' lang='lat'>1648.</span> <span class='ocrx_word' id='word_1_408' title='bbox 2161 807 2240 863; x_wconf 85' lang='lat' dir='ltr'>fol.</span> <span class='ocrx_word' id='word_1_409' title='bbox 2266 822 2297 848; x_wconf 86' lang='grc' dir='ltr'>ι.</span> <span class='ocrx_word' id='word_1_410' title='bbox 2316 808 2412 851; x_wconf 54' lang='lat' dir='ltr'>de)</span> 
     </span>
     <span class='ocr_line' id='line_1_68' title="bbox 1486 861 2410 920; baseline 0.01 -22"><span class='ocrx_word' id='word_1_411' title='bbox 1486 871 1560 912; x_wconf 79' lang='lat' dir='ltr'>quo</span> <span class='ocrx_word' id='word_1_412' title='bbox 1583 863 1703 901; x_wconf 82' lang='lat' dir='ltr'>Breve</span> <span class='ocrx_word' id='word_1_413' title='bbox 1724 861 1948 917; x_wconf 83' lang='lat' dir='ltr'>formatum</span> <span class='ocrx_word' id='word_1_414' title='bbox 1972 867 2014 905; x_wconf 85' lang='lat' dir='ltr'>in</span> <span class='ocrx_word' id='word_1_415' title='bbox 2030 864 2152 907; x_wconf 85' lang='lat' dir='ltr'>Arch.</span> <span class='ocrx_word' id='word_1_416' title='bbox 2161 879 2297 920; x_wconf 75' lang='lat' dir='ltr'>gener.</span> <span class='ocrx_word' id='word_1_417' title='bbox 2315 866 2410 909; x_wconf 77' lang='lat' dir='ltr'>Ord-</span> 
     </span>
     <span class='ocr_line' id='line_1_69' title="bbox 1492 918 1903 968; baseline 0.015 -13"><span class='ocrx_word' id='word_1_418' title='bbox 1492 918 1594 956; x_wconf 77' lang='lat' dir='ltr'>Tam.</span> <span class='ocrx_word' id='word_1_419' title='bbox 1610 920 1664 958; x_wconf 90' lang='lat' dir='ltr'>H.</span> <span class='ocrx_word' id='word_1_420' title='bbox 1680 931 1786 959; x_wconf 83' lang='lat' dir='ltr'>num.</span> <span class='ocrx_word' id='word_1_421' title='bbox 1812 921 1903 968; x_wconf 80' lang='lat'>165.</span> 
     </span>
    </p>
   </div>
   <div class='ocr_carea' id='block_1_10' title="bbox 1599 1003 2168 1073">
    <p class='ocr_par' dir='ltr' id='par_1_11' title="bbox 1599 1003 2168 1073">
     <span class='ocr_line' id='line_1_70' title="bbox 1599 1003 2168 1073; baseline 0.009 -5"><span class='ocrx_word' id='word_1_422' title='bbox 1599 1003 2168 1073; x_wconf 89' lang='lat' dir='ltr'>NOTA.</span> 
     </span>
    </p>
   </div>
   <div class='ocr_carea' id='block_1_11' title="bbox 1466 1107 2410 1213">
    <p class='ocr_par' dir='ltr' id='par_1_12' title="bbox 1466 1107 2410 1213">
     <span class='ocr_line' id='line_1_71' title="bbox 1466 1107 2410 1172; baseline 0.005 -20"><span class='ocrx_word' id='word_1_423' title='bbox 1466 1117 1667 1152; x_wconf 86' lang='lat' dir='ltr'>Nteriorem</span> <span class='ocrx_word' id='word_1_424' title='bbox 1681 1118 1818 1154; x_wconf 86' lang='lat' dir='ltr'>&#39;Urbani</span> <span class='ocrx_word' id='word_1_425' title='bbox 1834 1118 1903 1155; x_wconf 91' lang='lat' dir='ltr'>Vll</span> <span class='ocrx_word' id='word_1_426' title='bbox 1912 1107 2124 1159; x_wconf 62' lang='lat' dir='ltr'>[Constitui.</span> <span class='ocrx_word' id='word_1_427' title='bbox 2137 1125 2220 1161; x_wconf 79' lang='lat' dir='ltr'>vide</span> <span class='ocrx_word' id='word_1_428' title='bbox 2234 1124 2332 1172; x_wconf 72' lang='lat' dir='ltr'>supra</span> <span class='ocrx_word' id='word_1_429' title='bbox 2345 1123 2410 1158; x_wconf 89' lang='lat' dir='ltr'>fol.</span> 
     </span>
     <span class='ocr_line' id='line_1_72' title="bbox 1486 1165 2410 1213; baseline 0.008 -13"><span class='ocrx_word' id='word_1_430' title='bbox 1486 1177 1544 1213; x_wconf 89' lang='lat'>97.</span> <span class='ocrx_word' id='word_1_431' title='bbox 1559 1166 1593 1201; x_wconf 73' lang='lat'>8&lt;</span> <span class='ocrx_word' id='word_1_432' title='bbox 1607 1165 1710 1201; x_wconf 87' lang='lat' dir='ltr'>aliam</span> <span class='ocrx_word' id='word_1_433' title='bbox 1722 1166 1911 1213; x_wconf 71' lang='lat' dir='ltr'>posteriore</span> <span class='ocrx_word' id='word_1_434' title='bbox 1931 1169 2110 1208; x_wconf 59' lang='lat' dir='ltr'>Benedicti</span> <span class='ocrx_word' id='word_1_435' title='bbox 2124 1173 2228 1209; x_wconf 90' lang='lat' dir='ltr'><strong>XIII.</strong></span> <span class='ocrx_word' id='word_1_436' title='bbox 2244 1174 2303 1209; x_wconf 88' lang='lat' dir='ltr'>suo</span> <span class='ocrx_word' id='word_1_437' title='bbox 2316 1173 2410 1208; x_wconf 66' lang='lat' dir='ltr'>luco.</span> 
     </span>
    </p>
   </div>
   <div class='ocr_carea' id='block_1_12' title="bbox 1389 1255 1621 1270">
    <p class='ocr_par' dir='ltr' id='par_1_13' title="bbox 1389 1255 1621 1270">
     <span class='ocr_line' id='line_1_73' title="bbox 1389 1255 1621 1270; baseline 0 2974"><span class='ocrx_word' id='word_1_438' title='bbox 1389 1255 1621 1270; x_wconf 95' lang='lat' dir='ltr'> </span> 
     </span>
    </p>
   </div>
   <div class='ocr_carea' id='block_1_13' title="bbox 2259 1264 2374 1274">
    <p class='ocr_par' dir='ltr' id='par_1_14' title="bbox 2259 1264 2374 1274">
     <span class='ocr_line' id='line_1_74' title="bbox 2259 1264 2374 1274; baseline 0 0"><span class='ocrx_word' id='word_1_439' title='bbox 2259 1264 2374 1274; x_wconf 95' lang='lat' dir='ltr'> </span> 
     </span>
    </p>
   </div>
   <div class='ocr_carea' id='block_1_14' title="bbox 1564 1309 2222 1352">
    <p class='ocr_par' dir='ltr' id='par_1_15' title="bbox 1564 1309 2222 1352">
     <span class='ocr_line' id='line_1_75' title="bbox 1564 1309 2222 1352; baseline 0.005 -3"><span class='ocrx_word' id='word_1_440' title='bbox 1564 1309 2222 1352; x_wconf 88' lang='lat' dir='ltr'>DECRETO.</span> 
     </span>
    </p>
   </div>
   <div class='ocr_carea' id='block_1_15' title="bbox 1400 1396 2399 1466">
    <p class='ocr_par' dir='ltr' id='par_1_16' title="bbox 1400 1396 2399 1466">
     <span class='ocr_line' id='line_1_76' title="bbox 1400 1396 2399 1466; baseline 0.002 -21"><span class='ocrx_word' id='word_1_441' title='bbox 1400 1397 1531 1446; x_wconf 76' lang='lat' dir='ltr'>sacrae</span> <span class='ocrx_word' id='word_1_442' title='bbox 1547 1396 1743 1464; x_wconf 85' lang='lat' dir='ltr'>Congreg.</span> <span class='ocrx_word' id='word_1_443' title='bbox 1762 1396 2048 1462; x_wconf 78' lang='lat' dir='ltr'>Epifioporum</span> <span class='ocrx_word' id='word_1_444' title='bbox 2062 1433 2079 1456; x_wconf 93' lang='lat'>,</span> <span class='ocrx_word' id='word_1_445' title='bbox 2097 1399 2151 1446; x_wconf 59' lang='grc' dir='ltr'><em>Φ</em></span> <span class='ocrx_word' id='word_1_446' title='bbox 2172 1397 2399 1466; x_wconf 66' lang='lat' dir='ltr'>Regulam·-</span> 
     </span>
    </p>
   </div>
   <div class='ocr_carea' id='block_1_16' title="bbox 1369 1480 2403 1617">
    <p class='ocr_par' dir='ltr' id='par_1_17' title="bbox 1369 1480 2403 1617">
     <span class='ocr_line' id='line_1_77' title="bbox 1369 1480 2403 1542; baseline 0.003 -11"><span class='ocrx_word' id='word_1_447' title='bbox 1369 1481 1607 1531; x_wconf 83' lang='lat' dir='ltr'>Cadavera</span> <span class='ocrx_word' id='word_1_448' title='bbox 1624 1481 1907 1542; x_wconf 64' lang='lat' dir='ltr'>Secularium</span> <span class='ocrx_word' id='word_1_449' title='bbox 1925 1517 1940 1539; x_wconf 92' lang='lat'><strong>,</strong></span> <span class='ocrx_word' id='word_1_450' title='bbox 1955 1482 2132 1533; x_wconf 85' lang='lat' dir='ltr'>Habitu</span> <span class='ocrx_word' id='word_1_451' title='bbox 2155 1483 2294 1535; x_wconf 88' lang='lat' dir='ltr'>nostri</span> <span class='ocrx_word' id='word_1_452' title='bbox 2307 1480 2403 1534; x_wconf 56' lang='lat' dir='ltr'>Or:</span> 
     </span>
     <span class='ocr_line' id='line_1_78' title="bbox 1401 1548 2164 1617; baseline 0.004 -17"><span class='ocrx_word' id='word_1_453' title='bbox 1401 1551 1517 1600; x_wconf 89' lang='lat' dir='ltr'>dinis</span> <span class='ocrx_word' id='word_1_454' title='bbox 1538 1548 1687 1599; x_wconf 85' lang='lat' dir='ltr'>vestiri</span> <span class='ocrx_word' id='word_1_455' title='bbox 1703 1548 1824 1617; x_wconf 80' lang='lat' dir='ltr'>posse</span> <span class='ocrx_word' id='word_1_456' title='bbox 1831 1585 1848 1607; x_wconf 91' lang='lat'>,</span> <span class='ocrx_word' id='word_1_457' title='bbox 1877 1550 2134 1602; x_wconf 83' lang='lat' dir='ltr'>declaratur</span> <span class='ocrx_word' id='word_1_458' title='bbox 2150 1591 2164 1603; x_wconf 91' lang='lat'>.</span> 
     </span>
    </p>
   </div>
   <div class='ocr_carea' id='block_1_17' title="bbox 1398 1636 2361 1705">
    <p class='ocr_par' dir='ltr' id='par_1_18' title="bbox 1398 1636 2361 1705">
     <span class='ocr_line' id='line_1_79' title="bbox 1398 1636 2361 1705; baseline 0.005 -22"><span class='ocrx_word' id='word_1_459' title='bbox 1398 1636 1717 1700; x_wconf 74' lang='lat' dir='ltr'>Eminentffmi</span> <span class='ocrx_word' id='word_1_460' title='bbox 1732 1665 1748 1692; x_wconf 78' lang='lat'>,</span> <span class='ocrx_word' id='word_1_461' title='bbox 1781 1655 1828 1684; x_wconf 85' lang='lat' dir='ltr'>ac</span> <span class='ocrx_word' id='word_1_462' title='bbox 1843 1637 2141 1705; x_wconf 70' lang='lat' dir='ltr'>Reverendisr.</span> <span class='ocrx_word' id='word_1_463' title='bbox 2160 1640 2361 1690; x_wconf 85' lang='lat' dir='ltr'>Domini.</span> 
     </span>
    </p>
   </div>
   <div class='ocr_carea' id='block_1_18' title="bbox 1451 1738 2613 1853">
    <p class='ocr_par' dir='ltr' id='par_1_19' title="bbox 1451 1738 2613 1853">
     <span class='ocr_line' id='line_1_80' title="bbox 1451 1738 2613 1803; baseline 0.003 -25"><span class='ocrx_word' id='word_1_464' title='bbox 1451 1741 1561 1780; x_wconf 81' lang='lat' dir='ltr'>Ixtus</span> <span class='ocrx_word' id='word_1_465' title='bbox 1588 1740 1608 1778; x_wconf 96' lang='lat' dir='ltr'><strong>I</strong></span> <span class='ocrx_word' id='word_1_466' title='bbox 1624 1740 1676 1779; x_wconf 88' lang='lat' dir='ltr'>V.</span> <span class='ocrx_word' id='word_1_467' title='bbox 1705 1738 1743 1779; x_wconf 90' lang='lat' dir='ltr'>in</span> <span class='ocrx_word' id='word_1_468' title='bbox 1770 1739 2069 1781; x_wconf 87' lang='lat' dir='ltr'>Constitutione</span> <span class='ocrx_word' id='word_1_469' title='bbox 2099 1740 2220 1794; x_wconf 87' lang='lat' dir='ltr'>incip.</span> <span class='ocrx_word' id='word_1_470' title='bbox 2237 1739 2401 1796; x_wconf 84' lang='lat' dir='ltr'><em>Aposto-</em></span> <span class='ocrx_word' id='word_1_471' title='bbox 2419 1759 2613 1803; x_wconf 72' lang='lat' dir='ltr'>LibellusSup-</span> 
     </span>
     <span class='ocr_line' id='line_1_81' title="bbox 1462 1796 2503 1853; baseline 0.002 -14"><span class='ocrx_word' id='word_1_472' title='bbox 1462 1798 1547 1839; x_wconf 70' lang='lat' dir='ltr'>licae</span> <span class='ocrx_word' id='word_1_473' title='bbox 1571 1796 1874 1853; x_wconf 74' lang='lat' dir='ltr'>manfhctudims</span> <span class='ocrx_word' id='word_1_474' title='bbox 1890 1826 1902 1848; x_wconf 84' lang='lat'>‚</span> <span class='ocrx_word' id='word_1_475' title='bbox 1928 1796 2131 1852; x_wconf 82' lang='lat' dir='ltr'>publicata</span> <span class='ocrx_word' id='word_1_476' title='bbox 2153 1812 2257 1840; x_wconf 87' lang='lat' dir='ltr'>anno</span> <span class='ocrx_word' id='word_1_477' title='bbox 2284 1802 2503 1850; x_wconf 69' lang='lat'>1472.1³1‘⁸2</span> 
     </span>
    </p>
   </div>
   <div class='ocr_carea' id='block_1_19' title="bbox 1348 1855 2406 3781">
    <p class='ocr_par' dir='ltr' id='par_1_20' title="bbox 1348 1855 2406 3781">
     <span class='ocr_line' id='line_1_82' title="bbox 1363 1855 2406 1912; baseline -0.001 -13"><span class='ocrx_word' id='word_1_478' title='bbox 1363 1862 1534 1899; x_wconf 86' lang='lat' dir='ltr'>relatam</span> <span class='ocrx_word' id='word_1_479' title='bbox 1549 1857 1569 1896; x_wconf 75' lang='lat' dir='ltr'>a</span> <span class='ocrx_word' id='word_1_480' title='bbox 1587 1855 1757 1910; x_wconf 87' lang='lat' dir='ltr'>Rodriq.</span> <span class='ocrx_word' id='word_1_481' title='bbox 1774 1866 1874 1896; x_wconf 90' lang='lat' dir='ltr'>tom.</span> <span class='ocrx_word' id='word_1_482' title='bbox 1891 1869 1929 1898; x_wconf 88' lang='lat'>2.</span> <span class='ocrx_word' id='word_1_483' title='bbox 1944 1856 2092 1912; x_wconf 77' lang='lat' dir='ltr'>Qiaest·</span> <span class='ocrx_word' id='word_1_484' title='bbox 2108 1855 2259 1912; x_wconf 82' lang='lat' dir='ltr'>Regul.</span> <span class='ocrx_word' id='word_1_485' title='bbox 2278 1869 2319 1912; x_wconf 92' lang='lat' dir='ltr'>q.</span> <span class='ocrx_word' id='word_1_486' title='bbox 2337 1857 2406 1908; x_wconf 87' lang='lat'>76.</span> 
     </span>
     <span class='ocr_line' id='line_1_83' title="bbox 1362 1913 2404 1969; baseline -0.001 -11"><span class='ocrx_word' id='word_1_487' title='bbox 1362 1930 1398 1958; x_wconf 85' lang='lat' dir='ltr'>a.</span> <span class='ocrx_word' id='word_1_488' title='bbox 1415 1918 1452 1956; x_wconf 91' lang='lat'>8.</span> <span class='ocrx_word' id='word_1_489' title='bbox 1467 1944 1482 1964; x_wconf 85' lang='lat'>‚</span> <span class='ocrx_word' id='word_1_490' title='bbox 1510 1929 1628 1968; x_wconf 86' lang='lat' dir='ltr'>quam</span> <span class='ocrx_word' id='word_1_491' title='bbox 1645 1915 1664 1954; x_wconf 74' lang='lat' dir='ltr'>a</span> <span class='ocrx_word' id='word_1_492' title='bbox 1683 1913 1907 1956; x_wconf 86' lang='lat' dir='ltr'>Casarubio</span> <span class='ocrx_word' id='word_1_493' title='bbox 1922 1914 1962 1955; x_wconf 86' lang='lat' dir='ltr'>in</span> <span class='ocrx_word' id='word_1_494' title='bbox 1977 1915 2225 1968; x_wconf 88' lang='lat' dir='ltr'>compendio</span> <span class='ocrx_word' id='word_1_495' title='bbox 2236 1914 2404 1969; x_wconf 84' lang='lat' dir='ltr'>privile-</span> 
     </span>
     <span class='ocr_line' id='line_1_84' title="bbox 1362 1972 2404 2028; baseline -0.002 -12"><span class='ocrx_word' id='word_1_496' title='bbox 1362 1976 1519 2028; x_wconf 87' lang='lat' dir='ltr'>giorum</span> <span class='ocrx_word' id='word_1_497' title='bbox 1547 1972 1863 2015; x_wconf 88' lang='lat' dir='ltr'>Mendicantium</span> <span class='ocrx_word' id='word_1_498' title='bbox 1883 1999 1898 2021; x_wconf 83' lang='lat'>‚</span> <span class='ocrx_word' id='word_1_499' title='bbox 1930 1972 2055 2013; x_wconf 86' lang='lat' dir='ltr'>Verb-</span> <span class='ocrx_word' id='word_1_500' title='bbox 2091 1972 2260 2015; x_wconf 76' lang='lat' dir='ltr'>Habuus</span> <span class='ocrx_word' id='word_1_501' title='bbox 2290 1987 2328 2013; x_wconf 93' lang='lat' dir='ltr'>n.</span> <span class='ocrx_word' id='word_1_502' title='bbox 2361 1987 2404 2028; x_wconf 87' lang='lat'>3.</span> 
     </span>
     <span class='ocr_line' id='line_1_85' title="bbox 1362 2029 2403 2088; baseline -0.002 -14"><span class='ocrx_word' id='word_1_503' title='bbox 1362 2046 1451 2088; x_wconf 87' lang='lat' dir='ltr'>pag.</span> <span class='ocrx_word' id='word_1_504' title='bbox 1466 2032 1563 2073; x_wconf 90' lang='lat' dir='ltr'>mihi</span> <span class='ocrx_word' id='word_1_505' title='bbox 1580 2034 1650 2073; x_wconf 89' lang='lat'>68.</span> <span class='ocrx_word' id='word_1_506' title='bbox 1665 2033 1704 2071; x_wconf 93' lang='lat'>&amp;</span> <span class='ocrx_word' id='word_1_507' title='bbox 1717 2032 1787 2086; x_wconf 90' lang='lat'>69.</span> <span class='ocrx_word' id='word_1_508' title='bbox 1804 2060 1817 2082; x_wconf 81' lang='lat'><strong>,</strong></span> <span class='ocrx_word' id='word_1_509' title='bbox 1833 2029 2021 2073; x_wconf 87' lang='lat' dir='ltr'>fidelibus</span> <span class='ocrx_word' id='word_1_510' title='bbox 2039 2030 2260 2079; x_wconf 70' lang='lat' dir='ltr'>concessu,</span> <span class='ocrx_word' id='word_1_511' title='bbox 2274 2032 2403 2086; x_wconf 62' lang='lat' dir='ltr'>quod,</span> 
     </span>
     <span class='ocr_line' id='line_1_86' title="bbox 1360 2089 2404 2145; baseline -0.001 -13"><span class='ocrx_word' id='word_1_512' title='bbox 1360 2093 1387 2132; x_wconf 89' lang='lat' dir='ltr'>si</span> <span class='ocrx_word' id='word_1_513' title='bbox 1401 2106 1489 2132; x_wconf 88' lang='lat' dir='ltr'>cum</span> <span class='ocrx_word' id='word_1_514' title='bbox 1508 2091 1660 2133; x_wconf 87' lang='lat' dir='ltr'>Habitu</span> <span class='ocrx_word' id='word_1_515' title='bbox 1686 2092 1878 2131; x_wconf 87' lang='lat' dir='ltr'>Fratrum</span> <span class='ocrx_word' id='word_1_516' title='bbox 1893 2090 2094 2130; x_wconf 89' lang='lat' dir='ltr'>Minorum</span> <span class='ocrx_word' id='word_1_517' title='bbox 2116 2089 2267 2132; x_wconf 89' lang='lat' dir='ltr'>vellent</span> <span class='ocrx_word' id='word_1_518' title='bbox 2290 2089 2404 2145; x_wconf 85' lang='lat' dir='ltr'>sepe-</span> 
     </span>
     <span class='ocr_line' id='line_1_87' title="bbox 1361 2147 2401 2201; baseline -0.002 -10"><span class='ocrx_word' id='word_1_519' title='bbox 1361 2149 1424 2191; x_wconf 89' lang='lat' dir='ltr'>liri</span> <span class='ocrx_word' id='word_1_520' title='bbox 1443 2179 1456 2201; x_wconf 79' lang='lat'>,</span> <span class='ocrx_word' id='word_1_521' title='bbox 1487 2151 1527 2191; x_wconf 92' lang='lat' dir='ltr'>id</span> <span class='ocrx_word' id='word_1_522' title='bbox 1541 2178 1554 2200; x_wconf 79' lang='lat'><strong>,</strong></span> <span class='ocrx_word' id='word_1_523' title='bbox 1583 2150 1708 2192; x_wconf 87' lang='lat' dir='ltr'>etiam</span> <span class='ocrx_word' id='word_1_524' title='bbox 1733 2158 1874 2191; x_wconf 87' lang='lat' dir='ltr'>contra</span> <span class='ocrx_word' id='word_1_525' title='bbox 1911 2147 2163 2190; x_wconf 87' lang='lat' dir='ltr'>voluntatem</span> <span class='ocrx_word' id='word_1_526' title='bbox 2191 2150 2401 2190; x_wconf 82' lang='lat' dir='ltr'>Parocho-</span> 
     </span>
     <span class='ocr_line' id='line_1_88' title="bbox 1367 2205 2402 2263; baseline -0.003 -12"><span class='ocrx_word' id='word_1_527' title='bbox 1367 2222 1471 2259; x_wconf 77' lang='lat' dir='ltr'>rum,</span> <span class='ocrx_word' id='word_1_528' title='bbox 1483 2207 1616 2252; x_wconf 87' lang='lat' dir='ltr'>facere</span> <span class='ocrx_word' id='word_1_529' title='bbox 1633 2205 1783 2263; x_wconf 81' lang='lat' dir='ltr'>possent</span> <span class='ocrx_word' id='word_1_530' title='bbox 1799 2234 1813 2257; x_wconf 64' lang='lat' dir='ltr'>a</span> <span class='ocrx_word' id='word_1_531' title='bbox 1827 2207 2116 2263; x_wconf 89' lang='lat' dir='ltr'>prohibuitque</span> <span class='ocrx_word' id='word_1_532' title='bbox 2133 2206 2308 2250; x_wconf 85' lang='lat' dir='ltr'>Praelatis</span> <span class='ocrx_word' id='word_1_533' title='bbox 2324 2234 2337 2257; x_wconf 87' lang='lat'>,</span> <span class='ocrx_word' id='word_1_534' title='bbox 2360 2207 2402 2248; x_wconf 91' lang='lat'>&amp;</span> 
     </span>
     <span class='ocr_line' id='line_1_89' title="bbox 1367 2259 2402 2319; baseline -0.004 -10"><span class='ocrx_word' id='word_1_535' title='bbox 1367 2267 1635 2311; x_wconf 82' lang='lat' dir='ltr'>Ecclefiarum</span> <span class='ocrx_word' id='word_1_536' title='bbox 1651 2266 1890 2308; x_wconf 75' lang='lat' dir='ltr'>Rec‘toribus</span> <span class='ocrx_word' id='word_1_537' title='bbox 1907 2259 1975 2307; x_wconf 87' lang='lat' dir='ltr'>sub</span> <span class='ocrx_word' id='word_1_538' title='bbox 1990 2279 2108 2319; x_wconf 87' lang='lat' dir='ltr'>poena</span> <span class='ocrx_word' id='word_1_539' title='bbox 2125 2265 2402 2307; x_wconf 86' lang='lat' dir='ltr'>excommuni-</span> 
     </span>
     <span class='ocr_line' id='line_1_90' title="bbox 1365 2323 2399 2381; baseline -0.003 -15"><span class='ocrx_word' id='word_1_540' title='bbox 1365 2326 1535 2368; x_wconf 89' lang='lat' dir='ltr'>cationis</span> <span class='ocrx_word' id='word_1_541' title='bbox 1563 2330 1675 2381; x_wconf 85' lang='lat' dir='ltr'>Papae</span> <span class='ocrx_word' id='word_1_542' title='bbox 1704 2324 1915 2367; x_wconf 81' lang='lat' dir='ltr'>reservata:</span> <span class='ocrx_word' id='word_1_543' title='bbox 1937 2355 1952 2375; x_wconf 88' lang='lat'>,</span> <span class='ocrx_word' id='word_1_544' title='bbox 1980 2337 2030 2366; x_wconf 89' lang='lat' dir='ltr'>ne</span> <span class='ocrx_word' id='word_1_545' title='bbox 2056 2323 2097 2366; x_wconf 90' lang='lat' dir='ltr'>id</span> <span class='ocrx_word' id='word_1_546' title='bbox 2122 2324 2363 2379; x_wconf 87' lang='lat' dir='ltr'>impedirent</span> <span class='ocrx_word' id='word_1_547' title='bbox 2385 2349 2399 2364; x_wconf 93' lang='lat'>.</span> 
     </span>
     <span class='ocr_line' id='line_1_91' title="bbox 1366 2381 2395 2441; baseline -0.001 -15"><span class='ocrx_word' id='word_1_548' title='bbox 1366 2384 1482 2426; x_wconf 90' lang='lat' dir='ltr'>Idem</span> <span class='ocrx_word' id='word_1_549' title='bbox 1494 2398 1655 2441; x_wconf 91' lang='lat' dir='ltr'>quoque</span> <span class='ocrx_word' id='word_1_550' title='bbox 1671 2388 1855 2435; x_wconf 84' lang='lat' dir='ltr'>Summus</span> <span class='ocrx_word' id='word_1_551' title='bbox 1872 2381 2060 2425; x_wconf 86' lang='lat' dir='ltr'>Pontifex</span> <span class='ocrx_word' id='word_1_552' title='bbox 2076 2384 2113 2425; x_wconf 91' lang='lat' dir='ltr'>in</span> <span class='ocrx_word' id='word_1_553' title='bbox 2130 2382 2245 2425; x_wconf 89' lang='lat' dir='ltr'>Bulla</span> <span class='ocrx_word' id='word_1_554' title='bbox 2257 2396 2395 2432; x_wconf 80' lang='lat' dir='ltr'>aurea,</span> 
     </span>
     <span class='ocr_line' id='line_1_92' title="bbox 1363 2440 2399 2497; baseline -0.002 -15"><span class='ocrx_word' id='word_1_555' title='bbox 1363 2442 1484 2497; x_wconf 87' lang='lat' dir='ltr'>incip.</span> <span class='ocrx_word' id='word_1_556' title='bbox 1505 2447 1617 2485; x_wconf 80' lang='lat' dir='ltr'>Sacri</span> <span class='ocrx_word' id='word_1_557' title='bbox 1634 2444 1938 2485; x_wconf 65' lang='lat' dir='ltr'>Fra-dicatorum</span> <span class='ocrx_word' id='word_1_558' title='bbox 1959 2470 1973 2492; x_wconf 69' lang='lat' dir='ltr'>a</span> <span class='ocrx_word' id='word_1_559' title='bbox 2001 2440 2048 2488; x_wconf 53' lang='grc' dir='ltr'>ἐς</span> <span class='ocrx_word' id='word_1_560' title='bbox 2063 2444 2267 2484; x_wconf 73' lang='lat' dir='ltr'>Minorum</span> <span class='ocrx_word' id='word_1_561' title='bbox 2292 2444 2399 2484; x_wconf 83' lang='lat' dir='ltr'>Fra-</span> 
     </span>
     <span class='ocr_line' id='line_1_93' title="bbox 1363 2497 2401 2550; baseline -0.002 -10"><span class='ocrx_word' id='word_1_562' title='bbox 1363 2509 1472 2540; x_wconf 84' lang='lat' dir='ltr'>trum</span> <span class='ocrx_word' id='word_1_563' title='bbox 1487 2502 1651 2542; x_wconf 80' lang='lat' dir='ltr'>Oadincs</span> <span class='ocrx_word' id='word_1_564' title='bbox 1664 2529 1679 2550; x_wconf 76' lang='grc'><strong>,</strong></span> <span class='ocrx_word' id='word_1_565' title='bbox 1706 2499 1894 2542; x_wconf 65' lang='lat' dir='ltr'>emanata</span> <span class='ocrx_word' id='word_1_566' title='bbox 1908 2515 1967 2542; x_wconf 86' lang='lat' dir='ltr'>an.</span> <span class='ocrx_word' id='word_1_567' title='bbox 1991 2511 2111 2550; x_wconf 85' lang='lat'>1479.</span> <span class='ocrx_word' id='word_1_568' title='bbox 2126 2528 2141 2549; x_wconf 76' lang='lat'>‚</span> <span class='ocrx_word' id='word_1_569' title='bbox 2171 2502 2230 2541; x_wconf 88' lang='lat' dir='ltr'>uti</span> <span class='ocrx_word' id='word_1_570' title='bbox 2258 2497 2401 2540; x_wconf 88' lang='lat' dir='ltr'>videre</span> 
     </span>
     <span class='ocr_line' id='line_1_94' title="bbox 1361 2556 2402 2612; baseline -0.003 -13"><span class='ocrx_word' id='word_1_571' title='bbox 1361 2558 1418 2599; x_wconf 92' lang='lat' dir='ltr'>est</span> <span class='ocrx_word' id='word_1_572' title='bbox 1443 2557 1480 2599; x_wconf 87' lang='lat' dir='ltr'>in</span> <span class='ocrx_word' id='word_1_573' title='bbox 1515 2558 1696 2600; x_wconf 86' lang='lat' dir='ltr'>Bullario</span> <span class='ocrx_word' id='word_1_574' title='bbox 1718 2560 1835 2600; x_wconf 90' lang='lat' dir='ltr'>Tom.</span> <span class='ocrx_word' id='word_1_575' title='bbox 1860 2558 1992 2612; x_wconf 88' lang='lat' dir='ltr'>primo</span> <span class='ocrx_word' id='word_1_576' title='bbox 2004 2570 2091 2610; x_wconf 88' lang='lat' dir='ltr'>pag.</span> <span class='ocrx_word' id='word_1_577' title='bbox 2109 2570 2201 2610; x_wconf 84' lang='lat'>322.</span> <span class='ocrx_word' id='word_1_578' title='bbox 2217 2587 2232 2608; x_wconf 79' lang='lat'>‚</span> <span class='ocrx_word' id='word_1_579' title='bbox 2263 2556 2402 2611; x_wconf 85' lang='lat' dir='ltr'>praeci-</span> 
     </span>
     <span class='ocr_line' id='line_1_95' title="bbox 1360 2613 2400 2671; baseline -0.001 -15"><span class='ocrx_word' id='word_1_580' title='bbox 1360 2617 1420 2671; x_wconf 84' lang='lat' dir='ltr'>pit</span> <span class='ocrx_word' id='word_1_581' title='bbox 1436 2644 1451 2666; x_wconf 79' lang='lat'>‚</span> <span class='ocrx_word' id='word_1_582' title='bbox 1467 2626 1510 2658; x_wconf 93' lang='lat' dir='ltr'>ut</span> <span class='ocrx_word' id='word_1_583' title='bbox 1532 2617 1706 2659; x_wconf 90' lang='lat' dir='ltr'>Habitus</span> <span class='ocrx_word' id='word_1_584' title='bbox 1722 2613 1959 2657; x_wconf 87' lang='lat' dir='ltr'>conferatur</span> <span class='ocrx_word' id='word_1_585' title='bbox 1976 2613 2132 2660; x_wconf 71' lang='lat' dir='ltr'>aPatre</span> <span class='ocrx_word' id='word_1_586' title='bbox 2148 2615 2400 2658; x_wconf 86' lang='lat' dir='ltr'>Guardiano.</span> 
     </span>
     <span class='ocr_line' id='line_1_96' title="bbox 1359 2673 2399 2729; baseline -0.004 -13"><span class='ocrx_word' id='word_1_587' title='bbox 1359 2674 1554 2717; x_wconf 89' lang='lat' dir='ltr'>Gaudent</span> <span class='ocrx_word' id='word_1_588' title='bbox 1583 2677 1712 2716; x_wconf 90' lang='lat' dir='ltr'>hocce</span> <span class='ocrx_word' id='word_1_589' title='bbox 1738 2673 1950 2729; x_wconf 87' lang='lat' dir='ltr'>privilegio</span> <span class='ocrx_word' id='word_1_590' title='bbox 1977 2673 2172 2727; x_wconf 88' lang='lat' dir='ltr'>Capucini</span> <span class='ocrx_word' id='word_1_591' title='bbox 2190 2687 2264 2728; x_wconf 88' lang='lat' dir='ltr'>per</span> <span class='ocrx_word' id='word_1_592' title='bbox 2283 2686 2399 2714; x_wconf 89' lang='lat' dir='ltr'>corn-</span> 
     </span>
     <span class='ocr_line' id='line_1_97' title="bbox 1360 2731 2399 2788; baseline -0.002 -15"><span class='ocrx_word' id='word_1_593' title='bbox 1360 2734 1673 2776; x_wconf 86' lang='lat' dir='ltr'>municationem</span> <span class='ocrx_word' id='word_1_594' title='bbox 1698 2733 2011 2788; x_wconf 85' lang='lat' dir='ltr'>privilegiorum</span> <span class='ocrx_word' id='word_1_595' title='bbox 2040 2733 2227 2773; x_wconf 72' lang='lat' dir='ltr'>fratrum</span> <span class='ocrx_word' id='word_1_596' title='bbox 2262 2731 2399 2772; x_wconf 90' lang='lat' dir='ltr'>Mino-</span> 
     </span>
     <span class='ocr_line' id='line_1_98' title="bbox 1356 2786 2398 2846; baseline -0.002 -13"><span class='ocrx_word' id='word_1_597' title='bbox 1356 2807 1445 2833; x_wconf 88' lang='lat' dir='ltr'>rum</span> <span class='ocrx_word' id='word_1_598' title='bbox 1458 2820 1472 2841; x_wconf 81' lang='lat'>‚</span> <span class='ocrx_word' id='word_1_599' title='bbox 1513 2790 1682 2846; x_wconf 87' lang='lat' dir='ltr'>ipsorum</span> <span class='ocrx_word' id='word_1_600' title='bbox 1702 2791 1850 2833; x_wconf 90' lang='lat' dir='ltr'>Ordini</span> <span class='ocrx_word' id='word_1_601' title='bbox 1881 2786 2103 2831; x_wconf 82' lang='lat' dir='ltr'>concessam</span> <span class='ocrx_word' id='word_1_602' title='bbox 2128 2788 2148 2829; x_wconf 74' lang='grc' dir='ltr'>εὶ</span> <span class='ocrx_word' id='word_1_603' title='bbox 2179 2790 2398 2832; x_wconf 88' lang='lat' dir='ltr'>Clemente</span> 
     </span>
     <span class='ocr_line' id='line_1_99' title="bbox 1357 2847 2397 2904; baseline -0.006 -10"><span class='ocrx_word' id='word_1_604' title='bbox 1357 2854 1463 2904; x_wconf 86' lang='lat' dir='ltr'>Papa</span> <span class='ocrx_word' id='word_1_605' title='bbox 1499 2851 1596 2892; x_wconf 86' lang='lat' dir='ltr'>VII.</span> <span class='ocrx_word' id='word_1_606' title='bbox 1622 2851 1663 2890; x_wconf 90' lang='lat' dir='ltr'>in</span> <span class='ocrx_word' id='word_1_607' title='bbox 1692 2847 1998 2891; x_wconf 88' lang='lat' dir='ltr'>Constitutione</span> <span class='ocrx_word' id='word_1_608' title='bbox 2025 2847 2148 2901; x_wconf 89' lang='lat' dir='ltr'>incip.</span> <span class='ocrx_word' id='word_1_609' title='bbox 2184 2849 2397 2902; x_wconf 69' lang='lat' dir='ltr'>ReligIonis</span> 
     </span>
     <span class='ocr_line' id='line_1_100' title="bbox 1359 2905 2397 2964; baseline -0.003 -13"><span class='ocrx_word' id='word_1_610' title='bbox 1359 2909 1503 2960; x_wconf 72' lang='lat' dir='ltr'>zelus,</span> <span class='ocrx_word' id='word_1_611' title='bbox 1529 2908 1735 2964; x_wconf 86' lang='lat' dir='ltr'>publicata</span> <span class='ocrx_word' id='word_1_612' title='bbox 1757 2921 1847 2949; x_wconf 90' lang='lat' dir='ltr'>ann.</span> <span class='ocrx_word' id='word_1_613' title='bbox 1883 2908 2003 2954; x_wconf 86' lang='lat'>1528.</span> <span class='ocrx_word' id='word_1_614' title='bbox 2044 2905 2167 2947; x_wconf 87' lang='lat' dir='ltr'>citata</span> <span class='ocrx_word' id='word_1_615' title='bbox 2195 2905 2234 2947; x_wconf 89' lang='lat' dir='ltr'>in</span> <span class='ocrx_word' id='word_1_616' title='bbox 2262 2906 2397 2949; x_wconf 85' lang='lat' dir='ltr'>Bulla-</span> 
     </span>
     <span class='ocr_line' id='line_1_101' title="bbox 1356 2962 2396 3023; baseline -0.004 -15"><span class='ocrx_word' id='word_1_617' title='bbox 1356 2968 1416 3009; x_wconf 90' lang='lat' dir='ltr'>rio</span> <span class='ocrx_word' id='word_1_618' title='bbox 1433 2977 1531 3008; x_wconf 89' lang='lat' dir='ltr'>tom.</span> <span class='ocrx_word' id='word_1_619' title='bbox 1553 2981 1586 3008; x_wconf 84' lang='grc' dir='ltr'>ι.</span> <span class='ocrx_word' id='word_1_620' title='bbox 1599 2980 1688 3023; x_wconf 83' lang='lat' dir='ltr'>pag.</span> <span class='ocrx_word' id='word_1_621' title='bbox 1703 2978 1800 3021; x_wconf 87' lang='lat'>492.</span> <span class='ocrx_word' id='word_1_622' title='bbox 1818 2994 1831 3016; x_wconf 84' lang='lat'>,</span> <span class='ocrx_word' id='word_1_623' title='bbox 1847 2967 1886 3007; x_wconf 91' lang='lat'>&amp;</span> <span class='ocrx_word' id='word_1_624' title='bbox 1901 2962 2135 3007; x_wconf 84' lang='lat' dir='ltr'>confirmata</span> <span class='ocrx_word' id='word_1_625' title='bbox 2149 2978 2254 3006; x_wconf 90' lang='lat' dir='ltr'>anno</span> <span class='ocrx_word' id='word_1_626' title='bbox 2273 2965 2396 3019; x_wconf 83' lang='lat'>1636.</span> 
     </span>
     <span class='ocr_line' id='line_1_102' title="bbox 1354 3023 2396 3077; baseline -0.006 -9"><span class='ocrx_word' id='word_1_627' title='bbox 1354 3026 1375 3068; x_wconf 72' lang='lat' dir='ltr'>a</span> <span class='ocrx_word' id='word_1_628' title='bbox 1390 3026 1515 3069; x_wconf 89' lang='lat' dir='ltr'>Paulo</span> <span class='ocrx_word' id='word_1_629' title='bbox 1528 3027 1605 3068; x_wconf 88' lang='lat'>111.</span> <span class='ocrx_word' id='word_1_630' title='bbox 1629 3025 1932 3068; x_wconf 87' lang='lat' dir='ltr'>Constitutione</span> <span class='ocrx_word' id='word_1_631' title='bbox 1947 3023 2067 3077; x_wconf 86' lang='lat' dir='ltr'>incip.</span> <span class='ocrx_word' id='word_1_632' title='bbox 2086 3025 2235 3076; x_wconf 77' lang='lat' dir='ltr'>Exponl</span> <span class='ocrx_word' id='word_1_633' title='bbox 2247 3025 2368 3064; x_wconf 75' lang='lat' dir='ltr'>Nobis</span> <span class='ocrx_word' id='word_1_634' title='bbox 2381 3051 2396 3073; x_wconf 86' lang='lat'>‚</span> 
     </span>
     <span class='ocr_line' id='line_1_103' title="bbox 1353 3080 2393 3140; baseline -0.008 -14"><span class='ocrx_word' id='word_1_635' title='bbox 1353 3085 1482 3128; x_wconf 82' lang='lat' dir='ltr'>relata</span> <span class='ocrx_word' id='word_1_636' title='bbox 1508 3084 1659 3140; x_wconf 85' lang='lat' dir='ltr'>pariter</span> <span class='ocrx_word' id='word_1_637' title='bbox 1685 3084 1726 3124; x_wconf 90' lang='lat' dir='ltr'>in</span> <span class='ocrx_word' id='word_1_638' title='bbox 1754 3081 1934 3123; x_wconf 88' lang='lat' dir='ltr'>Bullario</span> <span class='ocrx_word' id='word_1_639' title='bbox 1961 3083 2008 3122; x_wconf 89' lang='lat' dir='ltr'>T.</span> <span class='ocrx_word' id='word_1_640' title='bbox 2027 3080 2157 3133; x_wconf 87' lang='lat' dir='ltr'>primo</span> <span class='ocrx_word' id='word_1_641' title='bbox 2185 3094 2274 3134; x_wconf 87' lang='lat' dir='ltr'>pag.</span> <span class='ocrx_word' id='word_1_642' title='bbox 2298 3093 2393 3131; x_wconf 71' lang='lat'>52³·</span> 
     </span>
     <span class='ocr_line' id='line_1_104' title="bbox 1352 3133 2394 3199; baseline -0.006 -13"><span class='ocrx_word' id='word_1_643' title='bbox 1352 3147 1652 3199; x_wconf 69' lang='lat' dir='ltr'>Praeterquam,</span> <span class='ocrx_word' id='word_1_644' title='bbox 1672 3139 1780 3195; x_wconf 89' lang='lat' dir='ltr'>quod</span> <span class='ocrx_word' id='word_1_645' title='bbox 1796 3133 2001 3194; x_wconf 83' lang='lat' dir='ltr'>Capucini</span> <span class='ocrx_word' id='word_1_646' title='bbox 2013 3137 2125 3193; x_wconf 82' lang='lat' dir='ltr'>juxta</span> <span class='ocrx_word' id='word_1_647' title='bbox 2144 3137 2394 3181; x_wconf 82' lang='lat' dir='ltr'>declaratio-</span> 
     </span>
     <span class='ocr_line' id='line_1_105' title="bbox 1349 3195 2393 3250; baseline -0.007 -5"><span class='ocrx_word' id='word_1_648' title='bbox 1349 3216 1444 3246; x_wconf 89' lang='lat' dir='ltr'>nem</span> <span class='ocrx_word' id='word_1_649' title='bbox 1459 3211 1543 3244; x_wconf 88' lang='lat' dir='ltr'>tum</span> <span class='ocrx_word' id='word_1_650' title='bbox 1558 3199 1671 3242; x_wconf 90' lang='lat' dir='ltr'>Pauli</span> <span class='ocrx_word' id='word_1_651' title='bbox 1687 3200 1738 3241; x_wconf 92' lang='lat' dir='ltr'>V.</span> <span class='ocrx_word' id='word_1_652' title='bbox 1764 3199 1803 3240; x_wconf 90' lang='lat' dir='ltr'>in</span> <span class='ocrx_word' id='word_1_653' title='bbox 1821 3197 1934 3240; x_wconf 86' lang='lat' dir='ltr'>Bulla</span> <span class='ocrx_word' id='word_1_654' title='bbox 1950 3195 2121 3250; x_wconf 66' lang='lat' dir='ltr'>Ecclesia·</span> <span class='ocrx_word' id='word_1_655' title='bbox 2139 3197 2364 3239; x_wconf 82' lang='lat' dir='ltr'>Militantis</span> <span class='ocrx_word' id='word_1_656' title='bbox 2377 3226 2393 3248; x_wconf 84' lang='lat'>.‚</span> 
     </span>
     <span class='ocr_line' id='line_1_106' title="bbox 1349 3256 2392 3320; baseline -0.007 -16"><span class='ocrx_word' id='word_1_657' title='bbox 1349 3259 1472 3320; x_wconf 77' lang='lat' dir='ltr'>posita</span> <span class='ocrx_word' id='word_1_658' title='bbox 1487 3261 1525 3302; x_wconf 89' lang='lat' dir='ltr'>in</span> <span class='ocrx_word' id='word_1_659' title='bbox 1541 3259 1690 3302; x_wconf 86' lang='lat' dir='ltr'>Bullar-</span> <span class='ocrx_word' id='word_1_660' title='bbox 1707 3258 1996 3312; x_wconf 80' lang='lat' dir='ltr'>T-3.pag.t78.</span> <span class='ocrx_word' id='word_1_661' title='bbox 2011 3256 2253 3297; x_wconf 85' lang='lat' dir='ltr'>tumUrbani</span> <span class='ocrx_word' id='word_1_662' title='bbox 2272 3257 2392 3297; x_wconf 87' lang='lat' dir='ltr'><strong>VIII.</strong></span> 
     </span>
     <span class='ocr_line' id='line_1_107' title="bbox 1351 3313 2392 3368; baseline -0.006 -6"><span class='ocrx_word' id='word_1_663' title='bbox 1351 3322 1391 3362; x_wconf 91' lang='lat' dir='ltr'>in</span> <span class='ocrx_word' id='word_1_664' title='bbox 1408 3317 1524 3361; x_wconf 83' lang='lat' dir='ltr'>Bulla</span> <span class='ocrx_word' id='word_1_665' title='bbox 1541 3319 1774 3366; x_wconf 76' lang='lat' dir='ltr'>salvatoris,</span> <span class='ocrx_word' id='word_1_666' title='bbox 1788 3315 1899 3361; x_wconf 78' lang='lat' dir='ltr'>edita</span> <span class='ocrx_word' id='word_1_667' title='bbox 1919 3313 2166 3357; x_wconf 83' lang='lat' dir='ltr'>1621.citata</span> <span class='ocrx_word' id='word_1_668' title='bbox 2182 3314 2337 3368; x_wconf 89' lang='lat' dir='ltr'>pariter</span> <span class='ocrx_word' id='word_1_669' title='bbox 2349 3316 2392 3357; x_wconf 85' lang='lat' dir='ltr'>in</span> 
     </span>
     <span class='ocr_line' id='line_1_108' title="bbox 1351 3373 2391 3432; baseline -0.007 -11"><span class='ocrx_word' id='word_1_670' title='bbox 1351 3377 1531 3421; x_wconf 88' lang='lat' dir='ltr'>Bullario</span> <span class='ocrx_word' id='word_1_671' title='bbox 1545 3377 1809 3432; x_wconf 73' lang='lat' dir='ltr'>T&#39;.4.pag.85.</span> <span class='ocrx_word' id='word_1_672' title='bbox 1823 3377 1894 3417; x_wconf 87' lang='lat' dir='ltr'>fint</span> <span class='ocrx_word' id='word_1_673' title='bbox 1913 3374 1995 3416; x_wconf 88' lang='lat' dir='ltr'>veri</span> <span class='ocrx_word' id='word_1_674' title='bbox 2012 3375 2175 3416; x_wconf 86' lang='lat' dir='ltr'>Fratres</span> <span class='ocrx_word' id='word_1_675' title='bbox 2192 3373 2391 3415; x_wconf 89' lang='lat' dir='ltr'>Minores.</span> 
     </span>
     <span class='ocr_line' id='line_1_109' title="bbox 1350 3430 2389 3491; baseline -0.006 -11"><span class='ocrx_word' id='word_1_676' title='bbox 1350 3441 1459 3480; x_wconf 89' lang='lat' dir='ltr'>Cum</span> <span class='ocrx_word' id='word_1_677' title='bbox 1474 3445 1609 3478; x_wconf 90' lang='lat' dir='ltr'>autem</span> <span class='ocrx_word' id='word_1_678' title='bbox 1627 3449 1702 3491; x_wconf 90' lang='lat' dir='ltr'>per</span> <span class='ocrx_word' id='word_1_679' title='bbox 1715 3433 1892 3490; x_wconf 90' lang='lat' dir='ltr'>publicas</span> <span class='ocrx_word' id='word_1_680' title='bbox 1918 3430 2069 3486; x_wconf 83' lang='lat' dir='ltr'>plateas</span> <span class='ocrx_word' id='word_1_681' title='bbox 2085 3460 2099 3481; x_wconf 85' lang='lat'>‚</span> <span class='ocrx_word' id='word_1_682' title='bbox 2133 3431 2173 3471; x_wconf 88' lang='lat'>&amp;</span> <span class='ocrx_word' id='word_1_683' title='bbox 2188 3430 2389 3475; x_wconf 84' lang='lat' dir='ltr'>Ecclesias</span> 
     </span>
     <span class='ocr_line' id='line_1_110' title="bbox 1349 3490 2389 3552; baseline -0.005 -15"><span class='ocrx_word' id='word_1_684' title='bbox 1349 3494 1604 3552; x_wconf 83' lang='lat' dir='ltr'>quorundam</span> <span class='ocrx_word' id='word_1_685' title='bbox 1618 3494 1801 3537; x_wconf 83' lang='lat' dir='ltr'>locorum</span> <span class='ocrx_word' id='word_1_686' title='bbox 1823 3490 2021 3534; x_wconf 85' lang='lat' dir='ltr'>cadavera</span> <span class='ocrx_word' id='word_1_687' title='bbox 2051 3490 2201 3532; x_wconf 88' lang='lat' dir='ltr'>Habitu</span> <span class='ocrx_word' id='word_1_688' title='bbox 2218 3518 2231 3539; x_wconf 84' lang='lat'>,</span> <span class='ocrx_word' id='word_1_689' title='bbox 2264 3504 2389 3545; x_wconf 90' lang='lat' dir='ltr'>quem</span> 
     </span>
     <span class='ocr_line' id='line_1_111' title="bbox 1349 3547 2386 3608; baseline -0.006 -12"><span class='ocrx_word' id='word_1_690' title='bbox 1349 3554 1546 3608; x_wconf 88' lang='lat' dir='ltr'>Capucini</span> <span class='ocrx_word' id='word_1_691' title='bbox 1560 3567 1608 3596; x_wconf 88' lang='lat' dir='ltr'>ex</span> <span class='ocrx_word' id='word_1_692' title='bbox 1624 3551 1846 3594; x_wconf 87' lang='lat' dir='ltr'>devotione</span> <span class='ocrx_word' id='word_1_693' title='bbox 1858 3548 2088 3606; x_wconf 87' lang='lat' dir='ltr'>petentibus</span> <span class='ocrx_word' id='word_1_694' title='bbox 2105 3548 2199 3591; x_wconf 85' lang='lat' dir='ltr'>dare</span> <span class='ocrx_word' id='word_1_695' title='bbox 2217 3547 2344 3591; x_wconf 88' lang='lat' dir='ltr'>solent</span> <span class='ocrx_word' id='word_1_696' title='bbox 2369 3577 2386 3601; x_wconf 78' lang='lat'><strong>,</strong></span> 
     </span>
     <span class='ocr_line' id='line_1_112' title="bbox 1348 3607 2387 3664; baseline -0.005 -10"><span class='ocrx_word' id='word_1_697' title='bbox 1348 3626 1428 3655; x_wconf 90' lang='lat' dir='ltr'>non</span> <span class='ocrx_word' id='word_1_698' title='bbox 1443 3613 1522 3653; x_wconf 87' lang='lat' dir='ltr'>fine</span> <span class='ocrx_word' id='word_1_699' title='bbox 1532 3613 1642 3664; x_wconf 83' lang='lat' dir='ltr'>gravi</span> <span class='ocrx_word' id='word_1_700' title='bbox 1657 3607 1841 3652; x_wconf 86' lang='lat' dir='ltr'>scandalo</span> <span class='ocrx_word' id='word_1_701' title='bbox 1858 3635 1872 3658; x_wconf 79' lang='lat'>,</span> <span class='ocrx_word' id='word_1_702' title='bbox 1887 3620 1971 3662; x_wconf 66' lang='lat' dir='ltr'>⁴nec</span> <span class='ocrx_word' id='word_1_703' title='bbox 1986 3608 2140 3648; x_wconf 88' lang='lat' dir='ltr'>minore</span> <span class='ocrx_word' id='word_1_704' title='bbox 2155 3607 2387 3661; x_wconf 90' lang='lat' dir='ltr'>Capucino-</span> 
     </span>
     <span class='ocr_line' id='line_1_113' title="bbox 1350 3665 2385 3723; baseline -0.004 -12"><span class='ocrx_word' id='word_1_705' title='bbox 1350 3685 1437 3711; x_wconf 87' lang='lat' dir='ltr'>rum</span> <span class='ocrx_word' id='word_1_706' title='bbox 1457 3669 1603 3723; x_wconf 85' lang='lat' dir='ltr'>injuria</span> <span class='ocrx_word' id='word_1_707' title='bbox 1617 3696 1631 3719; x_wconf 87' lang='lat'>‚</span> <span class='ocrx_word' id='word_1_708' title='bbox 1657 3682 1702 3709; x_wconf 87' lang='lat' dir='ltr'>ac</span> <span class='ocrx_word' id='word_1_709' title='bbox 1718 3667 1917 3708; x_wconf 84' lang='lat' dir='ltr'>sacrarum</span> <span class='ocrx_word' id='word_1_710' title='bbox 1945 3665 2249 3708; x_wconf 83' lang='lat' dir='ltr'>Pontificiarum</span> <span class='ocrx_word' id='word_1_711' title='bbox 2270 3669 2385 3708; x_wconf 92' lang='lat' dir='ltr'>Con-</span> 
     </span>
     <span class='ocr_line' id='line_1_114' title="bbox 1348 3724 2380 3781; baseline -0.007 -11"><span class='ocrx_word' id='word_1_712' title='bbox 1348 3728 1598 3770; x_wconf 86' lang='lat' dir='ltr'>stitutionum</span> <span class='ocrx_word' id='word_1_713' title='bbox 1626 3735 1860 3781; x_wconf 86' lang='lat' dir='ltr'>contemptu</span> <span class='ocrx_word' id='word_1_714' title='bbox 1892 3724 2115 3778; x_wconf 89' lang='lat' dir='ltr'>spolientur</span> <span class='ocrx_word' id='word_1_715' title='bbox 2131 3751 2144 3774; x_wconf 74' lang='lat'>³</span> <span class='ocrx_word' id='word_1_716' title='bbox 2175 3733 2293 3779; x_wconf 90' lang='lat' dir='ltr'>prout</span> <span class='ocrx_word' id='word_1_717' title='bbox 2306 3725 2380 3764; x_wconf 73' lang='lat' dir='ltr'>in-‚</span> 
     </span>
    </p>
   </div>
   <div class='ocr_carea' id='block_1_20' title="bbox 1348 3782 2379 3895">
    <p class='ocr_par' dir='ltr' id='par_1_21' title="bbox 1348 3782 2379 3895">
     <span class='ocr_line' id='line_1_115' title="bbox 1348 3782 2379 3879; baseline -0.005 -50"><span class='ocrx_word' id='word_1_718' title='bbox 1348 3787 1452 3829; x_wconf 67' lang='lat' dir='ltr'>facto</span> <span class='ocrx_word' id='word_1_719' title='bbox 1490 3784 1762 3828; x_wconf 84' lang='lat' dir='ltr'>Civitatis-N·</span> <span class='ocrx_word' id='word_1_720' title='bbox 1805 3783 1957 3827; x_wconf 88' lang='lat' dir='ltr'>constat</span> <span class='ocrx_word' id='word_1_721' title='bbox 1982 3812 1997 3833; x_wconf 84' lang='lat'>‚</span> <span class='ocrx_word' id='word_1_722' title='bbox 2045 3798 2122 3827; x_wconf 88' lang='lat' dir='ltr'>non</span> <span class='ocrx_word' id='word_1_723' title='bbox 2160 3782 2340 3879; x_wconf 48' lang='lat' dir='ltr'>obstantie</span> <span class='ocrx_word' id='word_1_724' title='bbox 2365 3807 2379 3830; x_wconf 70' lang='lat'>2</span> 
     </span>
     <span class='ocr_line' id='line_1_116' title="bbox 2211 3854 2289 3895; baseline -0.013 -15"><span class='ocrx_word' id='word_1_725' title='bbox 2211 3854 2289 3895; x_wconf 84' lang='lat' dir='ltr'>qUO</span> 
     </span>
    </p>
   </div>
  </div>
 </body>
</html>
