2704 4296
890 267 1774 362 islsAGOGE
2202 286 2356 369 xix.

292 386 574 461 steri-ore,
619 403 840 454 nomen
890 388 1060 470 Papae
1103 388 1468 474 assumptum
1515 391 1759 456 exhibet
1787 440 1801 455 .
1848 394 2215 482 Antiquitsis
2263 421 2417 461 nanc

290 474 558 542 :formam
592 495 715 538 non
751 470 914 535 fuisse
948 474 1320 557 impreffam‚
1373 479 1887 541 Eminentiffirnus
1919 483 2104 545 Card.
2133 486 2302 546 Petra
2332 495 2414 563 (q)
2435 497 2503 544 (q)
2553 496 2625 533 Itu

291 565 389 629 his
418 567 598 629 docet
617 557 872 624 Verbis:
924 563 1155 640 Sigillum
1198 562 1497 642 antiquitics
1542 589 1636 622 non
1682 566 1963 624 continebat
2005 576 2252 648 imagines
2287 578 2417 628 San·
2432 543 2627 641 ssarff‘qsol'

293 659 479 712 ciorum
521 649 860 726 Apostolorum
893 652 1047 706 Petri
1073 689 1089 714 ,
1141 658 1210 717 εἴ
1244 653 1410 709 Pauli
1441 692 1454 720 ,
1502 651 1561 710 iit
1588 670 1802 730 tempore
1843 657 2069 731 prasenti
2096 699 2108 721 ‚
2152 680 2274 714 nam
2310 661 2421 734 plu..

289 745 388 797 ries
430 742 766 794 immutatum
793 738 917 813 fuit
933 778 1115 798 ......
1127 737 1241 793 hinc
1267 738 1614 815 antiqutfflma
1642 743 1946 818 Diplomata
1992 746 2229 802 videmus
2278 768 2423 801 cum-2

293 824 464 904 Sigillo
501 825 782 880 continente
823 818 1035 879 tantiim
1076 826 1350 900 Pontificis
1389 848 1563 884 nomen
1605 831 1663 884 in
1694 851 1798 886 una
1833 847 1987 908 parte
2007 873 2021 897 ,
2067 841 2134 897 Εἴ
2162 835 2217 887 in
2255 833 2423 888 altera

287 932 464 969 nomen
512 910 677 993 Papa
703 953 716 977 ,
763 906 823 966 iit
865 910 1162 987 temporibus
1209 916 1434 986 ‘'Joannis
1481 917 1550 975 V.
1581 953 1597 979 ,
1641 918 1807 995 Sergii
1849 923 1892 976 I.
1919 961 1933 985 ,
1985 918 2229 992 Stephani
2278 924 2340 974 II
2348 925 2381 978 1.
2410 956 2426 981 ,

286 998 506 1061 Nicolai
542 1003 582 1055 1.
602 1037 618 1063 ,
651 1005 719 1064 &³
750 1000 975 1067 &oannis
1009 1001 1189 1057 XIII.
1210 1039 1225 1064 ,
1260 1022 1323 1058 ac
1356 1002 1571 1058 aliorum
1589 1043 1781 1067 .......
1809 1008 1896 1060 Sic
1934 1007 1991 1060 in
2023 1005 2186 1060 Bulla
2222 1002 2432 1080 Stepha-

287 1090 344 1144 ni
381 1088 522 1146 VII.
569 1087 625 1140 in
662 1099 809 1159 parte
839 1088 1012 1143 antica
1055 1102 1203 1144 extat
1242 1110 1418 1146 nomen
1451 1089 1700 1166 Stephani
1730 1138 1744 1161 ,
1792 1102 1860 1159 ξς*
1900 1094 1955 1148 in
1994 1095 2180 1167 pqsiica
2225 1111 2428 1146 nomen.»

286 1174 458 1255 Papa
492 1193 608 1228 cum
644 1175 806 1227 Cruce
830 1174 1132 1229 intermedia
1155 1220 1167 1234 .
1204 1179 1284 1231 Sic
1313 1178 1367 1230 in
1399 1176 1520 1231 aliis
1548 1198 1721 1234 nomen
1760 1183 1984 1251 ‘Joannts
2020 1182 2169 1260 Papa
2198 1181 2253 1234 in
2288 1194 2435 1254 parte

288 1259 456 1319 altera
485 1300 498 1326 ‚
547 1262 607 1315 in
650 1260 836 1333 postica
882 1257 1006 1315 verb
1050 1279 1235 1334 magna
1282 1265 1434 1314 Crux
1463 1299 1478 1322 ,
1523 1263 1614 1315 vel
1658 1268 1820 1317 Roma
1876 1270 2010 1337 pic'ia
2073 1287 2182 1321 cum
2245 1263 2432 1322 Verbis

287 1364 467 1406 aurea
518 1344 730 1404 Roma
761 1389 771 1400 .
797 1347 1113 1405 .....'...ln
1142 1345 1374 1421 sequenti
1415 1360 1623 1422 tempore
1651 1351 1876 1426 fuerunt
1922 1351 2019 1404 loco
2062 1353 2313 1405 nominum
2358 1366 2437 1423 po-

281 1435 384 1508 fitae
434 1428 643 1506 Effigies.
686 1467 702 1492 ,
748 1429 846 1504 seu
891 1432 1082 1506 Capita
1128 1436 1224 1490 SS.
1270 1432 1618 1507 Apostolorum
1648 1477 1664 1502 ,
1722 1444 1788 1503 εἴ
1836 1436 2004 1514 aliqui
2046 1438 2105 1491 id
2147 1434 2440 1512 adscribunt

296 1516 603 1594 temporibus
633 1516 905 1590 Paschalis
946 1523 1022 1577 ΙΙ.
1074 1515 1202 1584 Ubi
1247 1533 1450 1579 tamen
1497 1517 1669 1580 addit
1705 1564 1719 1588 ,
1764 1523 1935 1605 quod
1969 1520 2252 1583 Clemens
2292 1520 2438 1582 VII.

288 1608 527 1688 primus
561 1599 910 1685 apposuerit
954 1605 1140 1665 etiam
1190 1602 1432 1686 insignia
1464 1602 1573 1667 suae
1610 1610 1910 1689 progeniei
1945 1608 2005 1668 in
2047 1606 2254 1673 Bulla,
2284 1626 2441 1665 nem.

289 1710 371 1773 pe
416 1692 696 1776 quinque
755 1690 951 1767 Rosas
979 1734 996 1762 ,
1042 1706 1255 1753 contra
1301 1711 1527 1752 morem
1584 1694 2041 1754 Anteceflorum
2071 1734 2088 1758 ‚
2142 1694 2441 1774 quodque

291 1777 459 1839 idem
505 1771 687 1836 fuerit
731 1773 1118 1841 observatum
1165 1797 1438 1860 tempore
1488 1778 1822 1841 Clementis
1872 1779 2011 1842 VII.
2063 1782 2125 1838 in
2169 1777 2441 1861 quadam

295 1861 480 1926 Bulla
526 1861 866 1923 collationis
892 1902 907 1927 ‚
952 1859 1118 1926 faaae
1166 1867 1363 1927 Ennio
1403 1863 1720 1928 Cardinali
1758 1864 2081 1926 Filonardo
2120 1866 2194 1923 de
2227 1860 2438 1925 Abba-

292 1951 382 2012 tia
433 1946 751 2009 Casamari
800 1968 985 2033 prope
1032 1949 1397 2016 Babucum‚
1443 1971 1583 2013 cum
1632 1954 1693 2011 in
1743 1950 1947 2032 sigillo
1994 1948 2292 2034 plumbeo
2338 1952 2444 2011 im,

295 2037 466 2098 calce
513 2032 841 2097 videantur
870 2035 1124 2119 Infignia
1159 2036 1485 2099 Gentilitia
1521 2037 1782 2099 Familiae
1821 2035 2120 2100 Mediceae
2147 2081 2163 2106 ‚
2208 2037 2285 2096 de
2318 2054 2446 2119 qua

292 2124 463 2206 Papa
512 2135 637 2182 erat
682 2119 985 2186 oriundus
1017 2169 1032 2192 ‚
1077 2123 1174 2186 sex
1217 2121 1407 2207 globis
1457 2123 1661 2208 parvis
1694 2121 1955 2209 expressa
1983 2171 1996 2184 .
2040 2125 2172 2184 Imo
2197 2168 2212 2191 ‚
2242 2135 2310 2183 ut
2342 2123 2447 2183 Pa-

291 2205 634 2294 pebrochio
670 2206 1113 2294 adstipulemur
1133 2252 1146 2281 ,
1177 2210 1506 2280 Urbanum
1540 2210 1619 2274 V.
1651 2232 1893 2295 quoque
1915 2253 1932 2281 ‚
1961 2209 2020 2271 δί
2056 2207 2309 2271 Paulum
2342 2206 2452 2267 111.

293 2294 335 2356 ἑὶ
365 2294 858 2374 Ρτςάεεείῖοΐυιῃ
893 2316 1058 2358 more
1091 2296 1447 2363 declinasse,
1479 2296 1672 2359 dicere
1705 2313 1975 2380 oportet:
2011 2299 2246 2380 primus
2285 2297 2447 2353 enim

292 2403 407 2466 pro
454 2383 621 2466 signo
667 2378 970 2467 assumpsit
1012 2388 1081 2445 in
1127 2382 1244 2447 fixis
1290 2383 1478 2447 Bullis
1525 2384 1799 2467 quinque
1848 2385 2078 2446 Cruces
2125 2385 2278 2441 intra
2328 2379 2451 2435 (Σο.

292 2491 508 2533 ronam
548 2489 874 2554 querneam
902 2514 916 2537 ‚
966 2470 1404 2532 cruciformiter
1434 2469 1743 2550 dispositas
1770 2511 1787 2534 ,
1836 2470 1984 2528 alter
2022 2471 2169 2528 vero
2213 2467 2272 2523 in
2310 2464 2447 2524 Far-

293 2556 544 2617 nefianae
589 2554 812 2614 Gentis
870 2556 1125 2635 gloriam
1172 2550 1306 2612 sena
1354 2553 1471 2611 lilia
1505 2596 1519 2618 ‚
1565 2555 1629 2610 &
1676 2551 1922 2628 quidem
1974 2553 2090 2610 tria
2135 2569 2206 2607 ex
2253 2546 2448 2627 quali-

293 2639 400 2700 bet
443 2656 646 2720 parte,
678 2637 914 2698 nomini
958 2641 1066 2699 suo
1111 2633 1460 2718 superscribi
1506 2630 1708 2718 juffit.
1756 2631 2034 2693 Cessavit
2082 2633 2203 2708 jam
2249 2633 2439 2694 varie-

297 2739 391 2789 tas
419 2765 435 2790 ,
480 2724 539 2787 δι
584 2720 711 2784 fixo
758 2718 922 2804 stylo
967 2727 1030 2783 in
1072 2738 1241 2804 parte
1287 2726 1489 2781 antica
1534 2719 1723 2801 Sigilli
1772 2717 1999 2800 Capita
2044 2717 2141 2781 SS.
2181 2716 2446 2799 Aposto-

295 2812 502 2873 lorum
572 2810 785 2877 Petri‚
833 2808 890 2871 8<
945 2809 1113 2870 Pauli
1182 2803 1385 2870 media
1447 2807 1648 2869 Cruce
1709 2803 1952 2876 divisa,
1997 2807 2059 2865 &
2105 2806 2167 2864 in
2221 2800 2446 2886 postica

296 2918 519 2961 nomen
572 2895 748 2978 Papae
795 2893 1094 2957 duntaxat
1142 2897 1590 2978 exprimuntur.

468 2986 569 3048 De
614 2979 730 3042 fitu
759 3027 772 3049 ,
819 2982 877 3044 ἃ
926 2981 1218 3063 qualitate
1264 2982 1460 3042 lateris
1499 3025 1514 3049 ,
1553 3001 1677 3067 quo
1707 2978 1773 3041 hi
1807 2975 2099 3063 Apostoli
2134 2974 2443 3059 in-Sigillo

296 3070 584 3134 collocati
632 3067 1128 3155 conspiciuntur,
1175 3088 1296 3130 non
1343 3070 1564 3150 partlm.
1606 3069 2005 3130 controversa
2049 3062 2132 3125 est
2167 3062 2447 3146 quaestio·

297 3160 433 3222 Alii
482 3157 558 3219 D.
607 3154 862 3219 Paulum
911 3154 946 3216 ἓ,
992 3154 1251 3216 dexteris
1299 3154 1560 3237 positum
1606 3153 1913 3217 affirmant
1942 3199 1956 3223 ‚
2004 3156 2150 3235 quin
2199 3166 2443 3210 tamem·

296 3244 575 3330 quaedam
623 3243 1029 3327 praerogativa
1067 3242 1285 3302 exinde
1321 3239 1406 3300 illi
1432 3239 1692 3302 ‘accedat
1719 3282 1735 3307 ‚
1782 3262 1924 3304 cum
1959 3260 2030 3301 ex
2069 3239 2272 3321 praxi,
2306 3255 2441 3319 quae

297 3332 453 3393 olim
480 3377 495 3401 ‚
537 3333 715 3392 etiam
763 3327 934 3414 apud
965 3332 1280 3392 Romanos
1329 3331 1529 3411 viguit
1557 3372 1572 3396 ,
1617 3347 1752 3411 pars
1798 3328 1947 3389 laeva
1994 3321 2196 3408 regula
2245 3320 2440 3380 hono-

297 3421 380 3479 ris
431 3416 608 3487 esset.
674 3423 737 3479 &
783 3418 1023 3499 dignior
1078 3412 1442 3481 haberetur,
1487 3431 1702 3499 utpote
1764 3434 1904 3500 pars
1938 3455 1953 3479 ‚
1998 3419 2059 3474 &
2104 3413 2259 3470 latus
2293 3412 2440 3468 'me-

299 3504 464 3566 lioris
520 3502 766 3587 auspicii
802 3544 817 3568 ,
861 3523 1002 3563 cum
1063 3497 1287 3561 finlstra
1331 3520 1403 3561 ex
1448 3517 1615 3584 parte
1674 3502 1874 3562 cordis
1909 3545 1922 3569 ,
1969 3502 2111 3563 vitae
2154 3493 2438 3556 humanae

300 3591 609 3651 contineat
653 3589 1117 3652 fundamentum
1146 3628 1161 3652 ‚
1210 3588 1284 3647 de
1330 3608 1454 3669 quo
1500 3587 1710 3648 diserte
1760 3589 1894 3650 Leo
1941 3584 2219 3651 Allatius
2251 3586 2315 3638 de
2348 3586 2437 3637 Ec-

302 3676 416 3760 cles.
465 3677 731 3736 Occident.-
755 3721 770 3746 ‚
820 3687 888 3745 A&
937 3680 1134 3735 Orient.
1178 3690 1359 3751 perpet,
1406 3674 1616 3752 consens
1654 3695 1694 3731 c.
1724 3679 1782 3733 6.

477 3759 616 3825 Alii
662 3762 743 3829 D.
782 3763 1039 3826 Paulum
1067 3806 1083 3831 ‚
1129 3761 1420 3824 sinistrum
1466 3764 1625 3824 latus
1673 3778 1872 3822 tenere
1903 3801 1919 3833 ‚
1959 3756 2208 3821 soliditas
2254 3773 2433 3815 cum-v

1500 3867 1533 3906 c
1579 3867 1617 3907 2
2167 3845 2348 3909 Petro
