2658 4244
904 200 1065 291 Sub
1126 201 1570 290 Alexandro
1637 203 1732 290 V
1722 201 1814 287 II.

284 319 550 366 ftiFrancisci
572 319 867 378 Capucinorum
900 328 1119 371 nuncupat.
1149 319 1185 358 in
1220 331 1318 373 qua-

281 392 444 436 cunque
465 381 602 423 mundi
621 392 737 436 parte
769 377 1019 421 existentium
1035 404 1050 426 ,
1081 375 1312 431 quantum-2

281 453 372 480 cum
403 442 584 482 Domino
613 435 837 493 possumus,
862 435 1033 490 benigne
1065 433 1279 476 consulere
1303 462 1318 485 ,

279 511 326 539 ac
350 498 543 542 dilectum
570 496 718 553 ,filium
750 494 989 550 modernum
1023 492 1120 534 dieti
1148 492 1316 534 Ordinis

279 558 507 600 Ministrum
540 554 782 598 Generalem
808 553 1042 610 specialibus
1072 550 1275 594 favoribus
1302 579 1316 601 ,

279 617 319 657 δὲ
346 618 485 672 gratiis
513 610 698 668 prosequi
726 613 910 654 volentes
940 641 952 663 ,
992 612 1031 652 &
1053 611 1075 653 a
1109 609 1316 666 quibusvis

279 671 727 721 excommunicationis,
756 670 1005 726 suspensionis
1026 699 1040 720 ,
1068 672 1108 711 δε
1136 669 1310 711 interdi-

279 738 360 785 eti,
389 730 553 786 aliisque
575 728 858 772 Ecclefiasticis
881 731 1091 773 sententiis
1110 757 1125 779 ,
1171 726 1312 770 censu-
1381 746 1386 750 ·

279 797 331 839 ris
344 823 360 844 ,
382 794 418 833 &
433 788 560 846 poenis
573 789 594 829 a
609 787 700 843 jure
716 816 730 838 ,
759 788 823 831 vel
840 791 888 830 ab
902 789 1065 831 homine
1078 788 1214 842 quavis
1240 801 1312 829 oc-

278 852 430 900 castone
447 878 461 901 ,
492 847 556 890 vel
572 847 685 890 causa
699 846 789 888 latis
805 875 820 897 ,
845 850 872 889 fi
898 848 1040 904 quibus
1061 845 1318 902 quomodoli-
1380 868 1382 873 ·

279 916 348 958 bet
367 906 581 953 innodatus
595 906 750 955 existit,
776 906 826 948 ad
852 908 1035 950 effectum
1062 904 1314 960 praesentium

229 1019 231 1021 ι
276 973 471 1015 duntaxat
496 964 824 1020 consequendum
851 993 866 1015 ,
894 967 1033 1007 harum
1057 965 1158 1007 serie
1183 962 1313 1006 absol-

275 1039 418 1072 ventes
434 1056 449 1078 ,
477 1026 517 1065 &
533 1022 759 1067 absolutum
778 1021 865 1065 fore
889 1023 1099 1067 censentes
1121 1051 1135 1074 ,
1161 1021 1310 1078 suppli-

275 1086 499 1131 cationibus
515 1082 693 1139 ejusdem
710 1082 1103 1125 MinistriGeneralis
1121 1083 1280 1124 nomine
1294 1107 1308 1130 ‚

274 1147 403 1190 Nobis
426 1142 542 1199 super
562 1143 637 1184 hoc
658 1140 867 1183 humiliter
884 1142 1076 1197 porrefftis
1105 1139 1312 1190 inclinati,

274 1219 327 1249 ne
352 1206 404 1247 de
430 1214 576 1245 caetero
605 1199 807 1255 quisquam
835 1229 848 1250 ,
878 1200 1017 1257 quavis
1039 1203 1276 1242 aufioritate
1298 1225 1313 1248 ,

274 1260 557 1319 superioritate
571 1287 584 1310 ‚
607 1258 674 1301 seu
689 1257 822 1300 officio
837 1256 1004 1313 fungens
1018 1288 1032 1308 ,
1050 1257 1314 1311 librOQquin-

274 1332 392 1364 terna
421 1349 435 1371 ,
467 1317 564 1359 folia
588 1345 602 1366 ,
633 1327 697 1359 aut
726 1314 938 1370 scripturas
970 1328 1049 1359 tam
1079 1313 1314 1370 impressas,

273 1381 393 1434 quam
425 1374 738 1429 manuscriptas,
767 1385 850 1414 tam
879 1375 1065 1416 hactenus
1090 1388 1163 1428 per
1191 1372 1308 1428 quos-

271 1449 445 1492 cumque
461 1431 750 1476 Christifideles
765 1431 878 1472 diuis
896 1432 1157 1473 Bibliothecis
1173 1430 1308 1483 respe-

271 1495 377 1537 &ive
390 1493 562 1534 donatas
575 1518 590 1539 ,
610 1492 648 1531 &
663 1488 868 1543 affignatas
879 1519 895 1538 ,
910 1490 1032 1544 quam
1044 1490 1084 1529 in
1104 1488 1306 1544 posterum

270 1551 398 1595 forsan
417 1547 622 1592 donandas
639 1576 652 1598 ,
670 1549 707 1588 &
722 1546 982 1603 assignandas,
997 1546 1195 1604 quibusvis
1215 1561 1306 1602 per-

269 1611 376 1653 sonis
392 1609 684 1665 (praeterquam
702 1607 907 1647 Fratribus
925 1607 1020 1647 dieti
1033 1606 1198 1649 Ordinis
1214 1634 1227 1656 ‚
1242 1605 1310 1660 qui

270 1669 435 1726 quidem
457 1665 617 1708 tibrosa
634 1663 895 1704 Bibliothecis
925 1663 1144 1719 hujusmodi
1173 1663 1310 1718 respe-

270 1728 375 1769 &ive
391 1725 442 1766 de
458 1723 698 1778 Superioris,
713 1720 776 1762 seu
793 1722 1098 1764 Bibliothecarii
1111 1737 1187 1776 pro
1203 1733 1308 1764 tem-

271 1801 369 1843 pore
392 1781 597 1826 existentis
624 1779 786 1822 licentia
816 1781 1061 1832 extrahere,
1089 1782 1127 1821 &
1155 1782 1212 1821 eis
1235 1793 1308 1834 pro

273 1841 475 1886 communi
490 1843 777 1882 Conventuum
794 1838 1014 1893 hujusmodi
1031 1867 1045 1890 ,
1076 1841 1114 1880 8c
1128 1839 1307 1893 particu-

271 1905 346 1945 lari
364 1903 549 1944 Fratrum
566 1897 658 1937 dicti
672 1895 834 1938 Ordinis
861 1897 930 1939 usu
945 1898 984 1938 in
1006 1896 1082 1939 suis
1112 1897 1272 1938 cellulis
1290 1924 1304 1947 ,

271 1958 480 2003 fratribus
510 1967 668 2010 quoque
690 1952 870 2010 ejusdem.
893 1955 1058 1997 Ordinis
1081 1956 1298 1997 Verbum.

269 2018 350 2060 Dei
372 2014 679 2072 praedicantibus
694 2039 709 2062 ,
735 2014 801 2067 qui
820 2016 945 2055 etiam
961 2025 1075 2056 extra
1091 2013 1181 2055 suos
1195 2017 1304 2055 Con-

270 2085 414 2120 ventus
441 2074 498 2115 uti
527 2071 697 2126 possint,
727 2071 793 2112 sed
826 2071 940 2114 finito
968 2073 1035 2116 usu
1054 2071 1302 2130 hujusmodi,

268 2133 399 2176 subito
419 2131 468 2174 ad
488 2130 611 2173 distas
631 2130 902 2173 Bibliothecas
918 2133 1135 2188 respetftive
1152 2131 1220 2174 sub
1239 2132 1301 2172 in-

268 2191 488 2247 frascriptis
515 2191 646 2245 poenis
676 2202 889 2244 reportare
905 2194 1068 2233 omnino
1086 2189 1303 2247 debeant)

269 2249 562 2299 commodare,
580 2259 649 2291 aut
677 2248 746 2290 sub
772 2251 912 2305 quovis
941 2250 1097 2306 quaesito
1122 2250 1260 2292 colore
1290 2278 1305 2298 ,

272 2308 463 2364 ingenio,
490 2307 602 2350 causa
618 2337 631 2358 ,
658 2309 843 2360 ratione,
868 2308 1166 2352 aut-occasione
1188 2309 1211 2350 ὃ
1235 2307 1305 2349 dd.

270 2366 535 2410 Bibliothecis
562 2367 782 2409 extrahere
796 2397 810 2416 ,
839 2369 876 2409 &
892 2366 1096 2423 asportare
1113 2398 1127 2419 ,
1153 2370 1216 2410 seu
1231 2397 1245 2418 ,
1261 2377 1304 2408 ut

271 2426 581 2472 commodentur
595 2454 610 2477 ,
639 2436 707 2466 aut
725 2427 991 2469 extrahantur
1006 2458 1020 2478 ,
1045 2430 1085 2468 ὃ(
1098 2426 1306 2481 asporten-

269 2493 366 2533 tur,
391 2485 633 2538 permittere
651 2509 666 2531 2
690 2494 759 2523 aut
785 2484 1008 2526 consentire
1025 2485 1170 2527 audeat
1192 2513 1207 2532 ,
1237 2481 1305 2521 seu

268 2539 475 2598 praesumat
487 2567 499 2588 ,
513 2538 580 2580 sub
599 2542 1025 2583 excommunicationis
1042 2542 1130 2582 latae
1145 2540 1304 2581 senten-

269 2600 332 2640 tiae
348 2628 362 2650 ,
377 2613 422 2641 ac
440 2595 671 2653 privationis
694 2597 801 2638 vocis
818 2600 975 2649 aestivat,
989 2601 1026 2640 &
1046 2597 1197 2653 passivae
1213 2611 1301 2652 poe-

267 2659 325 2701 nis
349 2671 421 2711 per
445 2653 782 2698 contrafacientes
819 2670 870 2699 eo
909 2656 991 2711 ipso
1019 2655 1301 2707 incurrendis,

264 2714 500 2772 Apostolica
518 2713 773 2755 Austoritate
787 2743 801 2762 ,
816 2724 960 2756 tenore
976 2714 1227 2767 praesentium
1243 2714 1302 2755 in-

265 2772 502 2816 terdicimus
516 2801 530 2823 ,
561 2773 600 2812 &
623 2771 878 2825 prohibemus
895 2801 905 2811 .
941 2776 1033 2814 Non
1053 2773 1300 2815 obstantibus

267 2830 683 2880 Constitutionibus,&
698 2829 1028 2873 ordinationibus
1048 2832 1300 2888 Apostolicis‚

265 2905 310 2933 ac
326 2889 506 2938 Ordinis,
517 2890 555 2929 &
574 2890 861 2929 Conventuum
879 2890 1300 2943 praedictorumsstiani

263 2949 495 3005 juramento
508 2975 522 2997 ,
537 2944 842 2988 confirmatione
857 2948 1104 3002 Apostolica,
1123 2950 1190 2991 vel
1201 2964 1300 3005 qua-

263 3008 323 3050 vis
339 3005 532 3046 firmitate
550 3004 627 3045 alia
646 3003 841 3047 roboratis
859 3006 1013 3048 statutis
1030 3036 1042 3058 ,
1065 3009 1105 3048 ὃς
1130 3007 1298 3050 consue-

264 3065 469 3108 tudinibus
481 3091 496 3114 ,
511 3061 743 3118 caeterisque
758 3066 964 3106 contrariis
981 3065 1293 3122 quibuscunque.

263 3124 461 3165 Volumus
482 3132 618 3162 autem
636 3150 649 3172 ,
674 3120 783 3177 quod
798 3126 1000 3178 praesentis
1014 3125 1296 3180 prohibitionis

262 3183 375 3238 copia
391 3181 428 3222 in
447 3180 573 3223 valvis
588 3182 768 3222 omnium
787 3211 799 3233 ,
823 3184 863 3223 &
877 3183 1120 3237 singularum
1147 3184 1295 3226 Biblio-

260 3242 469 3283 thecarum
484 3241 770 3281 Conventuum
788 3240 881 3282 dieti
896 3244 1065 3285 Ordinis
1087 3271 1101 3293 ,
1127 3244 1190 3285 seu
1216 3243 1294 3284 alio

261 3295 469 3354 conspicuo
500 3297 620 3349 loco,
650 3311 728 3353 quo
754 3299 802 3340 ab
828 3302 1011 3344 omnibus
1027 3301 1291 3356 cernipoffit,

259 3358 454 3399 continuo
481 3355 594 3398 affixa
621 3367 866 3409 remaneat,
906 3360 1095 3416 quodque
1125 3360 1292 3415 praesen-

260 3415 360 3456 tium
387 3414 639 3469 transumptis
660 3444 674 3466 ,
701 3416 826 3457 etiam
847 3418 1064 3474 impreffis,
1093 3418 1293 3460 manuali-

257 3472 370 3528 cujus
386 3473 547 3515 Notarii
563 3474 712 3527 publici
731 3473 957 3531 subscriptis
972 3506 985 3525 ‚
1008 3480 1047 3518 &
1060 3477 1188 3532 sigillo
1200 3492 1292 3533 per-

256 3530 352 3586 sonte²
369 3532 405 3572 in
420 3531 613 3585 dignitate
637 3530 908 3578 Ecclesiastica
925 3537 1147 3578 constitutae
1161 3537 1291 3578 muni-

255 3592 306 3632 tis
320 3620 334 3639 ,
359 3588 502 3631 eadem
517 3589 677 3644 prorsus
691 3590 790 3636 fides
808 3593 1047 3638 adhibeatur
1062 3625 1077 3644 ,
1090 3609 1174 3650 quae
1188 3610 1288 3650 prae-

252 3647 430 3690 sentibus
445 3646 733 3700 adhiberetur,
763 3652 787 3693 ss
810 3651 946 3695 forent
972 3654 1187 3704 exhibitae,
1222 3654 1286 3696 vel

252 3706 411 3749 ostensa:
426 3737 436 3747 .
471 3709 617 3747 Datum
641 3709 775 3751 Romae
791 3712 895 3767 apud
911 3716 1094 3755 Sanc-'tam
1115 3713 1290 3758 Mariam

253 3765 450 3824 Majorem
497 3765 566 3807 sub
615 3768 776 3810 Annulo
825 3771 1035 3813 Piscatoris
1079 3771 1146 3815 die
1197 3786 1284 3815 ιιι.

2194 241 2222 285 1
2245 243 2286 285 Ο

1374 321 1484 420 Juli‘ii
1507 315 1997 361 M00Lv1.·Pontificatus
2023 319 2160 363 Nostri
2193 243 2413 368 Ann078e-

1379 394 1454 424 cun
1488 389 1541 418 0·
2388 398 2391 401 '

1951 499 1999 537 G.
2034 500 2260 544 Gualterius
2278 532 2290 544 .
2315 527 2317 530 .

1435 611 1682 667 Autograph.
1699 617 1741 655 in
1758 612 1879 655 Arch.
1892 615 2168 656 ,St-cretsssrev.
2189 618 2318 671 Ap‘ss·
2334 585 2412 660 Re!⁶

1478 672 1561 728 gest
1568 672 1678 720 flul.
1692 672 1738 714 16
1741 672 1811 719 56.
1816 668 2016 728 fol.56.de
2031 687 2103 727 quo
2118 674 2410 732 Brev-format.

1490 735 1534 773 in
1551 733 1670 773 Arch.
1679 745 1769 788 gen.
1787 731 1882 773 Ord.
1906 734 2008 774 Tom-
2023 735 2077 775 H.
2093 748 2197 777 num.
2215 748 2294 790 1¹9·

1610 849 2173 930 NOTA.

1444 989 1446 991 ¹
1477 996 1556 1033 Etat
1570 997 1681 1031 Breve
1692 997 1757 1032 hoc
1770 994 1967 1043 speciatim,
1992 994 2027 1030 8<
2042 995 2130 1030 ultra
2145 994 2206 1038 id,
2233 993 2329 1041 quod
2351 1003 2416 1047 pet

1422 1075 1424 1077 ,
1490 1044 1614 1080 Brevia
1632 1045 1699 1080 PP.
1717 1044 1852 1081 Urbani
1864 1043 1965 1079 Vlll.
1980 1043 2079 1089 supra
2093 1044 2154 1080 fol.
2169 1055 2226 1090 97.
2244 1043 2278 1078 8<
2309 1044 2416 1085 inno-

1371 1095 1474 1132 centii
1489 1098 1530 1131 X.
1557 1092 1618 1127 fol.
1637 1103 1713 1138 103:
1733 1092 1942 1139 prohibitum
1966 1101 2064 1128 extat
2089 1116 2104 1137 ‚
2126 1104 2169 1127 ne
2195 1090 2288 1127 Libri
2313 1102 2414 1127 exrra

1374 1144 1541 1180 Ordinem
1568 1140 1850 1179 commodentur.

1368 1376 1499 1421 Duos
1534 1372 1714 1416 Fratres
1744 1370 1961 1417 Carnales
1979 1386 2068 1417 non
2085 1368 2204 1436 posse
2231 1365 2412 1415 insimul

1402 1437 1482 1487 effe
1503 1435 1787 1485 Diffinitores
1806 1472 1824 1493 „
1843 1456 1922 1484 nec
1938 1456 2079 1486 unu-m
2097 1440 2228 1487 alteri
2245 1438 2289 1483 in
2305 1440 2414 1485 Pro-

1400 1504 1667 1560 vincialatfis
1683 1503 1860 1556 Officio
1876 1507 2143 1556 immediate
2172 1504 2410 1556 succedere

1406 1578 1607 1628 decernit
1624 1613 1637 1625 .

1418 1708 1930 1757 ALEXANDER
1967 1710 2174 1758 PAPA
2213 1709 2367 1758 VII.

1562 1838 1628 1879 Ad
1643 1833 1838 1892 futuram
1866 1839 1925 1878 ret·
1955 1824 2177 1879 memoriam
2196 1865 2210 1876 .

1480 1955 1517 1996 U
1530 1955 1588 2002 M,
1603 1955 1701 1994 stcut
1717 1953 1851 1995 dilecti
1870 1955 1961 1997 Filii
1977 1956 2159 1997 Minister
2171 1949 2410 2002 Generalis,

1497 2015 1534 2054 ὃς
1561 2009 1813 2055 Diffinitores
1845 2014 2072 2057 Generales
2108 2014 2275 2056 Ordinis
2306 2015 2409 2054 Fra—

1365 2084 1474 2114 trum
1494 2072 1697 2114 Minorum
1711 2073 1841 2114 Sancti
1875 2073 2072 2116 Francisci
2101 2073 2408 2128 Capucinorum

1364 2141 1685 2186 nuncupatorum
1716 2131 1845 2172 Nobis
1871 2146 2004 2188 nuper
2026 2133 2170 2187 exponi
2189 2131 2408 2178 fecerunt,

1365 2189 1472 2248 quod
1490 2191 1530 2230 in
1545 2188 1751 2232 nonnullis
1774 2189 1954 2247 ejusdem
1982 2191 2151 2234 Ordinis
2181 2189 2407 2231 Provinciis

1365 2251 1432 2292 usu
1449 2246 1572 2291 fuerit
1589 2247 1924 2301 introductumuit
1943 2249 2025 2292 duo
2044 2253 2203 2292 Fratres
2220 2247 2406 2290 carnales

1365 2309 1461 2350 dieti
1487 2307 1652 2349 Ordinis
1677 2304 1918 2361 professores
1946 2308 2100 2351 insimul
2133 2309 2174 2349 in
2197 2307 2406 2363 ipsarum.)

1368 2368 1672 2412 Provinciarum
1691 2364 1938 2408 Diffinitores
1954 2369 2187 2423 eligantur,
2212 2368 2252 2405 &
2275 2365 2407 2406 una-in

1366 2424 1763 2479 Congregationibus
1780 2450 1794 2473 ,
1824 2438 1869 2465 ac
1888 2425 2142 2467 Diffinitoriis
2157 2437 2248 2464 cum
2272 2421 2407 2464 suffra-

1367 2482 1418 2536 gii
1437 2479 1639 2536 praestandi
1655 2509 1668 2530 ,
1683 2482 1722 2520 &
1741 2482 1996 2537 negotiorum
2016 2483 2314 2526 provinciarum
2332 2481 2407 2521 hu-

1362 2539 1532 2597 jusmodi
1546 2537 1880 2581 resolvendorum
1895 2539 2086 2584 facultate
2102 2540 2403 2587 interveniant,

1361 2599 1552 2654 quinimo
1569 2612 1853 2654 nonnunquam
1866 2602 2157 2644 unusFratrum
2177 2598 2401 2641 carnalium

1362 2657 1480 2706 alteri
1497 2657 1539 2698 in
1554 2656 1853 2710 Provincialatu
1877 2660 1988 2700 unius
2006 2659 2263 2715 ejusdemque
2299 2660 2405 2697 Pro-

1363 2716 1500 2759 vinciae
1517 2713 1749 2757 immediate
1767 2714 1952 2759 succedat
1965 2745 1979 2769 ,
2007 2731 2178 2773 cumque
2193 2713 2409 2771 expraedi-

1361 2777 1432 2817 ftis
1456 2774 1674 2815 maximum
1702 2774 1808 2815 bono
1828 2775 1980 2828 praesati
1997 2776 2163 2819 Ordinis
2184 2772 2368 2830 regimini
2388 2799 2405 2821 ,

1360 2837 1404 2878 &a
1425 2832 1603 2890 regulari
1617 2832 1881 2877 observantiae
1897 2831 2094 2881 inferatur
2110 2833 2337 2891 praejudiciu
2350 2844 2406 2882 m3

1361 2904 1480 2949 prout
1506 2891 1546 2933 in
1578 2892 1775 2946 Capitulo
1801 2895 1996 2938 Generali
2024 2894 2205 2951 ejusdem
2228 2891 2397 2934 Ordinis

1358 2948 1560 2994 novissime
1583 2951 1793 2995 celebrato
1818 2955 2000 3009 graviter
2023 2951 2217 2996 ostensum
2247 2947 2403 2993 fuisse)

1360 3009 1427 3067 ipsi
1457 3021 1704 3064 exponentes
1730 3010 1924 3056 asserunt:
1940 3015 2048 3056 Hinc
2068 3013 2155 3062 est,
2175 3011 2281 3067 quod
2311 3011 2398 3049 NOS

1359 3068 1468 3112 felici
1495 3067 1659 3112 Ordinis
1687 3068 1839 3126 praesati
1863 3073 2073 3116 directioni
2099 3085 2173 3126 pro
2189 3064 2397 3125 pastoralis

1357 3127 1478 3170 officii
1495 3126 1615 3171 nostri
1647 3128 1789 3173 debito
1803 3131 2028 3175 consultum
2051 3130 2132 3174 esse
2158 3127 2399 3182 cupientes,

1355 3186 1480 3228 dit‘tos
1517 3199 1769 3243 exponentes
1810 3190 2047 3249 specialibus
2090 3187 2291 3230 favoribus
2306 3214 2320 3236 ,
2356 3183 2397 3222 δε

1355 3245 1497 3300 g‘ratiis
1510 3245 1924 3303 prosequivolentes,
1953 3253 1992 3290 &
2011 3261 2150 3291 eorum
2180 3244 2395 3299 singulares

1353 3303 1543 3360 personas
1568 3306 1589 3347 a
1615 3306 1816 3360 quibusvis
1842 3306 2305 3352 excommunicationis,
2333 3302 2396 3343 fit·

1353 3361 1588 3418 spensionis,
1613 3367 1652 3406 &
1670 3365 1898 3418 interdicti,
1922 3365 2086 3420 aliisque
2110 3360 2394 3406 Ecclefiasticis

1350 3422 1582 3476 sententiis,
1608 3425 1809 3476 censuris,
1836 3428 1874 3467 &
1899 3425 2030 3481 poenis
2059 3422 2081 3464 a
2107 3423 2194 3480 jure
2211 3449 2224 3471 ‚
2254 3419 2322 3462 vel
2342 3420 2394 3460 ab

1351 3484 1512 3524 homine
1537 3484 1675 3538 quavis
1702 3483 1937 3534 occasione,
1966 3481 2029 3524 vel
2056 3481 2170 3524 causa
2201 3480 2290 3523 latis
2324 3506 2338 3528 ,
2366 3479 2393 3518 fi

1349 3542 1488 3596 quibus
1505 3542 1809 3598 quomodolibet
1825 3542 2022 3593 innodatae
2034 3539 2276 3589 existunt,ad
2292 3552 2394 3593 prae-

1349 3601 1518 3643 sentium
1538 3601 1722 3644 effestum
1743 3599 2274 3658 duntaxatconsequendum
2291 3630 2305 3652 ,
2322 3602 2394 3643 lia-

1347 3674 1441 3702 rum
1462 3661 1562 3703 serie
1588 3658 1869 3711 absolventes,
1897 3663 1937 3702 δε
1962 3660 2160 3703 absolutas
2179 3659 2271 3704 fore
2294 3674 2393 3700 cen-

1347 3717 1477 3761 sentes
1493 3747 1506 3769 ,
1538 3717 1899 3773 supplicationibus
1913 3734 2053 3763 eorum
2071 3722 2232 3763 nomine
2264 3724 2392 3765 Nobis

1347 3775 1463 3834 super.
1478 3778 1554 3819 hoc
1571 3776 1994 3834 humiliter-porrectis
2008 3778 2189 3822 inclinati
2203 3810 2216 3831 ,
2228 3792 2271 3822 ut
2286 3780 2394 3826 dea

1745 3837 1783 3877 O
1812 3850 1833 3879 2
2185 3853 2335 3883 extero
