2618 4270
217 400 380 463 cli-cis
427 397 823 466 Generalibus
852 440 867 466 ‚
913 415 1017 479 per
1053 412 1205 480 quas
1254 398 1291 461 a
1335 396 1632 466 RR.1>P.
1666 396 2123 468 provinciarum
2160 404 2354 489 Supe-

214 487 468 550 rioribus
497 534 511 556 ,
559 485 1095 568 Documentorum
1142 487 1207 545 in
1249 486 1542 550 Archivis
1591 489 1996 554 Generalibus
2038 487 2360 556 asservato.

215 593 355 637 rum
402 571 641 633 ludices
673 617 688 640 ,
734 572 831 633 seu
876 570 1239 654 exemplaria
1272 572 1351 632 ad
1391 573 1613 638 almam
1653 576 1884 643 Urbem
1922 577 2219 640 mittenda
2259 600 2362 642 ex-

212 660 578 746 petebantur
605 700 620 725 ,
685 659 868 719 reales
914 661 1120 722 inveni
1158 681 1172 728 3
1236 659 1401 722 Cum
1448 676 1647 725 tamen
1697 684 1929 748 magnae
1975 657 2100 749 spei
2146 685 2361 748 parcus

212 742 697 827 corresponderet
736 742 985 808 ‘effectus
1021 791 1036 813 ,
1082 766 1304 827 magno
1350 747 1745 830 expensarum
1798 750 2110 834 dispendio
2158 752 2366 834 plura-2

212 852 285 895 ex
323 834 382 894 ‘A
395 833 617 895 rehivis
652 834 959 896 Vaticanis
978 878 992 901 ‚
1023 838 1084 896 &
1115 833 1547 898 SecretiOsibus
1577 838 1819 900 Scriniis
1851 835 2148 901 debebant
2177 860 2367 903 extra-

208 921 313 983 hi,
343 933 413 978 ut
432 917 612 1002 Opus
648 923 950 1005 (exceptis
980 921 1280 989 Decretis-2,
1322 920 1622 988 Officium
1660 926 1976 987 Divinum·
2006 945 2377 990 concernen·

210 1004 376 1068 tibus
406 1052 421 1075 ‚
474 1013 537 1068 &
568 1026 638 1070 ex
678 1006 971 1070 industria
1010 1007 1089 1067 ob
1125 1005 1356 1071 facilem
1395 1031 1602 1079 eorum
1636 1014 2036 1082 mut-ationem
2074 1016 2142 1074 ut
2176 1012 2370 1099 pluri·-

216 1108 394 1156 fnum
429 1091 691 1171 omiffis)
740 1093 1028 1158 evaderet
1074 1096 1484 1179 completum.
1567 1093 1569 1095 ’
1686 1153 1690 1158 .
2122 1122 2125 1125 f
2201 1148 2203 1150 .

388 1181 769 1263 Praeponitur
802 1185 965 1263 operi
999 1183 1211 1254 titulus
1244 1185 1502 1246 Bullarii,
1543 1202 1701 1250 non,
1748 1186 1919 1265 quod
1956 1187 2155 1256 Bullas
2191 1189 2253 1253 A
2309 1209 2395 1249 o-·r

212 1264 443 1329 stolicas
478 1266 774 1327 duntaxat
806 1262 1248 1339 complectatur
1271 1294 1287 1323 ,-
1327 1260 1426 1321 sed
1448 1301 1464 1325 ‚
1501 1265 1686 1345 quod
1711 1269 1868 1326 inter
1899 1282 2012 1334 ean>
2044 1263 2121 1327 eie
2150 1271 2252 1349 qui
2304 1295 2374 1334 us

213 1349 547 1415 conflatur,
578 1345 760 1411 Bullae
790 1343 1163 1408 nobiliorem
1186 1343 1551 1408 constituant
1581 1365 1810 1430 partem
1829 1353 2175 1415 .AEmulari
2198 1356 2378 1417 volui

210 1440 367 1498 circa,
408 1434 526 1497 hoc
559 1433 802 1496 illorum
838 1431 1223 1515 exemplum,
1258 1435 1364 1517 qui
1400 1434 1531 1495 suas
1558 1433 1870 1500 Bullarum
1897 1477 1913 1503 ‚
1940 1431 2241 1502 Brevium
2262 1446 2376 1505 &c.

222 1522 718 1605 Compilationes
741 1568 755 1592 ,
778 1516 1026 1583 Bullarii
1052 1522 1552 1582 denominatione
1573 1521 1868 1587 decorant
1889 1568 1905 1593 ‚
1935 1524 2148 1606 ‘regulae
2171 1528 2379 1591 Philo-
2439 1537 2442 1540 ’

211 1608 474 1695 sophicae
510 1608 865 1672 insistentes:
895 1605 927 1662 ἃ
954 1605 1182 1664 nobiliore
1203 1623 1354 1685 parte
1382 1610 1668 1687 aliquando
1685 1613 1757 1687 fit
1784 1604 2148 1675 denominatio,
2227 1632 2231 1637 ’
2378 1601 2381 1607 ’

241 1734 244 1738 ·
334 1733 337 1737 -
389 1694 641 1759 Addita·
668 1699 804 1759 sunt
857 1699 916 1756 in
968 1696 1132 1756 calce
1175 1700 1568 1780 quorundam
1617 1696 2146 1767 Documentorum
2190 1701 2380 1767 Scho-

213 1783 298 1847 lia
320 1828 336 1855 ,
365 1779 463 1847 seu
500 1782 711 1853 Notae,
742 1783 1436 1848 Rerum2-&Virorum
1471 1809 1483 1844 :
1540 1786 1761 1845 Rerum
1783 1824 1799 1849 ‚
1843 1800 1914 1846 ut
1958 1805 2070 1867 per
2111 1784 2241 1848 illas
2287 1785 2385 1848 hae

214 1869 421 1934 dubiae
467 1872 884 1955 explicentur,
921 1868 1023 1934 vel
1061 1884 1320 1931 mutarae
1344 1872 1685 1933 indicentur
1711 1916 1725 1940 ‚
1776 1869 1879 1941 vel*
1921 1870 2237 1933 additione
2281 1892 2387 1933 co-

211 1954 571 2019 haerentium
625 1958 1179 2020 Monumentorum
1230 1956 1418 2039 magis
1481 1956 1815 2019 solidentur
1847 2007 1862 2021 .
1912 1959 2262 2030 Virorum,
2307 1968 2386 2021 ul:
2463 2017 2470 2025 .

213 2041 498 2128 praeclar-a
531 2046 760 2109 Eorum
794 2046 1004 2106 merita
1049 2039 1124 2102 ab
1151 2043 1487 2107 oblivionis
1517 2043 1814 2106 dedecore
1851 2043 2239 2109 vindicentur
2270 2095 2283 2118 ‚
2317 2050 2387 2108 ὃς

216 2149 288 2192 ex
322 2130 749 2197 commendata
781 2130 1038 2198 Illorum
1069 2132 1290 2193 virtute
1320 2132 1535 2206 posteri
1566 2132 1909 2194 animentur
1942 2131 2038 2208 acl-r
2060 2132 2385 2214 gloriosam

214 2214 405 2303 hujus
439 2222 847 2281 imitationem
879 2268 892 2282 .
940 2217 1152 2280 Hae&
1181 2219 1292 2279 illae
1324 2240 1413 2280 ex
1448 2224 1736 2300 peculiari
1766 2217 1968 2280 studio
1990 2259 2007 2284 ‚
2052 2224 2116 2280 &
2148 2220 2403 2286 cautela·

212 2302 764 2386 itasormataesunt
791 2346 806 2372 ‚
854 2322 923 2368 ut
959 2303 1186 2367 nemini
1235 2305 1357 2365 ulla
1387 2304 1727 2381 offensionis
1760 2305 1991 2367 occasio
2038 2307 2384 2392 suppedite-

213 2404 346 2453 tur:
395 2391 659 2480 suntque
694 2391 1077 2477 potissimum
1111 2391 1461 2465 Laconicae,
1490 2415 1630 2456 cum
1662 2398 1724 2454 in
1748 2390 1971 2455 Verbo
1992 2390 2386 2460 abbreviato,

214 2472 401 2560 scopo
439 2499 577 2540 meo
624 2477 984 2541 satisfafium
1032 2493 1410 2540 autumarem
1442 2526 1458 2548 ,
1505 2485 1566 2539 ὁ(
1602 2478 1800 2538 alieno
1850 2481 2084 2540 muneri
2124 2499 2249 2546 *met
2275 2482 2404 2539 imm

216 2563 460 2624 miscere
518 2563 856 2625 noluerim-
905 2565 1117 2645 thue
1162 2562 1270 2620 illae
1316 2562 1539 2620 clarius
1584 2576 1859 2639 paterent
1900 2603 1914 2627 ‚
1961 2561 2243 2622 Asterisci
2291 2561 2393 2622 ali-

217 2650 462 2730 quoties
491 2691 507 2716 ,
557 2651 621 2708 &
664 2651 749 2708 ita
793 2647 1049 2728 appositi
1098 2643 1272 2708 sunt,
1322 2659 1392 2703 ut
1431 2639 1761 2706 Asteriscus
1809 2646 1874 2704 in
1925 2642 2389 2709 Constitutione

216 2731 473 2818 simplex
519 2778 534 2802 ,
592 2730 970 2797 Asteriscum
1015 2727 1347 2812 simplicem
1392 2732 1458 2791 in
1508 2727 1682 2791 Nota
1715 2775 1729 2799 ,
1774 2734 1838 2793 &
1885 2733 2226 2812 geminatus
2287 2737 2392 2795 in)

216 2818 714 2887 Constitutione,
763 2821 1134 2904 geminatum
1182 2818 1244 2877 in
1295 2819 1504 2882 Nota,
1547 2817 1805 2880 relative
1852 2831 2036 2882 vocet
2066 2864 2081 2880 .
2132 2819 2191 2882 Si
2243 2818 2390 2883 dein

218 2925 332 2967 nec
384 2908 584 2969 Notas
632 2925 837 2967 rerum
866 2945 882 2970 ‚
931 2925 1038 2966 nec
1090 2903 1385 2977 Virorum
1439 2905 1709 2966 inveniri
1753 2921 2030 2966 occurrat
2058 2948 2076 2976 ,
2123 2926 2219 2966 eas
2266 2927 2390 2966 non

217 2988 627 3075 praeterrniffas
661 3038 677 3064 ,
721 2990 822 3055 sed
856 2991 1055 3076 plures
1099 3007 1304 3054 earum
1349 2985 1431 3052 ad
1474 2989 1628 3053 alios
1650 2989 1879 3076 Operis
1902 2992 2145 3056 Tomos
2189 2993 2391 3056 remis-

214 3080 302 3141 sas
350 3076 459 3141 esse
504 3081 654 3141 scito
682 3127 696 3142 .
796 3091 801 3097 ’

410 3168 481 3230 In
526 3166 845 3228 Notarum
891 3162 1052 3246 stylo
1097 3164 1320 3227 durum
1365 3162 1760 3248 aliquando,
1802 3167 1867 3228 &
1916 3162 2244 3228 obscurum
2288 3183 2387 3225 me

218 3255 524 3333 reperies;
574 3272 685 3314 nec
746 3255 956 3313 mirare
993 3294 1008 3319 ‚
1052 3249 1138 3312 fui
1183 3249 1313 3313 talis
1359 3272 1429 3315 ex
1477 3249 1750 3315 studioso
1811 3268 2036 3315 conatu
2081 3278 2096 3315 z
2145 3251 2338 3310 durus
2365 3293 2382 3318 ‚

218 3355 292 3400 ut
311 3337 484 3403 essem
518 3342 580 3401 in
609 3337 1072 3420 transcriptione
1101 3334 1328 3406 fidelis;
1362 3335 1680 3416 obscurus,
1722 3357 1797 3403 ut
1828 3338 2001 3401 essem
2033 3340 2211 3402 caute
2260 3334 2386 3399 cla-

221 3444 355 3488 ruS.
390 3429 480 3489 Ex
507 3424 623 3487 hac
649 3422 773 3509 ipsa
800 3425 1029 3484 ratione
1064 3426 1127 3482 in
1154 3421 1572 3505 Ortographia
1603 3425 1805 3488 recessi
1837 3423 1912 3485 ab
1951 3427 2061 3486 usu
2091 3421 2335 3484 illorum
2368 3466 2386 3492 ,

220 3510 326 3589 qui
357 3551 372 3574 ‚
406 3532 549 3572 cum
598 3510 1013 3573 diverfitatem
1048 3509 1375 3571 verborum
1415 3510 1693 3576 hauriant
1727 3536 1802 3576 ex
1837 3511 2006 3571 sensu
2035 3548 2053 3574 2
2077 3508 2387 3571 'accentus

221 3610 350 3657 tarn
372 3614 583 3658 acutos
599 3637 613 3661 ‚
628 3616 840 3681 graves
855 3640 868 3662 ‚
893 3612 1081 3678 quam
1100 3594 1521 3658 circumflexos
1541 3601 2004 3681 praetermittunt
2022 3635 2039 3661 ‚
2054 3600 2115 3659 &
2138 3611 2386 3659 econtra

223 3700 437 3744 eorum
471 3682 628 3765 leges
662 3679 1034 3766 potissimum
1066 3678 1194 3745 sum
1230 3682 1461 3745 securus
1489 3729 1503 3750 ,
1549 3690 1655 3766 qui
1688 3679 2035 3747 accentibus
2057 3724 2073 3749 ,
2113 3704 2230 3744 ceu
2273 3688 2387 3740 Ver-

220 3768 391 3824 borum
436 3771 613 3828 anima
658 3773 974 3852 aequivoca
1014 3766 1358 3836 discernunt
1388 3814 1406 3844 ,
1461 3774 1526 3832 δι
1559 3771 1696 3835 sunt
1736 3771 1888 3834 inter
1920 3771 2234 3837 Nationes
2278 3787 2386 3849 po·

224 3858 403 3915 tiores
427 3860 448 3919 ’.
476 3857 492 3901 Ι
678 3888 693 3906 ·
2048 3854 2300 3924 Zoilum
