2658 4244
58 3469 248 3509 LibellmSup-

57 3514 123 3552 ples
133 3529 141 3539 .

335 269 360 312 1
388 266 428 331 7
444 266 483 307 0
867 230 1025 318 Sub
1088 233 1504 321 Benedicfk'
1539 231 1756 319 XIII.

265 346 328 388 seu
347 346 577 401 praescripto
592 343 859 388 sacerdotum
876 362 1047 391 numero
1062 377 1075 400 ,
1102 350 1191 391 &in
1208 364 1299 404 pet·-
1359 351 1630 395 cismontanis
1645 382 1660 402 ,
1684 365 1759 406 pro
1785 348 1852 393 die
1879 347 1993 390 Festo
2016 349 2261 396 Sanfflffimae
2273 355 2386 398 Con-2

264 416 432 460 pctuum
460 402 758 459 privilegiatum
787 405 955 458 existat,
992 409 1174 464 exceptis
1216 408 1295 450 illis
1359 409 1555 465 ceptionis
1582 411 1698 452 ss.V.
1722 409 1856 451 Mariae
1883 407 2186 458 Immaculatae,
2209 411 2386 455 Patronae

263 462 453 506 Ecclcfiis
468 493 483 514 ‚
518 477 600 518 quae
615 477 686 518 per
699 463 871 505 aliorum
891 469 1144 509 Summorum
1163 469 1299 508 Ponti-

264 521 384 563 ficum
411 520 704 564 concessionem
731 523 865 565 Altari
881 525 1136 580 privilegiato
1148 539 1296 580 perpe-

265 583 337 622 tuo
352 579 430 636 jam
445 579 532 623 sunt
547 579 757 623 decoratae.
772 581 938 639 Insuper
954 583 1147 640 supplicat
1161 586 1291 635 S.v.‚

264 650 309 687 ut
327 637 523 693 praesentis
538 638 669 680 libelli
682 638 867 694 supplicis
885 641 1141 696 Rescriptum
1157 641 1293 684 valeat

263 699 312 740 ad
333 698 441 738 vices
460 699 596 741 Brevis
611 723 626 746 2
655 699 695 738 &
707 701 812 753 quasi
826 700 999 755 desuper
1014 701 1214 755 expeditae
1235 699 1294 742 fo-

264 766 356 799 rent
385 756 532 799 Literae
551 755 810 812 Apostolicae.
871 761 1008 817 Qam
1023 761 1190 812 gratiam
1215 761 1294 800 &c.

404 934 533 986 Foris
565 958 601 975 -ι-
635 931 888 997 Sanft'iffi'mo
926 933 1107 982 Domino
1143 932 1297 1001 Nostro

747 1003 969 1067 Benediffo
1004 1001 1207 1055 XIII..

375 1190 451 1232 'Pro
477 1191 734 1232 Procuratore
764 1192 952 1234 Generali
982 1191 1290 1249 Capacinorum.

402 1365 697 1436 Rescriptum
730 1371 922 1439 propria-j
957 1368 1147 1422 maniis·

321 1497 546 1540 Annuimus
559 1511 635 1553 pro
650 1497 779 1540 tribus
796 1496 939 1540 diebus
958 1499 1000 1539 in
1015 1497 1198 1552 qualibet
1224 1496 1298 1538 hei

263 1554 437 1598 domada
449 1556 489 1595 in
506 1566 747 1609 perpetuum
762 1583 776 1607 ,
790 1556 830 1597 δε
843 1556 967 1599 etiam
982 1569 1059 1612 pro
1078 1563 1165 1597 tota
1178 1555 1296 1595 oeta-

264 1627 313 1656 va
328 1611 619 1656 Defunctorum
630 1643 642 1655 .

322 1785 593 1840 Attestamur‚
626 1787 731 1841 quod
770 1785 885 1841 hujus
929 1785 1074 1828 zibelli
1107 1784 1296 1840 supplicis

261 1846 507 1901 Relbriptum
522 1843 582 1898 stt
599 1848 763 1902 proprio
791 1847 878 1887 Suae
905 1843 1141 1887 Sanb‘t'itatis
1156 1845 1297 1887 chara-

262 1905 364 1949 ft'ere
375 1913 582 1948 exaratum
593 1932 606 1945 .
1098 1910 1103 1916 ’

724 2031 774 2072 F.
808 2030 927 2074 Card.
958 2030 1175 2088 Paulatim,

373 2182 510 2223 Locus
541 2178 597 2233 »Β
630 2177 784 2238 Sigilli.

319 2354 522 2410 Originalc
537 2362 621 2395 tam
641 2353 883 2397 Memorialis
898 2381 913 2405 ‚
930 2352 1126 2412 Rcstripte·
1139 2381 1153 2404 ‚
1177 2353 1294 2407 quam

376 2414 511 2454 manas
532 2414 804 2466 recognitionh
824 2418 868 2453 tn
891 2411 1011 2456 Arch.
1027 2426 1117 2470 gen.
1137 2411 1293 2455 Ordinis

379 2473 484 2513 Tom.
502 2474 685 2526 Quum.
701 2482 772 2526 49.

260 2821 602 2889 AnnoJubilaeo
621 2838 708 2870 non
723 2821 953 2882 obstante,
981 2823 1292 2895 Indulgentias

272 2893 513 2959 *plenarias
533 2909 613 2959 pro
633 2892 762 2942 Festo
789 2897 1112 2961 Conceptionis
1142 2900 1195 2945 B.
1227 2899 1291 2945 V.

295 2963 453 3012 Mariae
480 2965 821 3021 Immaculatae‚
848 2966 1101 3014 Provinciis
1135 2967 1292 3021 Ultra-

296 3033 526 3082 montanis
557 3036 649 3093 jam
672 3032 892 3083 concessas
908 3069 924 3091 ,
959 3036 1098 3084 etiam
1126 3035 1182 3085 ad
1211 3040 1293 3086 Ec-

296 3100 447 3151 clefias
474 3117 567 3151 tam
597 3104 807 3153 Fratrum
828 3140 844 3162 ,
861 3104 996 3174 quzim
1015 3108 1291 3158 Monialium

295 3175 342 3223 in
363 3172 497 3225 Italia
515 3171 715 3225 extendit
728 3208 740 3221 .

549 3359 803 3426 'Beatffme
839 3358 981 3409 ‘Pater
992 3365 1008 3409 .’

369 3487 603 3531 Rocurator
635 3484 854 3530 Generalis
897 3487 1198 3542 Capucinorum
1228 3505 1295 3544 pa-

385 3555 506 3586 ternae
540 3548 764 3589 Sanflitatis
794 3547 943 3590 Vestrae
970 3546 1207 3588 Clementiae
1230 3562 1295 3589 re·-

267 3611 472 3655 verenter
503 3603 724 3658 supplicat,
757 3617 953 3661 quatenus
996 3618 1077 3647 non
1109 3605 1293 3648 obstante

267 3659 481 3700 universali
501 3662 846 3715 indulgentiarum
866 3662 1292 3719 suspenfionecurren-

268 3717 320 3756 tis
337 3716 439 3757 Anni
458 3719 583 3759 Sand'ti
600 3747 612 3767 ‚
641 3721 919 3774 Indulgentias
936 3721 1135 3777 plenarias
1150 3720 1296 3763 Eccle-

267 3775 326 3818 fiis
342 3777 630 3819 Conventuum
657 3777 729 3822 suae
755 3779 984 3836 Religionis
1002 3780 1040 3823 in
1072 3780 1294 3828 Provinciis

1358 466 1598 522 Principalis
1627 470 1666 509 &
1692 466 1951 510 Protec‘tricis
1978 466 2102 508 totius
2118 463 2174 507 sui
2197 468 2387 522 Ordinis,

1358 524 1589 568 concedere
1618 526 1806 580 dignetur
1840 553 1854 576 ,
1884 532 2081 579 quatenus
2110 522 2252 565 fideles
2280 554 2295 575 ,
2324 537 2387 569 te-

1353 583 1454 625 sauri
1481 583 1597 636 hujus
1625 583 1838 638 spiritualis
1857 581 2027 625 subsidio
2042 582 2155 625 saluti
2170 582 2387 629 animarum

1353 642 1508 684 suarum
1521 642 1787 684 abundantius
1801 641 2010 685 consulere
2021 639 2161 699 posiint
2173 668 2184 681 .

1410 703 1545 757 Qam
1573 703 1745 759 gratiam
1771 701 1847 744 &cu

1416 832 1494 871 Die
1506 844 1563 873 xv
1574 845 1606 872 1.
1627 833 1854 875 Novembris
1869 848 2098 877 mcccxxv.
2129 831 2388 890 Sanb‘lffmul

1357 887 1548 928 Dominus
1563 889 1701 941 Noster
1709 890 1870 946 benign&
1882 893 2041 949 indulsit
2061 921 2076 943 ‚
2106 902 2152 935 ut
2164 897 2207 935 in
2220 893 2394 934 omnibus

1359 944 1533 997 Ecclestis
1552 954 1635 985 tam
1652 951 1845 989 Fratrum
1863 978 1876 999 ,
1889 951 2007 1003 qudm
2023 953 2260 993 Montanum
2278 951 2396 993 ordi·
2462 989 2468 996 .

1360 1004 1419 1042 nis
1437 1004 1722 1055 Capacinorum
1734 1032 1750 1055 ,
1775 1007 2066 1049 Provinciarum
2079 1013 2121 1050 in
2138 1009 2284 1051 Libello
2299 1011 2397 1063 Sup-

1350 1059 1453 1113 plici
1463 1059 1728 1115 exprcffirum
1741 1087 1754 1110 ‚
1785 1066 1944 1114 acquiri
1959 1066 2089 1108 valcat
2103 1067 2163 1106 die
2178 1067 2282 1121 Festo
2299 1070 2397 1106 Con-

1358 1121 1539 1171 ceptionis
1555 1121 1600 1160 B.
1618 1121 1677 1159 M.
1699 1121 1738 1162 V.
1754 1121 2018 1162 lmmacalatae
2033 1149 2047 1171 ‚
2087 1137 2161 1165 non
2177 1123 2395 1179 obstante-2

1358 1177 1574 1245 univfrfizli
1605 1175 1851 1235 suspensione
1865 1179 2208 1235 Indulgentiarum
2216 1192 2292 1238 pro
2307 1184 2394 1226 um-

1359 1246 1405 1275 ca
1426 1247 1527 1276 vecc-

1841 1394 1885 1436 C.
1912 1393 1979 1433 De
2011 1391 2250 1449 Hieronymi:
2261 1418 2282 1434 .-

1473 1544 1605 1596 Locus
1623 1541 1679 1597 ›f‹
1706 1539 1835 1594 Sigilli
1849 1550 1864 1585 .“

1419 1748 1679 1801 originalem
1692 1747 1811 1790 Arcb.
1819 1748 1999 1803 generali
2015 1750 2172 1793 Ordt'm's
2204 1754 2307 1795 Tam.
2330 1757 2406 1813 Q

1475 1818 1580 1849 num.
1610 1817 1682 1859 41.

1356 2177 1499 2246 Qod
1516 2194 1610 2229 tam
1628 2177 1795 2229 infirmi
1813 2182 1990 2228 Fratres
2005 2213 2020 2236 ,
2051 2178 2186 2246 quim
2201 2180 2383 2228 Monias

1388 2252 1452 2299 les
1483 2251 1527 2300 in
1558 2250 1818 2300 Infirmario
1852 2249 2165 2318 Indulgentias
2189 2249 2380 2298 Ordinis

1389 2321 1557 2370 lucrari
1586 2335 1753 2388 queant
1772 2357 1787 2380 ‚
1825 2319 1873 2371 ὅ(
1905 2319 2027 2387 quod
2050 2317 2380 2387 Rescriptum..v

1389 2391 1544 2442 valeat
1556 2393 1793 2460 prossrevi
1805 2427 1822 2450 ,
1850 2389 2060 2441 concedit
2078 2427 2090 2440 .

1638 2580 1891 2646 ‘Beatifflme
1942 2579 2096 2629 Pater}

1454 2726 1684 2768 Rocurator
1726 2722 1938 2768 Generalis
1982 2720 2283 2776 Capucinorum
2325 2716 2377 2760 ad
2396 2734 2585 2779 Lfbeufflffl

1473 2783 1698 2826 Sanctitatis
1716 2783 1867 2825 Vestrae
1891 2780 2015 2836 pedes
2028 2789 2269 2822 reverenter
2283 2790 2377 2832 pro-
2392 2777 2459 2818 prex
2470 2797 2480 2807 ·

1350 2842 1493 2883 stratus
1508 2869 1521 2891 ‚
1548 2841 1586 2881 &
1606 2840 1821 2882 stimulatus
1836 2839 1856 2880 ἃ
1876 2838 2099 2880 tenerrima
2130 2834 2200 2879 illa
2226 2836 2377 2880 Chari-

1351 2910 1460 2950 tate,
1476 2912 1595 2954 quam
1609 2899 1801 2942 Saneiitas
1816 2897 1955 2940 Vestra
1971 2899 2008 2938 in
2024 2906 2194 2951 paterno
2208 2894 2274 2937 suo
2286 2909 2379 2937 cor-

1350 2959 1403 3002 de
1416 2972 1512 3013 erga
1527 2971 1666 2999 omnes
1684 2986 1698 3008 ,
1715 2956 1931 3012 praescrtim
1959 2955 2059 2997 vero
2076 2968 2173 3010 erga
2200 2953 2378 2997 infirmos

1350 3018 1524 3067 nutriri,
1550 3015 1710 3059 diverso
1725 3015 1804 3074 jam
1819 3014 2064 3057 documento
2074 3014 2262 3069 probavit
2277 3043 2292 3063 ‚
2308 3014 2383 3054 hu-

1353 3076 1519 3120 millime
1535 3074 1729 3132 supplicat
1746 3101 1759 3124 ‚
1790 3084 1983 3130 quatenus
1997 3071 2226 3114 concedere
2239 3070 2382 3122 digne-

1352 3148 1417 3179 tur
1433 3164 1448 3187 ,
1478 3146 1519 3177 ut
1535 3132 1726 3188 Religiosi
1749 3132 1974 3187 Capucini‚
1996 3141 2074 3182 prae
2101 3126 2333 3170 infirmitate
2355 3126 2380 3168 ὃ

1351 3196 1458 3239 leno
1475 3195 1637 3249 surgere
1655 3219 1668 3242 ,
1696 3192 1733 3231 &
1751 3188 1801 3230 ad
1818 3186 2039 3231 Ecclesiam
2065 3185 2113 3228 ad
2141 3185 2382 3228 obtinendas

1352 3251 1660 3307 Indulgentias,
1691 3262 1786 3303 quas
1812 3247 1890 3289 sani
1921 3249 2084 3289 Fratres
2113 3259 2185 3301 per
2199 3245 2291 3287 anni
2308 3243 2383 3285 de-

1355 3309 1509 3356 cursum
1539 3309 1591 3350 ibi
1617 3308 1851 3357 lucrantur,
1881 3305 1920 3347 se
1948 3303 2134 3346 conferre
2150 3317 2229 3346 non
2246 3302 2382 3345 valen-

1356 3382 1447 3421 tes,
1478 3367 1637 3411 easdem
1664 3365 1940 3420 Indulgentias
1967 3363 2005 3403 in
2033 3360 2258 3402 lufirmario
2276 3361 2382 3403 obti-

1355 3442 1453 3473 nere
1466 3426 1608 3485 possint
1632 3454 1647 3478 ‚
1677 3422 1910 3482 peragendo
1923 3432 2046 3476 opera
2074 3418 2245 3475 injuncta
2262 3448 2276 3470 ,
2306 3434 2380 3475 pro

1357 3487 1533 3544 ipsorum
1548 3485 1648 3527 statu
1663 3482 1853 3540 possibilia
1866 3507 1881 3530 ‚
1913 3476 1978 3520 vel
1996 3490 2043 3519 ea
2060 3476 2280 3533 supplendo
2308 3492 2379 3534 per

1356 3548 1432 3590 alia
1453 3574 1467 3598 ,
1500 3546 1536 3587 in
1553 3558 1638 3600 quae
1665 3542 1726 3585 vel
1741 3541 1761 3581 ἒι
1777 3537 1995 3593 superiore
2010 3535 2075 3577 vel
2089 3536 2110 3577 τὶ
2128 3533 2377 3580 confessario

1353 3604 1730 3648 commutabuntur.

1413 3664 1543 3715 Rogat
1573 3658 1753 3713 insuper,
1784 3662 1827 3697 ut
1855 3655 1955 3697 hanc
1983 3654 2155 3696 eandem
2170 3655 2375 3710 gratiam..-

1354 3722 1404 3764 ad
1424 3716 1617 3762 Moniales
1638 3714 1861 3770 Capucinas
1878 3724 2038 3770 quoque
2066 3713 2287 3756 extendere
2305 3740 2318 3763 ,
2335 3714 2375 3752 &

1353 3776 1585 3823 concedere
1611 3773 1799 3834 dignetur
1829 3801 1843 3825 ,
1874 3771 1980 3829 quod
2027 3772 2284 3869 Rescriptulrn
2321 3768 2373 3811 ad

2157 3843 2232 3885 prae
2250 3840 2317 3871 ens
