2658 4244
908 213 1065 306 Sub
1128 215 1528 307 Benediffo'
1581 212 1794 302 XIII.

310 343 444 387 nitatis
460 340 565 386 diem
580 336 826 383 Dominicam
843 364 857 386 ,
874 332 1118 378 Sanctiffimae
1134 334 1312 375 Trinita-

308 401 341 443 ti
358 402 506 445 sacram
519 428 534 451 2
548 414 613 442 xi.
631 396 828 442 Kalendas
839 395 971 451 Junias
987 393 1075 432 anni
1093 392 1312 433 Dominicae

306 460 591 503 incarnationis
614 455 780 499 moccxt
795 469 826 496 ι.
856 449 1193 507 sui'Pontificatus
1216 464 1260 491 xi
1279 464 1310 491 ι.

310 527 422 561 tanto
435 519 560 567 actui,
588 516 628 556 &
657 511 909 562 coeremoniae
920 508 1173 566 perficiendae
1204 507 1313 550 futu„

308 589 393 618 ram
405 576 482 619 effe
496 574 644 617 voluit:
677 573 936 628 quemaetum
951 596 964 618 ,
995 568 1174 609 omnium
1190 568 1314 609 maxi-

307 634 371 681 me
384 635 598 677 solemnem
610 659 625 682 ,
639 630 796 685 Regum
807 657 820 679 ‚
833 632 869 670 &
887 627 1116 682 Principum
1129 627 1315 668 obsecra-

295 693 436 734 -tiones
449 688 731 746 abApostolica
748 687 855 730 sede
870 683 1214 743 obsequentiffime
1229 695 1316 727 tan-

307 750 349 791 to
366 759 481 792 antea
496 745 754 804 poposcerant
767 777 778 787 .

356 811 498 862 ltaque
523 805 715 848 Clemens
748 800 915 857 praestita
945 802 1013 846 die
1045 804 1084 846 in
1100 805 1322 847 Santram-,2

287 865 514 908 'Beator'um
530 864 638 906 Petri
654 892 669 912 ,
686 863 725 902 &
738 862 849 904 Pauli
869 862 1076 904 Basilicam
1094 875 1236 916 magno
1249 875 1320 916 ap·-

299 933 441 979 paratu
455 951 469 974 ‚
498 924 536 962 &
550 921 792 964 celebritate
807 920 1014 975 proceffit:
1037 920 1105 963 ubi
1126 920 1164 961 in
1183 920 1322 975 plena-

295 981 356 1023 rio
371 985 411 1025 S.
427 983 478 1022 R.
493 982 540 1022 E.
557 978 836 1022 Cardinalium
849 1006 863 1028 ‚
877 978 1200 1020 Patriarcharum
1213 1007 1226 1029 ,
1240 980 1322 1019 Ar-

296 1038 638 1094 cliiepiscoporum
655 1065 668 1087 ‚
698 1038 738 1076 ὃ(
752 1036 1042 1091 Episcoporum
1072 1040 1290 1079 Conventu
1304 1065 1319 1087 ,

296 1098 479 1152 repetitis
494 1110 568 1151 pro
582 1099 705 1137 Beato
720 1096 874 1136 Peuce
892 1095 930 1137 in
944 1098 1173 1138 Sanctorum
1186 1098 1321 1137 Cano-

294 1169 391 1197 nem
405 1153 622 1197 referendo
636 1153 869 1195 humillimis
893 1152 941 1196 ad
957 1155 1090 1195 Deum
1105 1152 1290 1209 precibus
1305 1183 1320 1204 ,

298 1211 540 1256 &Paracliti
558 1209 724 1267 Spiritus
748 1209 876 1266 gratici
888 1212 1003 1253 enixe
1029 1208 1243 1263 invocata,
1269 1213 1320 1253 ad

296 1271 497 1313 honorem
516 1269 758 1312 Sanctiffimae
770 1299 785 1319 ,
799 1271 839 1310 &
853 1269 1074 1313 Individuae
1088 1270 1317 1320 Trinitatis,

297 1329 523 1385 Fideique,
553 1330 590 1369 δι
620 1327 838 1382 Religionis
863 1327 1080 1370 Catholicae
1103 1325 1320 1381 amplifica·-

298 1386 450 1428 tionem
461 1414 475 1436 ,
489 1385 724 1428 auc‘toritate
737 1386 1037 1439 Omnipotentis
1057 1386 1130 1428 Dei
1142 1414 1156 1436 ‚
1173 1387 1317 1436 Patris,

296 1445 418 1496 Filii,
442 1446 482 1485 δι’.
506 1444 675 1498 Spiritus
691 1444 847 1492 Sanni,
873 1456 918 1482 ac
941 1444 1161 1484 Beatorum
1179 1445 1318 1491 Petri,

293 1503 334 1541 &
352 1502 463 1545 Pauli
489 1501 768 1555 Apostolorum
780 1529 797 1549 ,
809 1521 814 1525 ·
827 1509 917 1542 toto
935 1499 1083 1541 eodem
1099 1503 1316 1542 conventu

292 1573 375 1602 uno
400 1573 471 1600 ore
496 1560 742 1612 approbante
757 1586 771 1608 ‚
797 1558 837 1600 ὃς
853 1554 1133 1599 consentiente
1148 1585 1163 1607 ‚
1183 1559 1314 1599 beatae

291 1631 410 1659 mem.
427 1619 615 1658 faucem
641 1616 662 1655 a
678 1616 935 1664 Cantalicio‚
960 1615 1012 1656 de
1039 1614 1151 1668 cujus
1176 1616 1320 1655 saneti-

294 1686 382 1717 tate
397 1704 412 1724 ‚
431 1675 704 1727 virtutumque
721 1671 1055 1721 Christianarum,
1070 1674 1110 1712 δε
1124 1670 1323 1725 lignorum

295 1731 569 1786 magnitudine
592 1728 794 1771 cumulate
814 1729 1072 1780 constiterat,
1098 1731 1175 1771 una
1199 1744 1323 1773 curn„-

294 1786 530 1833 Confeffore
546 1789 585 1828 δι
603 1785 794 1829 Pontifice
810 1787 883 1828 Pio
899 1788 1003 1842 Papa
1022 1790 1073 1829 V.
1086 1785 1322 1838 ,Confessu-

294 1863 340 1891 re
368 1862 444 1889 non
467 1844 663 1890 Pontifice
690 1844 848 1887 Andrea
874 1845 1101 1896 Avellino‚
1131 1846 1321 1902 Virgine-

293 1921 373 1962 que
386 1920 465 1947 non
498 1908 678 1957 Martyre
701 1902 922 1945 Catharina
949 1906 969 1944 ἐι
993 1904 1167 1946 Bononia
1183 1933 1197 1954 ,
1223 1909 1321 1948 San·

293 1967 444 2005 &orum
470 1958 746 2003 Confelsorum
786 1974 864 2002 non
894 1960 1134 2004 Pontificum
1159 1962 1319 2003 Canoni

290 2019 598 2064 adscribendum
614 2016 691 2061 else
706 2017 887 2062 definivit
900 2048 914 2069 ‚
933 2020 1104 2062 eundem
1123 2022 1317 2063 Panem

290 2082 523 2124 Sanctorum
544 2075 825 2120 confessorum
849 2079 1007 2120 Canoni
1036 2077 1319 2133 adscriptum„

290 2137 482 2192 deinceps
503 2137 550 2178 ab
566 2136 757 2177 universis
770 2136 1108 2178 Christifidelibus
1127 2166 1140 2188 ‚
1162 2138 1206 2179 ut
1224 2137 1320 2180 vere

289 2198 474 2239 Sanctum
485 2223 498 2245 ‚
514 2195 663 2250 ubique
678 2193 898 2236 colendum
913 2223 927 2245 ‚
943 2194 1218 2237 honorandum
1231 2225 1244 2246 ,
1256 2197 1320 2237 in-

288 2253 591 2308 vocandumque
619 2252 834 2304 decrevit3
862 2253 899 2293 in
930 2251 1017 2308 ejus
1044 2254 1239 2296 honorem
1260 2252 1322 2295 sa-

289 2325 376 2353 cras
397 2311 501 2354 aedes
521 2339 536 2361 ,
560 2312 600 2352 &
617 2310 755 2354 altaria
770 2339 784 2361 ,
808 2311 876 2353 ubi
890 2311 1142 2354 incruentum
1156 2311 1319 2356 -sacrifi-

287 2371 392 2412 cium
412 2373 497 2412 Deo
510 2368 706 2411 offeratur
722 2398 734 2420 ,
750 2369 927 2411 construi·
938 2371 977 2410 &
991 2369 1115 2412 dicari
1129 2383 1145 2422 3
1169 2374 1209 2413 ἃς
1221 2385 1320 2428 quo-

289 2429 419 2470 tannis
430 2441 496 2468 xv.
511 2427 714 2470 Kalendas
726 2428 859 2483 Junias
876 2457 890 2479 ‚
919 2442 1000 2483 quo
1025 2428 1093 2470 die
1109 2429 1318 2471 obdormi-

289 2488 352 2527 vit
366 2487 408 2527 in
424 2485 598 2526 Domino
611 2511 624 2533 2
646 2483 865 2526 solemnem
882 2485 967 2541 ejus
982 2487 1215 2528 memoriam
1229 2514 1242 2536 ,
1275 2488 1319 2528 ut

289 2543 422 2586 Sancti
444 2538 690 2583 Confessoris
708 2569 723 2590 ‚
753 2542 818 2595 pie
837 2543 962 2584 recoli
990 2540 1096 2596 posse
1122 2544 1287 2585 sancivit
1306 2573 1317 2585 .

288 2601 480 2655 Denique
510 2600 648 2653 gratiis
674 2602 765 2640 Deo
796 2612 886 2640 cum
911 2601 1164 2643 exultatione
1184 2604 1276 2644 actis
1300 2632 1316 2654 ,

287 2657 399 2713 quod
412 2659 595 2701 Sanctum
608 2655 885 2700 confessorem
902 2660 1092 2702 ΡειισεΜ
1103 2675 1190 2702 cum
1203 2671 1314 2717 cete-

287 2717 341 2758 ris
368 2716 445 2770 jam
474 2717 703 2757 memoratis
731 2717 770 2757 in
797 2717 1005 2771 conspefftu
1019 2719 1195 2761 omnium
1217 2734 1314 2775 gen-
1382 2765 1390 2775 ¹

288 2776 386 2815 tium
411 2773 661 2815 honorificari
679 2802 692 2825 2
719 2776 756 2815 &
783 2775 1022 2818 militantem
1055 2778 1312 2821 Ecclesiam-2

285 2842 369 2874 tam
391 2829 527 2885 infigni
543 2832 670 2885 gloria
694 2831 881 2873 decorari
908 2830 1086 2875 voluisset
1106 2849 1122 2887 3
1149 2836 1187 2877 in
1206 2836 1310 2892 ejusl-

287 2891 380 2933 dem
394 2887 655 2939 Confessum,
669 2891 704 2930 &
722 2899 952 2943 ceterorum
968 2891 1129 2933 laudem
1144 2893 1312 2936 solemni

287 2948 472 2989 oratione
489 2946 667 2997 cantata,
680 2948 718 2988 in
732 2950 817 2988 Ara
838 2949 1004 2990 maxima
1021 2946 1132 3003 supra
1146 2951 1314 2995 Confes-

285 3008 432 3047 fionem
447 3006 558 3046 Beati
573 3006 684 3047 Petri
700 3005 981 3059 Apostolorum
998 3008 1195 3063 Principis
1207 3038 1219 3060 ‚
1235 3011 1311 3052 una

285 3078 379 3106 cum
406 3062 628 3104 eorundem
644 3067 879 3105 Sanctorum
894 3068 1280 3110 commemoratione
1295 3097 1310 3119 2

284 3120 404 3170 Miffae
429 3119 673 3163 Sacrificium
697 3120 948 3173 celebravit,
981 3122 1213 3179 finguliffiue
1229 3129 1312 3169 Ca-

283 3179 445 3222 tholicis
461 3207 475 3228 ,
492 3179 556 3234 qui
572 3187 688 3221 tantae
700 3182 954 3223 coeremoniae
967 3181 1208 3233 intererant,
1223 3184 1311 3238 ple·

281 3237 431 3280 nariam
446 3246 703 3290 peccatorum
717 3236 1013 3293 indulgentiam
1023 3269 1039 3290 ,
1057 3242 1094 3282 &
1110 3241 1305 3285 remiffio-

280 3308 375 3349 nem
393 3294 558 3349 largitus
573 3294 629 3336 est
647 3325 658 3335 .

340 3357 405 3396 Ne
420 3354 518 3394 vero
540 3352 592 3394 de
610 3353 834 3409 hujusmodi
852 3353 1015 3398 solemni
1035 3355 1272 3399 definitione
1287 3386 1301 3409 ,

284 3412 324 3453 δε
336 3411 532 3453 sanctione
546 3412 772 3467 Apostolica
786 3441 799 3462 ‚
821 3413 1066 3470 coeterisque
1079 3415 1271 3471 praemiffis
1285 3443 1302 3465 2

284 3479 499 3526 propterea
511 3495 526 3519 3
544 3471 650 3525 quod
664 3469 717 3514 de
734 3470 814 3512 illis
828 3486 900 3527 per
924 3472 1096 3515 eundem
1112 3473 1304 3516 Clemen-

285 3537 370 3570 tem
386 3554 400 3576 ‚
415 3537 482 3569 aut
497 3527 581 3584 ejus
597 3527 867 3572 Successorem
883 3531 1014 3572 felicis
1031 3532 1228 3573 memoria:
1243 3535 1305 3574 In.

284 3587 518 3629 nocentium
542 3588 660 3630 XIII.
691 3588 999 3632 Fra-decessores
1021 3590 1189 3632 Nostros
1221 3590 1306 3633 Lit-

284 3660 336 3687 rae
349 3644 574 3688 decretales
589 3645 817 3701 conscriptae
831 3663 907 3691 non
925 3647 1074 3690 fuerint
1090 3677 1103 3699 ‚
1128 3663 1303 3704 unquam

281 3702 394 3760 posfit
408 3703 663 3755 imposterum
678 3707 983 3760 quomodolibet
1003 3706 1181 3759 haesitari3
1202 3711 1303 3758 Nos,

283 3763 348 3819 qui
362 3763 523 3819 utrique
538 3791 552 3814 ‚
568 3761 800 3819 disponente
818 3767 993 3810 Domino
1004 3795 1019 3815 ,
1045 3765 1143 3808 licet
1162 3767 1303 3808 imme-

2187 254 2213 295 1
2242 230 2276 296 6
2302 246 2336 311 ς

1372 334 1470 382 riti,
1492 332 1529 371 in
1547 331 1757 373 Cathedra
1774 330 1887 372 Beati
1900 332 2009 374 Petri
2025 331 2275 374 successimus
2291 364 2306 384 ,
2333 345 2404 374 vo-

1372 391 1503 432 lumus
1518 416 1533 440 ,
1546 391 1583 432 8(
1601 390 1827 443 Apostolica
1842 390 2103 432 Authoritate
2123 391 2344 442 statuimus,
2360 399 2406 433 ut

1371 449 1581 492 decretum
1594 478 1609 500 ‚
1631 447 1778 491 sanctio
1792 475 1806 498 ,
1823 446 2009 489 definitio
2023 475 2037 497 ,
2064 449 2279 504 adscriptio
2294 482 2310 501 ,
2338 461 2406 490 re·-

1372 507 1471 551 latio
1485 536 1499 559 ,
1518 504 1743 556 concerno,
1765 517 1983 561 ceteraque
1999 507 2188 549 haetenus
2209 520 2410 550 memora-

1374 575 1445 618 ta,
1469 566 1491 608 a
1516 565 1597 622 jam
1611 565 1715 607 dieta
1742 565 1823 607 die·
1840 577 1904 605 xr.
1921 564 2121 609 Kalendas
2143 569 2281 620 Junias
2310 565 2406 610 anni

1376 638 1592 668 Moccxtr.
1620 622 1730 665 suum
1751 621 2048 678 consequantur
2071 622 2284 675 effectum,
2308 639 2352 675 ac
2380 621 2410 664 fi

1381 684 1433 727 de
1447 681 1528 726 illis
1544 684 1593 725 ab
1609 681 1755 726 eodem
1773 681 1995 724 Clemente
2011 695 2153 724 revera
2176 685 2319 727 Literae
2336 682 2409 724 de-

1379 741 1556 784 cretales
1570 741 1715 784 eadem
1730 740 1798 784 die
1811 740 2043 796 conscriptae
2057 770 2070 791 ,
2090 743 2130 783 &
2146 742 2408 796 promulgata:

1380 798 1604 852 fuiffent,ut
1620 799 1794 857 superius
1811 810 2036 843 enarratur.
2053 800 2249 841 Volumus
2266 800 2410 847 etiam,

1381 871 1427 904 ut
1447 859 1657 916 praesentes
1676 860 1825 902 Literae
1841 859 1995 902 Nostrae
2010 857 2059 899 ad
2074 858 2319 910 probandum
2337 854 2412 896 de-

1380 929 1536 962 cretum
1551 947 1565 970 ‚
1593 919 1856 969 sanctionem,
1876 919 1916 959 δε
1928 915 2206 960 definitionem
2221 944 2235 966 ,
2260 914 2414 955 adscri-

1379 978 1560 1035 ptionem
1573 1007 1588 1030 ‚
1604 978 1841 1021 relationem
1858 1006 1872 1028 ‚
1897 975 2191 1019 concessionem
2204 1002 2218 1025 ‚
2246 982 2412 1014 caetera-

1380 1051 1459 1094 que
1476 1034 1662 1088 praem‘iffa
1680 1037 1948 1092 undequaque
1962 1032 2153 1075 sufficiant
2166 1062 2181 1082 ,
2208 1044 2338 1085 neque
2351 1027 2412 1068 al-

1380 1096 1504 1138 terius
1519 1093 1786 1152 cujuscunque
1803 1094 2054 1149 probationis
2067 1120 2080 1142 a
2097 1093 2134 1132 ὃς
2148 1086 2412 1133 solemnitatis

1382 1153 1671 1197 adminiculum
1686 1153 1734 1195 ad
1756 1153 1794 1195 id
1812 1152 1983 1208 amplius
2002 1150 2252 1205 requiratur.

1437 1211 1637 1258 Caeteriim
1655 1211 1770 1268 ,quia
1792 1210 1958 1265 difficile
1972 1207 2097 1257 foret,
2116 1209 2182 1251 has
2200 1205 2346 1249 nostras
2361 1203 2412 1246 ad

1380 1271 1530 1328 singula
1546 1271 1634 1313 loca
1651 1298 1665 1321 ³
1685 1271 1752 1311 ubi
1767 1284 1864 1324 opus
1885 1267 1999 1320 effer,
2014 1265 2192 1318 adferri,
2209 1265 2416 1314 volumus,

1380 1343 1423 1373 ut
1441 1330 1662 1371 earundem
1675 1327 1859 1383 exempla
1875 1357 1889 1379 ‚
1913 1328 2035 1369 etiam
2060 1326 2165 1379 typis
2197 1319 2409 1378 impressa,

1379 1405 1437 1432 ma
1446 1402 1498 1429 nu
1512 1387 1662 1443 publici
1679 1388 1837 1429 Notarii
1851 1385 2069 1438 subscripta
2084 1413 2096 1432 ,
2114 1382 2319 1437 ligilloque
2337 1379 2413 1421 ali-

1382 1446 1495 1501 cujus
1512 1440 1685 1499 personae
1700 1446 1737 1484 in
1754 1444 1955 1496 dignitate
1972 1440 2248 1484 Ecclefiastica
2270 1438 2416 1479 consti-

1377 1513 1472 1545 tutae
1487 1501 1652 1543 munitis
1665 1529 1679 1551 2
1695 1500 1869 1543 eandem
1885 1502 2034 1555 ubique
2049 1497 2170 1539 fidem
2184 1495 2413 1543 obtineant,

1378 1575 1500 1617 quam
1514 1561 1571 1604 hae
1587 1559 1721 1601 nostrae
1735 1559 1968 1600 obtinerent
1984 1586 1998 1609 ‚
2013 1555 2132 1599 sicubi
2148 1569 2214 1600 eas
2230 1552 2415 1597 exhiberi

1382 1618 1447 1661 vel
1463 1615 1612 1658 ostendi
1633 1616 1863 1670 contigeret
1878 1645 1891 1658 .

1441 1674 1558 1717 Nulli
1573 1688 1672 1728 ergo
1685 1675 1848 1715 omnino
1865 1672 2071 1714 homiuum
2088 1673 2210 1714 liceat
2230 1673 2331 1714 hanc
2345 1683 2413 1724 pa-

1385 1735 1518 1790 ginam
1531 1732 1653 1773 nostri
1669 1730 1824 1774 decreti
1843 1761 1856 1782 ‚
1877 1730 2121 1773 definitionis
2137 1758 2151 1781 ,
2169 1728 2378 1771 sanctionis
2398 1757 2413 1780 ‚

1382 1790 1660 1846 adscriptionis
1677 1817 1691 1839 ,
1711 1790 1919 1832 relationis
1934 1814 1947 1836 ,
1968 1789 2129 1839 statuti,
2153 1786 2413 1831 conceffionis

1380 1847 1596 1905 infringere
1609 1877 1623 1899 ,
1638 1859 1704 1890 aut
1720 1849 1755 1891 ei
1772 1848 1993 1890 temerario
2010 1849 2099 1890 ausu
2116 1847 2323 1888 contraire
2342 1875 2353 1886 .
2369 1848 2413 1887 Si

1380 1910 1468 1965 quis
1496 1918 1633 1949 autem
1649 1909 1725 1948 hoc
1741 1915 1947 1949 attentare
1964 1903 2251 1960 praesumpserit
2267 1933 2282 1955 2
2311 1903 2415 1946 indi-

1382 1967 1619 2022 gnationem
1638 1965 1940 2017 Omnipotentis
1960 1963 2066 2014 Dei,
2093 1977 2139 2003 ac
2163 1965 2413 2005 Beatorum„

1380 2025 1521 2074 Petri,
1553 2025 1590 2065 &
1615 2021 1729 2066 Pauli
1759 2021 2047 2079 Apostolorum
2073 2019 2159 2079 ejus
2184 2018 2223 2063 se
2251 2020 2412 2062 noverit

1382 2081 1635 2127 incursurum
1652 2111 1663 2123 .

1440 2146 1590 2185 Datum
1607 2143 1746 2182 Romae
1772 2138 1876 2193 apud
1901 2140 2087 2182 sanetum
2106 2140 2273 2180 Petrum
2294 2140 2412 2179 Anno

1380 2200 1674 2244 Incarnationis
1694 2198 1913 2240 Dominicae
1939 2209 2194 2240 moccxxtv.
2223 2195 2410 2250 pridiza

1379 2273 1500 2303 nonas
1509 2258 1647 2316 Junias
1660 2285 1676 2310 2
1690 2253 1950 2300 Pontificatus
1965 2254 2099 2299 Nostri
2113 2256 2232 2297 Anno
2243 2254 2406 2308 Primo.

1379 2409 1462 2486 ᾧ
1507 2408 1640 2487 Ego
1675 2407 2039 2470 Benedictus
2073 2405 2409 2476 Catholicae

1550 2489 1822 2555 Ecclefiae
1865 2492 2233 2578 EpiscopUS.

1411 3676 1491 3763 Eg}
1513 3675 1714 3763 FZarzcssus
1740 3672 1918 3725 Episcopus
1941 3674 2170 3726 Praemssinus
2195 3677 2395 3717 Cardinalis

1493 3739 1533 3763 ar
1558 3738 1697 3763 ermus.

1511 3824 1593 3871 X3

1361 3627 1388 3816 44³4«

2226 3826 2253 3872 Τ
2276 3825 2348 3874 Ego
