2658 4244
364 241 524 327 156
582 248 594 255 ’“

978 218 1142 325 Sub
1198 222 1601 327 Clemente·-
1635 237 1776 328 XI.

275 345 564 403 'tegritate‚ac
580 343 807 404 Religitmis
826 347 938 394 Zelo
951 349 1173 405 plurimum
1188 356 1226 396 in
1245 358 1334 399 Do-
1392 371 1466 413 per
1499 360 1559 400 Te
1586 354 1711 411 ipsum
1739 355 1778 397 id
1810 352 1946 398 t'acere
1974 363 2096 396 cures
2121 379 2137 404 ,
2167 356 2354 403 “adhibito
2383 357 2437 402 ad

294 406 712 456 minoeonfis1‚motu
728 409 924 464 proprio,
949 410 989 450 δι
1007 423 1056 451 ex
1069 422 1183 452 certa
1207 412 1334 458 scien·
1392 415 1674 466 scribendum,
1695 415 1861 471 quando
1888 426 1987 467 opus
2011 409 2166 464 fuerit,
2201 417 2240 457 in
2259 419 2438 461 iisdem-s

294 466 351 510 tia
368 492 382 516 ‚
408 480 454 508 ac
478 478 634 509 matura
661 466 957 511 deliberatione
985 471 1139 512 Nostris
1161 474 1250 524 Te,
1279 487 1330 516 ex

293 524 404 581 cujus
431 525 682 580 protectione
703 527 869 578 obruas
885 526 1050 570 eximias
1066 529 1239 573 virtutes
1252 534 1329 574 Or·

292 582 432 625 dinem
456 584 685 639 praedictum
712 584 926 640 plurimum
960 588 1162 630 commodi
1202 587 1330 636 susce-

292 653 453 698 pturum
469 642 545 686 effe
560 642 799 686 confidimus
814 672 829 695 ,
856 642 1036 700 ,ejusdem
1056 647 1220 690 Ordinis
1234 678 1250 699 ‚
1279 650 1327 691 ii-

290 701 447 756 liusque
460 705 775 754 Conventuum,
799 706 835 744 &
856 706 1039 746 Fratrum
1056 719 1325 760 quorumcun-

289 773 369 815 que
385 759 489 814 apud
509 764 592 803 Nos
606 788 621 811 ‚
654 760 692 802 &
708 761 978 817 Apostolicam
1006 764 1152 805 Sedem
1177 767 1323 807 Prote-

288 821 486 869 ἀστοῦ»,
512 834 605 863 curn
632 821 811 864 omnibus
842 820 1089 872 honoribus,
1120 823 1157 862 Sc
1189 825 1324 864 oneri-

290 876 499 919 bus-solitis
515 907 528 928 ‚
550 876 589 920 ’δι
604 878 800 922 consuetis
817 878 867 920 ad
885 879 943 921 tui
960 879 1083 920 vitam
1095 907 1109 930 ‚
1137 881 1324 921 Auctori-

287 943 373 980 tate
399 936 632 991 Apostolica
646 963 661 987 ,
687 948 835 980 tenore
862 936 1114 992 praesentium
1130 934 1293 980 facimus
1309 966 1323 989 ‚

285 993 325 1035 &
352 992 612 1049 deputamus.
647 996 842 1037 Volumus
869 1007 1030 1045 autem,
1056 1007 1099 1037 ut
1123 997 1323 1038 Ordinem

285 1049 497 1107 praefatum
525 1052 662 1094 foveas
676 1081 690 1102 ,
719 1055 756 1094 &
776 1065 964 1108 protegas
979 1079 993 1102 ‚
1017 1067 1062 1094 ac
1080 1054 1171 1095 Tibi
1185 1054 1224 1096 in
1242 1056 1325 1097 vir-

285 1119 377 1152 tute
394 1111 541 1153 Sanaae
558 1111 813 1153 Obedientiae
835 1111 1070 1155 mandamus
1085 1139 1101 1160 ,
1124 1120 1170 1153 ut
1196 1116 1324 1168 Supe-

283 1168 433 1209 riorum
468 1167 582 1222 ipfius
612 1168 776 1210 Ordinis
792 1169 1076 1212 auc'toritatem
1092 1197 1107 1220 ,
1131 1173 1322 1225 quantum

283 1224 374 1271 fieri
399 1227 558 1281 potest,
585 1226 823 1269 conservare
856 1241 1002 1279 cures,
1026 1242 1071 1270 ac
1102 1239 1321 1284 propterea

282 1283 295 1326 i
328 1282 371 1326 fis
394 1284 679 1340 Superioribus
706 1286 885 1348 regimen
909 1287 947 1328 8<
963 1286 1203 1340 gubernium
1222 1289 1323 1332 Sub-

282 1299 461 1385 &sitorum
488 1344 646 1398 penitus
671 1344 872 1401 relinquas
900 1375 914 1398 ,
946 1360 1020 1389 nec
1067 1345 1105 1388 in
1140 1348 1318 1403 negotiis

283 1403 521 1444 eorumdem
539 1405 724 1445 Fratrum
742 1405 804 1445 Te
819 1404 1059 1458 immisceas,
1083 1405 1154 1447 nifi
1167 1409 1216 1448 ab
1233 1406 1323 1459 ipfis

282 1461 570 1517 Superioribus
597 1461 808 1517 requisitus
838 1461 960 1504 fueris
977 1490 992 1512 a
1022 1464 1121 1505 utin
1139 1462 1322 1508 eisdem„

283 1519 462 1574 negotiis
475 1520 756 1561 auctoritatem
770 1529 879 1562 tuam
896 1520 1143 1576 interponam,
1154 1521 1190 1562 &
1209 1533 1320 1573 tunc,

281 1575 310 1618 sl
325 1579 488 1619 omnino
501 1575 757 1619 necessarium
775 1573 863 1620 fore
879 1580 1120 1634 cognoveris
1134 1607 1149 1628 ,
1167 1590 1213 1620 ut
1227 1594 1322 1621 ean-

283 1635 380 1678 dem
407 1637 693 1678 auctoritatem
725 1647 836 1676 tuam
852 1638 888 1675 in
906 1637 1042 1678 iisdem
1056 1636 1230 1690 negotiis
1253 1650 1322 1677 ex-

284 1705 427 1735 erceas
444 1721 457 1745 ,
483 1692 523 1735 id
538 1688 671 1735 facere
682 1691 826 1748 poffis3
843 1691 908 1738 sed
925 1721 940 1744 ‚
961 1692 1092 1750 quoad
1119 1695 1317 1749 potueris,

988 1820 1283 1898 *No

1389 476 1566 530 negotiis
1581 502 1596 525 ‚
1631 473 1698 517 seu
1719 473 1838 515 caufis
1858 501 1872 524 ‚
1900 471 1994 514 loco
2008 471 2168 514 Notarii
2196 500 2211 524 ,
2235 474 2368 530 aliquo
2381 490 2434 520 ex

1389 535 1599 577 Fratribus
1613 532 1709 574 dieii
1725 532 1906 575 Ordinis.
1940 530 2181 574 Mandantes
2195 530 2350 574 dilectis
2367 536 2434 577 Fi-

1389 593 1453 634 liis
1486 594 1667 637 Ministro
1693 590 1917 642 Generali‚
1949 591 1989 631 &
2005 590 2093 632 aliis
2114 591 2397 646 Superioribus
2421 620 2437 645 ,

1387 665 1547 694 necnon
1562 651 1748 693 universss
1767 651 1973 693 Fratribus
1988 677 2001 701 ‚
2017 651 2055 691 δι
2070 648 2252 706 personis
2268 649 2434 705 quibust

1386 724 1547 766 cunque
1567 710 1731 752 Ordinis
1747 708 1898 764 praefati
1911 709 1949 750 in
1967 710 2126 752 virtute
2145 710 2296 752 Sane'tae
2323 709 2434 750 Obe-

1385 768 1544 812 dientiae
1563 798 1578 820 ,
1607 779 1651 810 ut
1683 771 1743 810 Te
1765 770 1804 810 in
1833 781 1974 810 eorum
2004 771 2290 812 Prote-ctorem
2316 766 2431 825 juxta

1386 836 1570 868 tenorem
1585 825 1838 882 praesentium
1851 827 2128 881 recipientes,
2155 825 2231 878 ei,
2256 825 2336 883 quit
2360 825 2435 867 de·-

1385 882 1483 925 bent
1499 911 1513 933 ‚
1527 883 1781 934 reverentii,
1795 886 2107 941 prosequantur,
2118 886 2336 928 contrariis
2352 897 2434 926 non

1384 940 1630 983 obstantibus
1654 941 1981 998 quibuscunque.
2014 945 2223 987 Caeterum
2261 946 2324 987 Te
2354 942 2427 986 in.»

1386 998 1563 1039 Domino
1589 999 1827 1049 hortamur,
1851 1012 1896 1041 ut
1925 1001 2150 1055 hujusmodi
2177 1001 2430 1046 Protestoris

1385 1070 1526 1098 munus
1539 1056 1592 1098 ita
1606 1056 1720 1098 obire
1735 1055 1892 1099 studeas
1910 1085 1925 1108 ,
1952 1069 1995 1100 ut
2013 1061 2118 1115 apud
2149 1063 2282 1103 Deum
2302 1062 2432 1103 bono-

1382 1128 1468 1155 rum
1500 1127 1672 1169 operum
1700 1114 2012 1158 Retributorem
2043 1146 2059 1169 ,
2093 1130 2291 1162 aeternum
2326 1131 2431 1176 prae-

1382 1173 1531 1223 mium,
1555 1173 1595 1213 &
1615 1174 1636 1214 a
1663 1172 1795 1215 Nobis
1820 1173 2062 1229 condignam
2086 1177 2249 1220 laudern
2283 1178 2422 1221 valeas

1381 1231 1637 1286 promereri.
1672 1233 1823 1274 Datum
1849 1234 1989 1274 Romae
2003 1235 2107 1288 apud
2124 1237 2312 1279 sannam
2328 1238 2422 1276 Ma-

1382 1290 1485 1332 riam
1515 1290 1714 1347 Maiorem
1732 1289 1801 1332 sub
1829 1290 1995 1334 Annulo
2022 1291 2237 1336 Piscatoris
2263 1293 2346 1335 Die
2384 1304 2427 1333 x.

1380 1349 1518 1392 Martii
1551 1362 1775 1393 Moccxrx.
1810 1347 2079 1394 Pontificatus
2112 1351 2251 1396 Nostri
2303 1352 2428 1393 Anno

1386 1407 1594 1463 Vigefimo
1614 1408 1750 1452 Primo
1765 1436 1778 1449 .

1847 1514 1898 1568 ΡΖ
1931 1526 2050 1569 Card.
2089 1526 2286 1570 oliverius
2297 1554 2312 1566 .

1437 1640 1690 1694 Autograph.
1705 1642 1748 1680 in
1766 1640 1886 1681 Arch.
1906 1644 2050 1682 Secret.
2067 1645 2181 1686 Brev.
2199 1639 2332 1699 Ap‘st·
2348 1642 2427 1684 Re-

1487 1697 1594 1751 gesto
1618 1699 1768 1740 Martii
1788 1708 1857 1748 ¹7¹
1866 1708 1908 1751 9.
1920 1698 2002 1753 fol.
2025 1708 2066 1745 5.

1414 1824 1721 1889 TA.

378 1961 549 2014 Qneludit
573 1963 739 2005 succincte
759 1969 920 2015 praeclara
934 1965 968 2003 &
979 1967 1173 2015 ampliffirna
1186 1967 1442 2005 Eminentiffimi
1455 1967 1557 2017 hujus
1570 1980 1634 2016 pro
1648 1969 1783 2005 Ordine
1794 1967 1910 2006 nostro
1921 1967 2014 2014 gesta
2025 1991 2038 2011 ‚
2051 1969 2236 2016 Encyclica
2249 1969 2396 2016 epistola
2411 1990 2428 2014 2

389 2014 458 2064 qun
478 2012 571 2047 illius
592 2015 755 2052 Defunffl
775 2017 922 2055 animam
939 2017 1251 2053 Reverendiffimus
1269 2017 1308 2053 P.
1320 2017 1475 2054 Minister
1488 2017 1668 2055 Generalis
1683 2018 1941 2054 Provinciarum
1956 2015 2136 2062 Suffragiis
2148 2016 2402 2054 commendavit
2412 2040 2430 2063 ,

280 2069 493 2115 quapropter
502 2086 518 2119 ,³
530 2070 569 2096 ut
584 2062 644 2099 ina
657 2064 692 2100 in
702 2073 803 2110 grata
815 2066 1029 2113 posterorum
1043 2065 1204 2102 memoria
1216 2065 1455 2104 conserventur
1465 2092 1479 2112 ,
1493 2067 1562 2104 hoec
1575 2065 1741 2103 verbatim
1754 2067 1789 2103 &
1799 2067 1846 2103 ita
1861 2066 2050 2115 apponitur
2062 2087 2074 2101 .

655 2163 909 2207 Reverende
941 2178 987 2206 ac
1012 2154 1058 2208 'in
1088 2165 1251 2241 Christo
1280 2165 1645 2211 Observandiss'ime
1675 2167 1721 2209 P.
1753 2165 2019 2210 Provincialis
2037 2193 2050 2207 .

281 2269 358 2357 T
376 2268 610 2357 &foreman
624 2269 667 2306 B.
683 2266 728 2309 V.
740 2271 867 2311 Maria
878 2275 924 2312 ad
938 2272 1044 2313 Coelos
1061 2269 1226 2325 affumptae
1235 2274 1344 2322 trium
1367 2273 1446 2312 hum
1458 2275 1697 2324 annlversario
1710 2273 1838 2312 laetitiae
1853 2272 1950 2311 cultu
1966 2272 2105 2323 Ecclesia
2117 2269 2237 2310 recolit
2269 2268 2423 2308 occurrit

434 2319 505 2354 obis
516 2321 830 2356 communicandum
840 2321 948 2359 laetus
959 2325 1218 2368 argumentum3
1227 2324 1320 2360 “dum
1357 2323 1430 2358 odie
1443 2324 1482 2358 in
1486 2323 1570 2371 solis
1584 2334 1664 2360 ortu
1678 2348 1691 2368 ‚
1708 2321 1990 2373 Eminentiffimus
2003 2319 2205 2360 Cardinalis
2244 2321 2422 2368 ranciscat

281 2366 500 2407 Barberinus
512 2389 525 2408 ‚
543 2366 648 2403 Sacri
664 2366 810 2415 Collegii
821 2369 1005 2420 Apostolici
1015 2369 1176 2407 Decanus
1190 2371 1264 2412 dyc.
1277 2371 1345 2419 sub
1357 2382 1398 2406 no
1427 2383 1466 2407 ra
1481 2383 1501 2406 a
1524 2386 1534 2407 ι
1560 2373 1656 2408 entia
1676 2371 1788 2424 paffus
1799 2372 1842 2423 est
1855 2376 1937 2410 vitae
1950 2371 2024 2419 suae
2037 2367 2186 2419 occasum
2199 2395 2210 2406 .
2237 2369 2344 2407 Sedet
2367 2367 2428 2403 de-

274 2419 384 2467 super
397 2438 411 2460 ,
431 2414 572 2453 Civitas
580 2415 682 2462 plena
691 2415 812 2465 populo
826 2442 840 2460 ‚
865 2418 908 2460 (ἐν
921 2417 1070 2456 Domina
1084 2418 1250 2455 Gentium
1265 2421 1303 2455 in
1316 2420 1367 2455 tri
1393 2421 1458 2456 itia
1467 2444 1479 2464 ,
1522 2432 1605 2468 eque
1618 2423 1773 2458 orbatam
1785 2421 1978 2470 ingemiscit
1988 2420 2153 2468 Principe
2164 2443 2176 2462 ,
2203 2420 2265 2466 qui
2289 2427 2428 2464 magna·

276 2468 373 2502 nimo
385 2464 450 2512 suo
467 2462 550 2500 Zelo
556 2463 688 2513 semper
704 2465 836 2501 zelatus
847 2466 889 2516 est
902 2475 961 2517 pro
973 2466 1088 2513 gloria
1103 2467 1231 2503 Domus
1243 2467 1325 2510 Dei,
1332 2468 1464 2514 spiritu
1478 2467 1635 2506 lenitatis
1650 2470 1906 2520 &justitiaestbi
1926 2468 2049 2518 Populi
2065 2467 2267 2505 conciliarit
2278 2465 2428 2517 affet’lus,

281 2515 326 2557 (δ’
338 2511 547 2562 εΑροβοΙὶειε
560 2513 709 2553 virtutis
720 2513 864 2563 exemplo
880 2541 894 2560 ,
940 2524 1078 2564 urpurae
1091 2513 1226 2557 tantum
1242 2515 1436 2564 splendoris
1449 2517 1601 2565 adjecit,
1625 2521 1790 2565 quantum
1813 2518 1975 2566 hauserat
1998 2519 2041 2554 ab
2067 2530 2106 2552 ea
2135 2516 2310 2552 claritatis
2326 2527 2336 2550 ε
2351 2513 2427 2549 lm

281 2563 449 2600 communi
471 2571 584 2598 tamen
593 2561 749 2609 planfflu‘s
763 2563 883 2602 ordine
897 2524 976 2602 glo,-
989 2576 1056 2600 non
1069 2566 1245 2602 continere
1255 2564 1409 2600 debemus
1422 2588 1435 2606 ‚
1457 2565 1537 2602 dum
1551 2565 1648 2602 Ordo
1664 2567 1769 2617 noster
1781 2570 1820 2604 in
1836 2565 2001 2616 Defunfiio
2008 2566 2112 2613 suum
2124 2587 2137 2607 ‚
2163 2565 2206 2605 ὠ·
2232 2562 2329 2599 illum
2347 2569 2428 2610 per·

281 2612 376 2648 didit
389 2609 614 2648 Protectorem
625 2634 638 2654 ‚
650 2610 711 2659 qui
728 2613 822 2648 circa
834 2613 967 2661 viginti
979 2624 1148 2650 annorum
1157 2615 1310 2663 spatium
1331 2613 1436 2661 vigili
1447 2616 1532 2651 curci
1552 2614 1747 2664 Religionis
1773 2615 1887 2701 affrae
1912 2614 2026 2650 decori
2039 2614 2109 2662 sese
2126 2610 2400 2661 superimpendit
2412 2632 2428 2654 ,

282 2658 438 2709 Confiliis
449 2659 491 2698 ὠ·
503 2655 689 2705 ‘Beneficiis
712 2657 814 2709 hujus
838 2660 1085 2699 incrementum
1107 2663 1258 2712 quaefivit
1270 2687 1283 2707 ,
1305 2661 1347 2703 (⁴9¹
1359 2663 1516 2712 recensita
1532 2662 1552 2699 a
1566 2664 1751 2714 Seraphico
1829 2663 1934 2700 oerore
1958 2662 2208 2699 Bonaventura
2222 2659 2427 2699 Protetiors's

282 2709 422 2747 munia,
444 2706 596 2750 omnibus
609 2708 760 2743 numeris
772 2710 815 2744 ab
830 2709 917 2747 olvit
927 2736 940 2755 ,
960 2710 1103 2760 fuitque
1115 2709 1196 2749 veri
1210 2711 1436 2748 Gubernator
1453 2713 1486 2748 in
1503 2713 1602 2750 bonis
1623 2715 1765 2759 agendis
1775 2739 1788 2758 ‚
1814 2712 1994 2750 protector
2007 2711 2041 2747 in
2054 2710 2325 2758 oppreffionibus
2345 2707 2428 2744 aiic-

282 2756 336 2793 nis
348 2778 361 2800 ,
381 2755 416 2791 St
433 2752 623 2791 Correaor
646 2754 680 2791 in
703 2756 836 2794 delictis
857 2759 952 2797 istius
971 2760 1205 2799 fraternitatis
1216 2786 1227 2798 .
1253 2759 1336 2797 Otio
1352 2771 1372 2794 a
1388 2760 1428 2795 in
1437 2761 1533 2796 uobis
1548 2774 1616 2798 non
1627 2760 1793 2811 debetcffe
1805 2761 1927 2798 talium
1939 2760 2122 2802 memoria,
2136 2758 2201 2804 sed
2213 2782 2227 2802 ‚
2253 2767 2295 2794 ut
2315 2757 2349 2792 ei
2367 2765 2428 2812 no:

274 2803 357 2856 [ἕνα
392 2803 510 2840 ietatis
524 2801 646 2852 Officia
658 2800 848 2854 afficiemus
857 2831 871 2852 ‚
892 2806 1038 2857 postulat
1049 2808 1092 2850 ὠ·
1105 2809 1197 2846 ratio
1209 2834 1222 2853 ‚
1245 2809 1288 2851 ὠ·
1328 2817 1470 2844 ervatus
1474 2809 1605 2857 semper
1617 2811 1657 2844 in
1668 2809 1803 2845 Ordine
1819 2808 1901 2854 usus
1922 2818 1932 2842 ε
1954 2808 2035 2842 Inde
2046 2805 2095 2840 R.
2109 2805 2155 2842 P.
2172 2802 2217 2842 V.
2245 2803 2427 2842 Circulart

283 2811 431 2905 Ερῌέήᾱ
441 2863 549 2887 omnes
562 2850 765 2902 dilefliffimae
778 2853 973 2894 Provincia
981 2856 1055 2905 suae
1066 2855 1206 2895 Fratres
1218 2856 1396 2906 efficaciter
1406 2866 1539 2894 moneat
1550 2881 1563 2901 ,
1589 2866 1630 2894 ut
1641 2858 1735 2894 iuter
1749 2868 1802 2893 eos
1811 2854 1958 2904 quilibet
1972 2852 2139 2892 Sacerdos
2165 2853 2301 2902 triplici
2315 2848 2429 2902 Miffae

281 2899 466 2949 ‘Sacrificio
477 2924 490 2945 ,
514 2898 660 2947 quilibet
675 2901 832 2940 Clericus
843 2903 978 2954 triplici
991 2905 1226 2954 defunfiorum
1240 2906 1358 2954 Officio
1372 2905 1414 2947 (θ’
1427 2903 1680 2943 sacramentali
1699 2906 1940 2944 Communione
1955 2929 1970 2950 ,
1993 2903 2036 2945 ὠ·
2048 2901 2195 2951 quilibet
2220 2903 2345 2940 Laicus
2363 2902 2430 2938 tri·

281 2949 369 3001 plici
375 2949 526 3000 pariter,
536 2950 578 2984 ab
591 2951 639 2987 eis
651 2954 775 3002 peragi
781 2952 888 3002 solita
900 2954 1209 3000 charitate‚animae
1223 2954 1373 3006 defunfii
1386 2955 1641 3005 Eminentiffimi
1659 2954 1738 3004 ‘usta
1747 2953 1946 3003 persolvant
1957 2977 1970 2997 ,
1981 2951 2197 3001 quatenus,fi
2215 2950 2362 3000 appensae
2386 2951 2427 2986 3⁶

276 2998 411 3051 statera
422 2997 567 3034 ‘Divim'
584 2997 726 3047 *Judicii
740 3003 813 3052 ejus
831 3002 986 3054 {Justitiae
1001 3005 1081 3052 igne
1093 3005 1205 3043 adhuc
1214 3003 1365 3065 purgari
1376 3004 1540 3041 deberent
1549 3028 1564 3049 ,
1588 3014 1629 3040 ex
1641 2967 1700 3039 loc
1723 3002 1836 3055 nostrae
1859 3002 2053 3039 devotionis
2076 2997 2254 3050 Suffragia
2282 2998 2426 3036 celerior

276 3049 448 3099 sequatur
463 3046 547 3097 Ejus
559 3048 740 3099 redemptio
750 3077 760 3087 .
785 3050 926 3091 Fratres
939 3065 1052 3092 autem
1064 3067 1173 3093 omnes
1187 3080 1201 3098 ,
1214 3067 1253 3091 m
1265 3051 1487 3104 persolvendo
1498 3052 1557 3090 hoc
1564 3052 1800 3101 gratitudinis
1809 3050 1908 3100 penso
1918 3075 1931 3095 ,
1956 3049 1993 3086 εὸ
2006 3047 2180 3096 fideliores
2196 3049 2274 3095 fore
2285 3046 2426 3103 confidi-

285 3109 360 3135 mus
373 3121 387 3143 ,
433 3095 474 3133 τιὸ
488 3094 614 3146 majore
628 3099 758 3148 semper
771 3098 895 3149 solatio
909 3103 1096 3153 Defunfiius
1113 3102 1394 3154 Eminentiffimus
1408 3102 1449 3139 de
1473 3101 1613 3144 funebri
1636 3101 1695 3137 hoc
1719 3099 1846 3136 laboris
1864 3099 1926 3147 sui
1946 3098 2082 3146 praemio
2091 3118 2103 3138 ‚
2130 3093 2423 3152 Afobissaepffrne

285 3147 326 3184 id
338 3108 582 3190 audientibus,
594 3145 633 3181 in
643 3148 738 3183 vivis
747 3149 789 3197 est
796 3151 939 3198 gavisus
949 3177 961 3196 ,
974 3153 1016 3194 ά
1029 3153 1093 3200 qua
1107 3154 1215 3200 magis
1227 3148 1381 3195 Fratres,
1395 3145 1601 3199 Desunfiium
1610 3159 1651 3187 ex
1664 3148 1727 3185 illa
1742 3145 2016 3195 Excellentiffima
2026 3152 2086 3192 per
2102 3142 2239 3180 Italiam
2254 3142 2421 3191 Prolapsae

284 3194 470 3233 oriundum
480 3203 555 3230 reto
579 3193 732 3241 itabant,
743 3209 815 3245 quae
830 3196 1003 3246 Religioni
1014 3201 1128 3252 nostrae
1136 3193 1232 3239 d‘e'dit
1245 3200 1466 3250 Monasterta
1482 3198 1692 3248 Purpuram,
1705 3197 1850 3233 Beatum
1869 3195 1940 3236 &a
1955 3204 2027 3242 ΨΜ
2040 3191 2257 3229 Filfatfwem
2265 3193 2419 3250 ‘nqstram

286 3243 406 3285 San‘c‘ii
419 3207 594 3292 Francijgci
603 3266 615 3287 ,
633 3251 674 3282 ex
686 3257 772 3282 vera
784 3246 826 3287 &¹
840 3259 1014 3295 nunquam
1025 3251 1226 3297 interrupta
1241 3250 1334 3288 linea
1342 3246 1402 3302 effe
1425 3243 1564 3295 confirm
1572 3247 1643 3284 avit
1655 3247 1728 3289 &a
1752 3245 2010 3296 obscurumque
2039 3241 2151 3280 adhuc
2179 3240 2329 3278 Ordinis
2343 3249 2421 3290 pro-

282 3291 431 3345 greffum
445 3290 653 3343 copiofiffimis
664 3291 852 3352 illustravit
864 3294 1044 3335 ‘Brevibus
1055 3323 1077 3342 ‚„
1091 3299 1134 3340 &⁶
1146 3298 1265 3335 ‘Bullis
1280 3325 1292 3336 .
2162 3341 2171 3350 ,
2200 3340 2211 3350 ,
2308 3339 2319 3348 ,

386 3342 480 3380 Dum
489 3352 602 3380 autem
617 3344 791 3380 crebriora
801 3354 860 3379 nos
864 3343 1005 3392 feriunt
1015 3347 1132 3388 mortis
1143 3347 1289 3397 exempla
1301 3373 1314 3393 ‚
1336 3346 1473 3396 diesque
1483 3344 1624 3382 ultimus
1639 3356 1698 3381 nos
1713 3343 1798 3382 latet
1809 3368 1823 3389 ‚
1843 3341 1948 3393 juxta
1958 3341 2006 3379 D.
2020 3339 2210 3390 Augustum
2227 3347 2393 3375 monitum
2407 3358 2423 3383 ,

288 3391 361 3430 dies
381 3402 498 3429 omnes
525 3390 747 3431 observemus
760 3418 770 3435 2
790 3393 825 3429 &
849 3390 1007 3431 vivamus
1020 3395 1108 3443 quafi
1118 3396 1152 3434 in
1166 3397 1240 3435 sero
1253 3397 1435 3436 morituri:
1461 3395 1607 3444 Interim
1625 3393 1706 3436 Nos
1719 3394 1842 3436 Sacris
1870 3391 2077 3431 devoventes
2086 3387 2288 3440 persistimus
2303 3413 2315 3426 .

482 3519 597 3576 Romae
626 3526 680 3566 16.
706 3522 872 3581 &agusti
901 3527 1001 3579 1738.

1120 3684 1255 3730 Servus
1279 3686 1319 3723 in
1344 3687 1476 3744 Christo
1500 3684 1731 3738 additisffmus
1753 3679 1812 3721 Fr·
1837 3683 2087 3726 Bonaventura
2112 3686 2135 3724 a
2158 3684 2326 3725 Ferraria

1256 3737 1419 3789 Minister
1444 3735 1623 3781 Generalis
1647 3737 1666 3785 (
1677 3736 1717 3774 L.
1739 3731 1816 3785 ὕ.)

2158 3844 2360 3895 ιΝΝΟ·Δ
