2658 4244
101 2088 294 2129 Libellus-Sup-

99 2132 166 2170 plex
179 2151 189 2162 .

372 206 519 271 162

887 195 1047 283 Sub
1109 193 1535 287 Innocentio
1601 199 1687 286 X
1682 195 1809 283 Ill.

302 307 646 373 substentatione,
669 306 782 366 jux'ta
811 312 1036 356 Decretum
1077 315 1333 368 particularis
1395 329 1459 360 tur
1489 316 1702 361 declarare
1727 310 1935 370 praefatum
1973 312 2184 355 Indultum
2207 315 2316 360 fuisse
2344 323 2435 360 tan-

300 371 645 421 Congreganoms
659 382 797 411 rerum
808 371 1163 416 Confistorialium.
1186 376 1334 418 Datum
1395 375 1609 418 tummodo
1629 371 1858 417 concessum
1873 374 1911 413 in
1930 371 2116 414 favorem
2135 372 2434 429 Religiosorum

302 427 444 468 Romae
466 424 569 478 apud
587 426 767 472 Sanistam
783 430 953 473 Mariam
983 430 1187 486 Majorem
1211 436 1331 474 Anno
1392 435 1554 478 Ordinis
1573 434 1780 476 Minorum
1801 431 1852 474 de
1869 430 2137 473 Observantia
2153 456 2168 479 2
2196 444 2276 474 non
2301 446 2435 477 autem

301 484 591 526 lncarnationis
603 487 820 531 Dominicae
841 504 1074 532 moccxxu.
1095 494 1218 534 Nono
1236 491 1330 533 Kal.

299 541 487 585 Ostobris
502 569 516 594 2
532 542 796 589 pontificatus
814 548 956 590 Nostri
973 550 1095 591 Anno
1110 550 1301 592 Secundo
1317 578 1328 591 .

358 610 365 626 ¹
665 607 714 649 F.
748 608 968 652 Cardinalis
1005 608 1219 651 oliverius.

362 695 575 749 Exemplar
604 701 791 746 Autbent.
812 708 855 748 in
877 705 1045 760 Archivo
1063 717 1154 763 gen.
1185 702 1342 747 Ordinis

423 755 526 797 T0m·
538 758 589 802 A.
608 763 657 803 A.
672 773 778 803 num.
799 776 838 816 7.

546 861 1102 944 NOTA.

416 975 482 1012 Uae
496 975 676 1012 Personam
690 977 967 1014 Reverendissirni
981 977 1081 1024 hujus
1105 976 1257 1013 Praefiilis
1267 990 1345 1014 con·

440 1025 735 1067 cernunt,videbis
747 1026 831 1062 infra
841 1027 929 1062 inter
943 1028 1042 1074 Papae
1054 1026 1228 1063 Benedieti
1241 1028 1342 1063 Xlll.

451 1072 731 1111 Constitutiones
745 1097 754 1109 ·
1331 1078 1333 1081 ⁴

592 1218 633 1259 D
664 1217 697 1259 E
730 1218 768 1258 C
799 1217 838 1258 R
871 1218 906 1258 E
940 1217 976 1258 T
1008 1218 1069 1258 O.

378 1294 645 1362 Eminentisiu
681 1292 921 1343 Cardinalis
946 1293 1276 1344 Poenitentiarii.

307 1384 453 1452 Qod
470 1383 708 1434 Indultum
729 1383 785 1432 ad
801 1382 1030 1435 instantias
1051 1379 1348 1435 Reverendis-

340 1454 441 1505 fimi
488 1457 539 1504 P.
590 1455 830 1504 Generalis
868 1454 1227 1504 Observantiurn
1262 1468 1346 1519 pro

339 1521 574 1592 Apostatis
594 1524 639 1576 ὅ(
659 1521 867 1592 fugitivis
883 1520 1139 1573 concessum
1159 1558 1175 1580 ,
1193 1521 1241 1573 ὃ(
1256 1539 1347 1571 am-

341 1598 419 1664 plo
435 1594 575 1644 titulo
599 1594 819 1644 :Ediiium
831 1594 957 1659 super
973 1594 1111 1641 reditu
1126 1593 1350 1658 figitiva-

339 1683 429 1714 rum
440 1667 569 1711 totius
586 1664 759 1711 Ordinis
771 1661 815 1709 S.
822 1663 1032 1727 Francifii
1047 1660 1350 1728 publicatum,

342 1751 424 1782 nec
438 1734 698 1800 Capucinos
714 1766 729 1788 ,
754 1748 836 1793 nee
857 1734 968 1781 alios
995 1729 1314 1779 Franciscanos
1334 1765 1351 1785 ,

341 1805 548 1872 proprios
579 1802 828 1851 Generales
866 1802 1076 1852 habentes
1103 1837 1119 1860 2
1155 1803 1352 1867 comple-

343 1874 493 1925 &atur
511 1909 528 1931 ‚
553 1871 808 1922 declaratur
827 1910 838 1922 .

353 1984 649 2044 Eminenttffime
664 2017 678 2038 ‚
712 1986 765 2036 &¹
780 1984 1095 2044 Reverendifflme
1109 1988 1275 2027 Domine
1290 2012 1300 2025 .

312 2102 316 2106 .
428 2063 469 2103 U
484 2066 525 2104 M
541 2063 590 2104 ad
607 2077 726 2106 aures
743 2062 779 2103 in
788 2059 1088 2117 fras‘criptorum
1106 2067 1353 2106 Procurato-

452 2136 537 2163 rum
559 2122 824 2164 Generalium
842 2121 1042 2165 Ordinum
1062 2123 1194 2166 Sanffl
1227 2125 1354 2165 Fran-

314 2181 802 2238 cisciConventualiu-m,
837 2183 1165 2237 Capucinorum,
1195 2183 1236 2223 &
1256 2183 1354 2223 Ter.

315 2241 361 2282 tii
382 2239 548 2282 Ordinis
574 2239 752 2297 ejusdem
769 2266 783 2288 a
801 2239 993 2283 nonnulla
1009 2242 1276 2296 pervenerint
1293 2242 1354 2280 in-

313 2298 600 2342 convenientia
615 2326 630 2349 ,
661 2313 748 2354 quae
765 2298 802 2338 in
823 2297 990 2340 diverfis
1009 2299 1153 2342 Mundi
1172 2299 1355 2354 partibus

269 2400 271 2402 .
312 2359 352 2400 in
365 2357 602 2401 eorumdem
620 2356 844 2399 Ordinibus
859 2356 1048 2399 oriuntur
1062 2385 1077 2407 a
1114 2371 1165 2400 ex
1187 2356 1355 2399 Indulto

312 2418 363 2461 ‘ad
394 2415 636 2471 petitionem
654 2445 667 2464 ,
699 2416 737 2457 in
764 2416 947 2457 terminis
965 2417 1079 2457 nimis
1097 2415 1355 2470 generalibus

312 2476 459 2528 saetam
484 2475 504 2516 ὲ
535 2474 717 2518 Ministro
732 2474 930 2516 Generali
955 2475 1123 2517 Ordinis
1150 2475 1356 2516 Minorum

312 2537 365 2580 de
380 2532 647 2577 observantia
663 2563 678 2584 ,
713 2534 752 2574 in
772 2531 955 2575 favorem
979 2533 1137 2576 suorum
1163 2531 1355 2575 Subdito-

312 2607 446 2640 torum
463 2594 776 2650 Apostatarum,
798 2606 870 2647 per
897 2595 945 2635 E.
977 2595 1028 2635 V.
1054 2594 1074 2634 ἃ
1101 2597 1190 2638 Sac.
1218 2591 1355 2633 Poeni-

312 2654 506 2698 tentiaria
538 2652 605 2693 sub
649 2652 714 2695 die
744 2665 791 2693 xt
806 2665 842 2694 1.
874 2652 1039 2707 Augusti
1071 2664 1275 2696 moccxxt
1291 2663 1304 2690 1
1318 2661 1356 2691 1.

317 2722 510 2756 emanato
524 2724 538 2763 3
553 2723 604 2750 ex
618 2723 669 2751 eo
687 2740 701 2760 ,
738 2711 829 2765 quia
858 2712 981 2767 aliqui
997 2712 1142 2755 similes
1161 2707 1355 2764 Religiosi

316 2771 515 2814 Ordinum
540 2771 776 2819 Oratorum,
791 2779 977 2824 putantes
994 2772 1032 2811 in
1045 2784 1096 2812 eo
1116 2772 1152 2814 se
1167 2772 1356 2826 compre-

318 2829 444 2874 hendi
462 2857 475 2877 a
503 2830 549 2871 ab
564 2828 795 2871 obedientia
812 2831 975 2871 suorum
992 2831 1254 2883 Superior-um
1281 2827 1357 2872 se.)

320 2889 556 2932 subtrahere
574 2889 810 2941 praes‘umunt
824 2915 838 2938 a
868 2890 910 2931 &
924 2903 974 2931 eo
993 2889 1081 2939 uti,
1112 2902 1203 2930 cum
1222 2886 1359 2929 videa.-
1405 2917 1424 2931 .—

1396 504 1635 535 caeterorum
1661 490 1946 547 praedietorum
1972 487 2178 532 Ordinum
2202 490 2435 546 praelaudati

1397 550 1638 594 Patriarchae
1665 549 1874 604 SeraphICi
1891 577 1902 588 .

1455 612 1549 669 Qa
1560 610 1612 651 de
1627 610 1754 668 gratia
1770 609 1846 651 &c.
1877 610 2017 669 Qam
2032 608 2143 649 Deus
2159 606 2240 648 &c-

1521 729 1592 770 Fr.
1607 727 1718 770 Felix
1733 727 1901 781 Angelus
1917 724 2091 766 Sidorias
2117 727 2350 766 Procurator
2364 726 2440 764 Ge-

1633 786 1776 827 neralis
1792 786 1951 827 Ordinis
1978 787 2081 826 Min.
2101 783 2438 826 Conventualium.

1522 845 1595 886 Fr.
1614 843 1744 885 Petrus
1776 846 1913 886 Maria
1927 844 1954 886 d
1969 845 2074 884 Luca
2100 844 2336 884 Procurator
2352 870 2367 890 ,
2394 839 2443 886 δ’

1641 904 1782 942 Comm.
1795 904 1996 943 Generalis
2011 906 2299 956 Capacinorum
2312 927 2325 938 .

1525 959 1595 1000 Fr.
1613 958 1843 1013 Francifius
1869 963 2059 1000 Antonius
2078 963 2189 1000 Poma
2207 962 2443 1000 Procurator

1638 1016 1841 1057 Generalis
1860 1018 1984 1058 Tertii
1999 1017 2154 1059 Ordinis
2170 1020 2208 1058 S.
2229 1018 2376 1061 Franci
2394 1018 2443 1056 ci.

1593 1133 2254 1192 RESCRIPTUM.

1523 1248 1861 1306 Minentiffimus‚
1891 1251 1931 1292 &
1958 1249 2329 1292 Reverendiffimus
2356 1251 2447 1290 Sac.

1538 1312 1591 1352 R.
1606 1311 1655 1351 E.
1676 1307 1907 1351 Cardinalis
1925 1308 1976 1351 de
1993 1307 2221 1351 Comitibus
2250 1306 2448 1350 Sanniffi-

1409 1372 1465 1413 mi
1485 1375 1534 1412 t).
1566 1372 1618 1411 N.
1646 1370 1759 1422 Papae
1782 1396 1795 1418 ,
1838 1368 1878 1408 &
1903 1367 2020 1409 Sedis
2048 1366 2289 1423 Apostolicae
2315 1364 2450 1419 Major

1413 1427 1742 1472 Poenitentiarius
1758 1426 1796 1467 in
1813 1425 2026 1480 signatura
2041 1430 2170 1469 Sacrae
2184 1423 2453 1469 poenitentia-

1408 1489 1473 1529 riae
1487 1515 1501 1536 ‚
1531 1487 1661 1527 habita
1674 1485 1740 1527 die
1761 1498 1828 1527 ιν.
1847 1483 2178 1540 MensisJanuarii
2203 1497 2452 1526 mcccxxxv.

1408 1545 1633 1589 declaravit
1655 1574 1669 1595 ‚
1702 1540 1769 1583 sub
1784 1540 1991 1584 Indultum
2016 1557 2144 1598 nuper
2156 1541 2452 1597 pereundem·

1410 1603 1607 1658 Maiorem
1638 1599 2020 1650 poenitentiarium,
2051 1601 2194 1656 praevia
2227 1599 2454 1640 remissione

1412 1659 1638 1702 §mititatis
1664 1661 1778 1706 Suae,
1811 1655 2066 1707 concessum,
2095 1661 2134 1698 &
2160 1658 2452 1712 publicatum..

1411 1717 1479 1760 sub
1498 1717 1564 1758 die
1581 1730 1628 1757 xl
1643 1729 1676 1756 ι.
1692 1712 1975 1766 AugustiAnni
1989 1716 2180 1768 praeteriti
2195 1729 2450 1756 moccxxm.

1412 1775 1463 1818 ad
1484 1773 1709 1816 instantiam
1732 1769 2133 1814 MinistriGeneralis
2149 1773 2273 1814 totius
2287 1771 2452 1813 Ordinis

1414 1835 1546 1879 SanCti
1566 1828 1763 1875 Francisci
1779 1828 1817 1869 in
1834 1830 2106 1873 Aracaelitano
2117 1833 2336 1873 Conventu
2369 1833 2453 1873 Ur-

1415 1895 1475 1938 bis
1492 1922 1505 1944 ,
1536 1892 1603 1948 qui
1630 1889 1680 1932 ad
1699 1886 1865 1944 praesens
1884 1889 1939 1930 est
1957 1892 2021 1933 Fr.
2046 1890 2292 1933 Laurentius
2316 1889 2336 1930 ἐ
2352 1893 2454 1931 San-

1412 1957 1477 1995 ἂο
1493 1949 1714 1995 Laurentio
1728 1973 1741 1996 ,
1757 1960 1831 2001 pro
1844 1948 2044 2001 Apostatis
2061 1975 2074 1997 ‚
2105 1947 2146 1986 &
2166 1948 2365 2000 Fugitivis
2387 1959 2454 1989 to-

1419 2012 1501 2055 tius
1527 2007 1692 2052 Ordinis
1717 2007 1753 2047 S·
1784 2005 2012 2056 Francisci,
2043 2004 2455 2059 comprehendere-..2

1415 2068 1574 2113 tantum
1618 2061 1815 2108 professos
1854 2063 2019 2106 Ordinis
2052 2063 2094 2106 S.
2124 2061 2350 2112 Francisci,
2381 2062 2452 2119 qui

1415 2130 1503 2173 sunt
1520 2124 1680 2183 subjeffi
1693 2124 1801 2166 dieto
1812 2122 1994 2166 Ministro
2010 2121 2204 2166 Generali
2225 2123 2352 2163 totius
2371 2123 2452 2163 Or·

1416 2190 1519 2232 dinis
1536 2191 1576 2231 S.
1592 2180 1787 2229 Francisci
1801 2211 1814 2233 ‚
1845 2191 1976 2237 nempe
1991 2186 2154 2226 Fratres
2169 2180 2421 2237 observantes
2436 2206 2450 2229 ‚

1419 2247 1664 2307 Reformatos
1681 2270 1694 2293 ,
1719 2239 1942 2285 RecolleoYos
1959 2272 1973 2292 ,
1998 2254 2042 2282 ac
2053 2241 2147 2280 alios
2168 2239 2264 2280 dina·
2291 2238 2451 2281 Ordinis.

1417 2312 1458 2352 S.
1478 2302 1707 2360 Francifii,
1727 2304 1798 2356 qui
1810 2298 2042 2359 sisbduntur
2057 2297 2159 2339 ditJo
2173 2296 2360 2352 Ministro
2376 2301 2452 2338 Ge-

1417 2366 1572 2415 nerali‚
1597 2374 1670 2403 non
1695 2368 1824 2402 autem
1849 2359 1943 2400 alios
1969 2356 2219 2415 quostumqae
2245 2354 2453 2412 ejusdam

1420 2425 1580 2467 Ordinis
1615 2418 1749 2461 saneti
1764 2417 1967 2474 Francffct·
1982 2446 1996 2469 ‚
2018 2419 2087 2471 qai
2100 2414 2334 2472 fiibduntur
2361 2415 2452 2454 aliis

1412 2485 1586 2540 propriis
1617 2474 1893 2520 Generalibus.
1926 2478 1978 2518 Et
2019 2477 2073 2517 ita
2112 2470 2455 2515 Eminentiffimus

1417 2540 1547 2598 Major
1562 2534 1901 2581 poenitentiarius
1917 2533 2144 2576 declaravit
2160 2560 2173 2581 ‚
2202 2533 2242 2572 &
2267 2530 2455 2572 observa-

1416 2602 1450 2642 ri
1465 2595 1676 2642 mandavit
1693 2623 1704 2633 .
1736 2596 1889 2636 Datum
1914 2595 2051 2635 Romae
2077 2605 2127 2633 ex
2151 2588 2267 2631 solita
2282 2589 2455 2631 Habita-

1418 2660 1533 2702 tione
1564 2656 1604 2698 in
1629 2652 1786 2697 Palatio
1815 2651 2050 2707 Apostolico
2092 2649 2172 2692 Die
2204 2662 2272 2693 tv.
2305 2649 2452 2705 janua-⁴

1418 2720 1468 2763 rii
1500 2725 1757 2760 MDccxxxv.

1556 2804 1612 2853 B.
1641 2800 1719 2850 M.
1751 2800 1989 2849 Cardinalis
2022 2800 2073 2847 de
2106 2797 2337 2848 comitibus

1627 2870 1693 2923 M
1691 2876 1778 2936 ajor
1807 2871 2146 2933 Poenitentiarius
2166 2904 2179 2918 .

320 2960 390 2991 tur
414 2944 639 2989 concessum
671 2947 710 2989 in
723 2946 1096 2989 favor'em'omnium
1112 2947 1250 2989 talium
1271 2948 1359 2989 Re.—
1425 2953 1429 2957 ”

321 3005 556 3063 ligiosorum
586 3007 708 3048 totius
729 3006 892 3048 Ordinis
925 3007 1178 3049 Francis‘cani
1201 3036 1215 3058 ‚
1247 3004 1359 3061 cujus

320 3067 448 3109 etiam
478 3066 594 3107 certe
619 3063 706 3106 sunt
733 3067 958 3116 oratores,
984 3068 1172 3109 &tamen
1192 3067 1230 3108 in
1248 3063 1362 3108 nullo

319 3124 483 3177 subiefti
499 3152 513 3174 ‚
529 3124 592 3166 seu
608 3121 892 3176 dependentes
921 3125 998 3181 (ut
1023 3127 1207 3168 omnibus
1224 3133 1363 3167 notum
1424 3145 1427 3166 1

322 3183 411 3240 est)
445 3181 467 3225 a
482 3183 647 3238 praefato
661 3182 856 3224 Generali
872 3183 924 3226 de
941 3183 1205 3229 Observantia
1222 3198 1233 3225 :
1249 3184 1363 3225 ideo-

321 3257 404 3299 que
434 3242 483 3284 ad
507 3239 690 3283 tollenda
705 3251 766 3281 tot
783 3239 889 3281 mala
906 3269 919 3291 ,
950 3256 1034 3297 quae
1053 3243 1126 3284 hac
1151 3243 1203 3287 de
1217 3240 1365 3286 causan

323 3302 363 3343 in
389 3301 477 3343 dies
502 3299 626 3353 magis
658 3299 754 3342 oriri
782 3296 936 3354 poffent
963 3326 977 3348 2
1019 3299 1242 3343 humillime
1273 3306 1367 3355 pre÷

322 3373 466 3404 cantur
481 3362 530 3403 E.
547 3362 598 3403 V.
622 3370 664 3400 ut
684 3357 773 3416 ejus
790 3356 936 3402 summa
955 3356 1205 3411 benignitate
1221 3359 1364 3418 digne-

1043 3504 1337 3596 No

1539 3004 1672 3047 Locus
1686 3001 1741 3058 >1⁴
1761 2999 1893 3058 Sigilli
1910 3028 1923 3040 .

1737 3119 1792 3171 ‘Jo
1825 3117 2055 3159 Dominicus
2081 3113 2289 3171 Consitlvus
2303 3116 2401 3155 Sac.

1827 3176 2030 3218 Poenitent.
2055 3175 2199 3215 Secret.

1481 3263 1694 3351 Exemplar
1731 3293 1856 3337 Auth.
1886 3291 1934 3339 ζῇ·
1959 3289 2180 3348 impastam
2216 3292 2259 3332 in
2292 3287 2458 3332 Archivo

1532 3356 1711 3413 generali
1739 3353 1833 3397 Ord.
1866 3354 1967 3395 Tom.
1984 3353 2158 3408 Qnum.
2173 3362 2218 3406 9.

1443 3505 1741 3574 TA.

328 3649 422 3730 V
436 3651 502 3692 El,
530 3651 622 3698 quod
639 3651 744 3698 aquui
761 3653 913 3689 rationes
938 3650 1081 3693 Tituli,
1107 3661 1178 3697 quo
1205 3650 1514 3688 Reverendiffimus
1540 3650 1578 3685 P.
1603 3647 1758 3685 Minister
1784 3641 1965 3682 Generalis
1998 3644 2068 3680 PP.
2094 3642 2364 3680 Observandum
2392 3640 2456 3676 uti-

446 3708 522 3740 tur,
551 3699 735 3741 ignorarint
750 3723 762 3741 ‚
789 3703 870 3745 vel,
899 3703 994 3747 quod
1021 3699 1080 3736 alii
1101 3711 1146 3735 ex
1167 3698 1229 3734 illo
1250 3701 1420 3746 quandam
1439 3698 1542 3736 nostri
1568 3695 1715 3732 Ordinis
1740 3692 2001 3740 dependendam
2019 3694 2038 3727 fi
2053 3701 2251 3738 nuncupato
2278 3692 2452 3726 Reveren-

331 3746 459 3781 disiimo
484 3749 579 3798 Patre
602 3746 809 3785 deduxerint
826 3773 838 3791 ‚
862 3749 958 3785 varia
978 3748 1050 3796 jam
1074 3746 1191 3793 saepius
1214 3759 1291 3784 orta
1317 3748 1364 3789 est
1384 3746 1556 3784 diffenfio.
1597 3743 1700 3786 Inde,
1726 3753 1764 3779 ut
1790 3741 1914 3779 veritas
1934 3745 1967 3777 δε
1997 3753 2063 3789 pax
2087 3741 2118 3777 se
2146 3739 2293 3776 invicem
2328 3738 2453 3782 semper

329 3794 544 3837 osculentur,
565 3795 704 3838 juvabit
730 3797 876 3833 multum
892 3821 906 3842 ,
928 3809 1002 3844 quae
1026 3795 1176 3845 sequitur
1198 3796 1282 3835 citca
1303 3805 1512 3844 utrumque,
1537 3791 1692 3840 epitheca
1706 3814 1716 3826 ·

2225 3831 2407 3879 Affumplit
