2658 4244
310 299 470 348 210

238 737 422 792 &tigillo
449 737 626 781 Personae
650 736 687 778 in
721 737 1000 780 Eccleliastica
1028 739 1270 793 dignitate-2

237 797 494 849 constitutae,
524 795 590 838 seu
622 798 902 840 procuratoris
931 798 1147 839 Generalis
1175 796 1269 838 dieti

237 854 407 898 Ordinis
422 856 615 905 munitis,
632 855 778 899 eadem
793 855 949 910 prorsus
970 854 1069 896 fides
1085 854 1281 896 adhibea-

235 923 332 966 tur,
356 928 442 971 quae
465 914 731 971 adhiberetur
756 914 845 971 ipfis
866 911 1126 970 praesentibus
1142 942 1156 965 ,
1178 912 1203 955 fi
1222 912 1281 955 fo-

957 1041 1022 1106 N
1160 1042 1273 1107 01

888 267 1050 359 Sub
1109 266 1491 357 Clemente
1553 263 1726 356 XII.

242 385 421 428 tionibus
445 381 682 439 caeterisque
705 384 917 435 ‘contrariis
941 385 1241 444 quibuscunque
1269 418 1280 429 .

239 443 509 488 Praesentibus
560 442 695 498 quoad
738 443 1009 501 Indulgentiae
1054 445 1280 503 hujusmodi

239 501 535 547 concentonem
571 502 623 546 ad
651 502 902 557 septennium
936 504 1163 560 proximum
1191 515 1282 547 tan-

237 560 325 602 tum
356 561 541 604 valituris
560 589 571 602 .
603 560 804 603 Volumus
836 572 1004 615 autem,
1036 574 1081 605 ut
1110 561 1280 620 praesen-

238 619 342 661 tium
357 619 615 675 transumptis
630 646 645 669 2
660 619 726 662 seu
742 621 955 677 exemplis,
969 622 1093 663 etiam
1110 621 1279 678 impres-

237 680 449 729 sis,manu
474 677 638 734 alicujus
655 680 815 720 Notarii
841 680 991 735 publici
1009 680 1243 736 subscriptis
1263 709 1277 732 ‚

1343 397 1436 429 rent
1453 386 1661 436 exhibitae,
1678 384 1742 427 vel
1758 382 1931 426 ostensae.'
1948 382 2098 424 Datum
2115 383 2383 443 Romae'apud

1341 448 1525 488 sannam
1550 447 1718 487 Mariam
1746 442 1946 500 Majorem
1965 439 2035 483 sub
2058 443 2223 486 Annulo
2253 445 2382 491 Pisca-

1345 504 1447 546 toris
1462 503 1529 545 die
1550 517 1672 546 xxii.
1704 503 1800 545 Maii
1831 513 2091 546 muccxxxvt
2105 515 2135 544 ι.
2166 500 2384 554 Pontifica-

1343 573 1406 605 tus
1423 562 1542 605 nostri
1558 565 1679 606 Anno
1694 561 1865 619 septimo
1884 589 1897 604 .

1883 683 1932 725 F.
1956 680 2076 724 Card.
2100 680 2298 723 Oliverittr
2313 708 2325 721 .

1392 801 1515 840 Breve
1528 798 1704 856 firmat.
1729 802 1772 842 in
1788 796 2058 855 Archivogen.
2082 798 2176 842 Ord.
2197 800 2300 842 Tom.
2318 799 2370 842 R.

1458 870 1566 898 num.
1591 872 1658 911 55.

1358 1044 1658 1110 TA:

286 1189 448 1235 Nvenit,
470 1189 505 1225 δε
527 1187 562 1224 in
584 1190 645 1226 hae
669 1187 790 1225 ultima
819 1188 1047 1226 renovatione
1078 1185 1320 1238 Apostolicum
1345 1190 1412 1227 hoc
1438 1191 1549 1228 Breve
1572 1203 1698 1228 novam
1723 1190 1978 1239 oppolitionem
2002 1189 2038 1227 in
2063 1188 2175 1227 Curia
2201 1184 2321 1238 Episeo
2350 1202 2386 1227 a-

306 1238 331 1274 li
358 1239 414 1275 N.
437 1250 512 1286 qua:
537 1237 627 1274 illud
651 1239 708 1274 seu
730 1237 1158 1286 apocryphum'sul'pexit,
1185 1248 1232 1273 cx
1256 1251 1323 1283 e0,
1347 1239 1443 1287 quod
1470 1240 1563 1279 illius
1590 1240 1846 1288 Transumpta,
1869 1241 1970 1276 nostri
1996 1240 2035 1276 P.
2052 1239 2292 1275 Procuratoris
2350 1251 2383 1275 e-

234 1286 361 1325 neralis
384 1287 512 1331 Sigillo
539 1287 661 1322 muniri
689 1283 781 1333 posse
804 1286 975 1332 exprimat
990 1312 1000 1323 .
1027 1287 1210 1325 Sciendum
1233 1286 1310 1323 inde
1337 1288 1383 1324 est
1391 1313 1406 1332 ‚
1429 1291 1527 1336 quod
1538 1315 1552 1335 ‚
1578 1302 1655 1326 cum
1682 1289 1804 1326 Brevia
1831 1288 2060 1336 Apostolica,
2079 1286 2246 1332 Ordinem
2261 1288 2385 1331 Gene-

234 1335 350 1373 raliter
376 1335 584 1379 afficientia,
610 1338 645 1371 ln
658 1332 828 1371 Archivio
843 1334 1014 1371 Generali
1032 1334 1190 1372 asservari
1211 1335 1382 1381 debeant,
1406 1337 1444 1372 P.
1462 1338 1667 1376 Procurator
1690 1338 1872 1375 Generalis
1886 1338 1980 1384 plura
2004 1337 2144 1372 illorum
2169 1335 2379 1384 transumpta

231 1395 247 1420 ι
275 1384 325 1431 pis
347 1383 495 1430 Imprimi
522 1393 618 1420 curet
643 1408 656 1428 ‚
692 1382 882 1419 Provinciis
905 1384 1188 1421 communicanda
1213 1410 1223 1420 .
1259 1386 1421 1431 Cumque
1447 1385 1515 1423 haec
1539 1412 1551 1432 ,

1593 1397 1631 1423 ut
1658 1387 1742 1423 fides
1765 1386 1813 1423 eis
1837 1386 2033 1423 adhibeatur
2054 1409 2068 1429 ,
2103 1383 2232 1430 Sigillo
2254 1408 2266 1429 ,
2295 1388 2378 1420 Per-

250 1445 322 1468 onae
345 1433 380 1469 in
406 1431 632 1469 Ecclefiastica
656 1431 826 1477 dignitate
854 1432 1046 1469 constitutae
1071 1433 1203 1469 firmata
1226 1433 1292 1470 effe
1316 1457 1328 1477 ‚
1355 1434 1498 1470 debeant
1524 1460 1536 1479 ,
1563 1435 1733 1473 ordinarie
1761 1435 1856 1482 prius
1875 1459 1887 1479 ‚
1914 1436 1970 1471 vel
1991 1433 2155 1480 Sigillum
2178 1433 2377 1470 Cardinali-

232 1482 320 1517 tium
345 1505 358 1525 ,
382 1482 440 1516 vel
464 1480 683 1516 l’raelatitium
710 1479 947 1526 apponebatur
964 1505 973 1514 .
996 1481 1049 1516 Ex
1073 1492 1146 1526 quo
1170 1492 1248 1516 curn
1275 1482 1382 1517 varias
1406 1483 1577 1520 molestias
1603 1484 1691 1520 nasci
1713 1494 1927 1530 compertum
1956 1482 2037 1519 effet
2059 1506 2072 1526 ‚
2097 1482 2266 1518 indultum
2289 1506 2304 1527 ,
2339 1481 2376 1517 8(

231 1528 332 1566 varie
358 1528 394 1563 in
419 1528 590 1565 Brevibus
613 1527 804 1575 exprefl'um
827 1525 893 1561 fuit
911 1549 924 1570 ‚
947 1527 1042 1574 quod
1068 1528 1137 1564 haec
1164 1526 1263 1565 etiam
1285 1529 1411 1573 Sigillo
1431 1530 1471 1565 P.
1486 1530 1726 1567 Procuratoris
1737 1531 1925 1566 Generalis
1948 1530 2072 1565 muniri
2094 1531 2277 1574 valerent,
2294 1540 2382 1577 pro-

232 1587 274 1614 ut
299 1577 419 1613 videre
444 1576 491 1612 est
513 1575 574 1611 fol.
593 1577 668 1622 176'.
691 1577 815 1611 coh-2,
838 1573 898 1610 fol.
917 1575 993 1619 183.
1023 1577 1092 1610 col.
1111 1587 1142 1610 1.
1171 1576 1236 1610 &c-

332 1625 386 1659 Ex
410 1626 474 1658 hac
498 1625 566 1669 ipsa
592 1623 752 1665 ratione,
778 1633 855 1656 cum
878 1622 913 1657 8<
940 1622 1085 1657 Notarii
1108 1621 1240 1669 publici
1267 1620 1472 1668 subscriptio
1499 1624 1602 1661 ardua
1628 1625 1873 1669 comperiretur
1898 1648 1911 1666 ‚
1933 1637 2002 1660 non
2024 1625 2124 1660 semel
2149 1625 2375 1663 concessum-³

233 1669 303 1710 fuit
316 1696 331 1716 ,
351 1681 391 1705 ut
414 1670 515 1725 hujus
538 1670 632 1706 vices
646 1670 754 1713 ,RR.
780 1669 849 1703 PP.
865 1668 1009 1704 Ministri
1028 1691 1042 1713 ,
1064 1670 1099 1705 &
1126 1671 1364 1708 procuratoris
1393 1671 1621 1709 Generalium
1647 1670 1829 1709 Secretarii
1854 1670 2007 1718 supplere
2032 1670 2164 1717 pofl'ent
2179 1695 2193 1716 ,
2213 1680 2318 1719 prout
2341 1674 2377 1708 &

230 1729 333 1770 patet
356 1729 402 1754 ex
428 1727 533 1754 citato
554 1717 640 1754 folio
657 1717 735 1764 176.
757 1717 827 1753 col.
841 1726 874 1752 2.
902 1717 970 1752 &c-

233 1962 328 2012 Pro
348 1957 558 2009 Ecclefiis
575 1992 591 2016 ‚
621 1958 665 2006 in
682 1957 847 2025 quibus
867 1961 1045 2007 Fratres
1070 1972 1279 2029 tempore
1338 1975 1385 2003 ca
1402 1961 1452 2002 ad
1467 1961 1543 2003 hoc
1559 1961 1680 2015 magis
1695 1969 1922 2017 opportuna
1935 1958 2290 2014 instituendae,per
2302 1958 2379 2000 ali-

270 2027 623 2098 quadragefimae
641 2029 967 2076 concionantur
981 2063 995 2085 ,
1024 2027 1072 2080 ὅ(
1088 2033 1272 2096 quadra-

264 2102 395 2170 ginta
412 2100 627 2148 horarum
646 2099 796 2147 oratio
814 2096 1273 2157 instituitur,Confes-·

262 2170 341 2228 fis,
360 2168 408 2220 8(
427 2168 795 2221 Communicatis
813 2169 1156 2237 Indulgentiam
1178 2176 1267 2240 ple-

264 2243 441 2291 nariam
472 2241 701 2308 largitur,
724 2240 821 2288 aliis
854 2254 1006 2289 autern
1040 2242 1086 2290 in
1108 2240 1267 2310 spiritu

270 2313 552 2380 poenitentiae
615 2308 663 2359 ὅ(
687 2307 831 2366 firmo„
842 2308 1086 2359 confitendi
1113 2331 1273 2382 propo·

264 2380 353 2431 fito
371 2380 500 2429 dic'iae
518 2382 734 2429 Orationi
751 2378 1047 2430 affistentibus
1067 2417 1082 2439 ,
1112 2382 1271 2433 decern

266 2468 438 2509 annos,
476 2450 524 2501 ὅ(
551 2450 748 2499 totidem
781 2450 1091 2520 quadragenas
1125 2453 1180 2503 de
1207 2457 1272 2505 in-

259 2521 429 2586 junstis
445 2522 519 2572 vel
537 2519 698 2570 debitis
714 2524 862 2591 poenis
883 2523 1054 2572 relaxat
1068 2559 1081 2572 .

331 2664 721 2713 CLEMENS
777 2666 995 2716 PAPA
1040 2669 1183 2719 XII.

289 2789 479 2844 Univerfis
495 2817 508 2840 ,
534 2789 758 2847 &fingalt's
775 2792 983 2849 praestntes
1008 2795 1143 2838 literas
1163 2801 1226 2839 in-

369 2847 565 2906 speffuris
567 2850 742 2906 salutem
757 2879 771 2902 ‚
800 2850 854 2900 ὠ·
870 2851 1125 2910 Αβοβοῖίιαηι

592 2908 886 2952 ὸσηεόὶὲῗίοηειη
900 2943 913 2953 .

377 3027 415 3067 D
446 3022 670 3079 augendam
699 3026 898 3071 Fidelium
925 3028 1199 3086 religionem,
1231 3032 1269 3074 8<

393 3085 617 3125 animarum
633 3083 803 3126 salutem
826 3088 1056 3132 coelestibus
1081 3090 1271 3134 Eccleliae

238 3141 520 3197 thesauris‚pia
536 3143 734 3184 charitate
749 3143 911 3197 intenti,
925 3149 1109 3191 omnibus
1125 3149 1271 3192 utrius-

240 3211 321 3255 que
340 3199 451 3242 sextis
469 3199 804 3243 Christifidelibus
833 3207 927 3245 vere
950 3210 1268 3260 poenitentibus,

239 3260 280 3298 δι
304 3257 487 3301 confeffis
507 3286 519 3310 ‚
545 3273 591 3301 ac
611 3263 732 3302 Sacra
755 3262 1049 3308 Communione
1074 3264 1237 3308 refectis
1254 3294 1268 3316 ‚

241 3318 309 3371 qui
338 3317 524 3359 Orationi
553 3316 817 3374 quadraginta
846 3319 1035 3361 horarum
1060 3325 1268 3368 continua-

242 3385 377 3416 tarum
405 3375 522 3430 (non
546 3388 682 3419 autem
710 3376 1078 3434 interpolatarum)
1108 3394 1267 3433 praeter·

243 3445 363 3487 quam
385 3434 421 3473 in
437 3435 682 3478 Civitatibus
699 3463 712 3486 ‚
733 3436 773 3476 &
789 3436 908 3478 Locis
938 3436 1268 3481 Ultrarnontana·

242 3504 331 3533 rum
350 3492 522 3544 partium
540 3520 554 3543 ,
578 3494 617 3535 in
634 3495 773 3549 quibus
797 3495 920 3535 noctis
945 3507 1127 3550 tempore
1145 3498 1268 3539 inter—

239 3546 370 3605 polari
397 3548 531 3591 valeat
549 3579 561 3600 ‚
590 3551 816 3594 delicentia
833 3553 1270 3597 Ordinariorumloco-

240 3620 334 3649 rum
348 3607 389 3647 in
417 3606 632 3659 Ecclesnis‚
656 3611 694 3651 in
719 3611 862 3666 quibus
880 3625 953 3667 per
970 3613 1135 3655 dilectos
1165 3612 1266 3655 filios

242 3667 408 3707 Fratres
425 3665 586 3706 Ordinis
605 3670 809 3710 Minorum
826 3671 956 3711 Sancti
975 3672 1171 3713 Francisci
1186 3675 1265 3715 Ca-

240 3723 480 3776 pucinorum
504 3736 819 3778 nuncupatorum
844 3738 1025 3782 ternpore
1043 3731 1267 3785 quadrage-

239 3780 361 3821 fimali
380 3780 561 3820 Verbum
581 3782 655 3821 Dei
672 3785 906 3836 praedicari,
921 3781 1177 3829 &sermones
1193 3788 1262 3829 fie—

237 3841 275 3883 ti
292 3837 543 3891 contigerit,
572 3839 607 3880 in
626 3839 850 3883 palmarum
865 3871 879 3894 ,
906 3844 971 3886 vel
989 3845 1064 3885 alia
1080 3847 1263 3887 Domini—

1337 2019 1445 2075 quod
1475 2019 1674 2076 temporis
1705 2020 1871 2075 spatium
1901 2018 2050 2060 devote
2078 2017 2373 2068 interfuerint,

1332 2078 1439 2120 &ibi
1461 2093 1536 2134 pro
1555 2076 2114 2130 Christianorumprincipum
2133 2074 2373 2127 concordia,

1334 2135 1523 2180 haeresum
1539 2137 1818 2193 extirpatione
1833 2158 1845 2182 2
1867 2151 1911 2178 ac
1944 2136 2093 2178 sanuae
2122 2135 2265 2177 Matris
2290 2136 2371 2176 Ec-

1329 2196 1454 2239 cleliae
1469 2197 1823 2251 exaltatione,pias
1838 2195 1886 2237 ad
1907 2197 2042 2236 Deum
2057 2207 2199 2249 preces
2217 2192 2377 2236 effude-

1329 2256 1440 2305 rint,
1466 2255 1688 2310 plenariam
1705 2255 1885 2296 omnium
1912 2263 2177 2309 peccatorum
2209 2254 2370 2295 suorum

1331 2313 1633 2369 Indulgentiam
1651 2341 1665 2364 2
1691 2315 1729 2355 &
1758 2311 2023 2356 remiffionem
2053 2310 2372 2352 misericorditer

1332 2372 1372 2415 in
1395 2373 1571 2413 Domino
1590 2372 1882 2422 concedimus3
1906 2370 1992 2412 Illis
2011 2371 2111 2411 vero
2126 2399 2139 2422 ‚
2164 2370 2229 2425 qui
2252 2372 2386 2422 Sacra*

1331 2431 1628 2473 Communione
1665 2431 1805 2473 refecti
1834 2443 1909 2472 non
1938 2427 2088 2472 fuerint
2118 2456 2133 2479 2
2175 2427 2240 2470 sed
2274 2426 2372 2468 vere

1332 2490 1588 2546 poenitentes
1604 2519 1617 2541 ,
1643 2490 1680 2531 &
1699 2487 1858 2531 firmum
1879 2488 2123 2545 propositum
2148 2484 2373 2529 confitendi

1332 2547 1531 2591 habentes
1562 2549 1747 2591 Orationi
1775 2548 2047 2604 quadraginta
2077 2548 2272 2588 horarum
2301 2545 2375 2585 hu-

1329 2606 1526 2665 jusmodi,
1541 2607 1711 2663 utsupra
1729 2637 1742 2660 ,
1760 2602 2023 2650 interfuerint
2039 2633 2054 2656 a
2077 2603 2338 2648 &oraverint
2357 2632 2374 2653 ,

1331 2663 1476 2710 decem
1495 2680 1616 2711 annos
1633 2695 1647 2718 ,
1673 2667 1710 2708 &
1727 2666 1899 2709 totidem
1924 2663 2205 2722 quadragenas
2236 2664 2289 2705 de
2304 2662 2371 2704 in-

1329 2724 1474 2783 junt‘tis
1492 2728 1577 2777 eis,
1598 2727 1660 2768 seu
1676 2725 1773 2767 alitis
1790 2723 2098 2780 quomodolibet
2113 2722 2262 2765 debitis
2276 2734 2370 2776 poe-

1331 2785 1518 2827 nitentiis
1547 2786 1586 2826 in
1616 2782 1742 2825 forma
1773 2782 1960 2825 Ecclefiae
1987 2779 2172 2824 consueta
2209 2779 2370 2839 'relaxa-

1331 2858 1418 2887 mus
1442 2875 1453 2882 .
1483 2842 1749 2887 Praesentibus
1772 2842 1821 2884 ad
1837 2840 2104 2897 septennium
2118 2836 2275 2880 tantum
2299 2850 2372 2878 va·-

1330 2903 1461 2946 lituris
1477 2933 1488 2944 .
1516 2901 1711 2944 Volumus
1739 2910 1901 2951 autem,
1926 2910 2004 2950 ut,
2022 2898 2046 2940 fi
2076 2912 2149 2952 pro
2173 2897 2372 2952 impetra-

1332 2963 1444 3005 tione
1459 2990 1473 3013 ,
1500 2959 1805 3017 praesentatione
1822 2987 1836 3010 ‚
1861 2957 2097 3000 admissione
2113 2985 2128 3008 2
2155 2954 2221 2997 seu
2239 2955 2372 3011 publi-

1333 3021 1494 3064 catione
1511 3019 1760 3076 praesentium
1779 3015 1930 3074 aliquid
1946 3044 1961 3066 a
1990 3015 2057 3058 vel
2074 3015 2276 3056 minimum
2294 3015 2369 3055 de-

1334 3091 1399 3124 tur
1414 3110 1429 3131 ,
1449 3089 1516 3122 aut
1531 3078 1671 3136 sponte
1685 3075 1865 3119 oblatum
1881 3075 2105 3131 recipiatur
2119 3102 2132 3124 ‚
2159 3073 2367 3128 praesentes

1331 3139 1449 3183 nullae
1463 3137 1537 3180 sint
1551 3167 1566 3190 ‚
1582 3147 1705 3192 utque
1720 3134 1967 3190 praesentium
1985 3130 2244 3186 transumptis
2260 3159 2273 3180 ,
2290 3130 2362 3172 seu

1328 3197 1538 3252 exemplis,
1553 3196 1676 3238 etiam
1690 3191 1898 3248 imprelIiS,
1913 3205 2027 3234 manu
2046 3189 2211 3244 alicujus
2237 3193 2368 3232 Nota-

1329 3257 1377 3299 rii
1397 3255 1550 3311 publici
1568 3251 1789 3307 subscriptis
1804 3280 1818 3303 ‚
1834 3253 1875 3292 &
1891 3249 2020 3306 sigillo
2035 3248 2213 3294 Personae
2228 3250 2266 3291 in
2286 3250 2364 3290 Ec·

1328 3313 1542 3357 clefiastica
1563 3310 1762 3367 dignitate
1793 3311 2047 3360 constitutae,
2073 3309 2141 3350 seu
2170 3311 2364 3350 Procura-

1329 3374 1429 3416 toris
1452 3371 1666 3415 Generalis
1695 3370 1789 3412 dieti
1809 3369 1971 3412 Ordinis
1995 3367 2184 3411 munitis,
2213 3363 2361 3405 eadem

1331 3431 1490 3487 prorsus
1517 3429 1615 3472 fides
1643 3429 1841 3472 habeatur
1865 3456 1879 3477 ‚
1905 3440 1986 3482 quae
2015 3427 2232 3466 haberetur
2263 3423 2354 3478 ipsis

1332 3489 1603 3545 praesentibus,
1619 3489 1643 3530 fi
1662 3487 1797 3530 forent
1813 3486 2013 3533 exhibitae,
2029 3481 2092 3522 vel
2112 3480 2270 3523 ostensae
2290 3511 2300 3522 .

1391 3549 1696 3590 DatumiRomae
1719 3544 1821 3600 apud
1839 3545 2017 3586 sanctam
2039 3541 2208 3586 Mariam
2226 3540 2358 3595 Majo-

1330 3622 1413 3649 rem
1451 3604 1518 3647 sub
1558 3603 1721 3646 Annulo
1749 3599 1960 3644 Piscatoris
1997 3598 2062 3640 die
2106 3613 2226 3642 xxti.
2260 3599 2356 3641 Maii

1328 3676 1625 3707 Moccxxxvu.
1666 3658 1928 3703 Pontificatus
1959 3659 2093 3701 Nostri
2137 3661 2257 3702 Anno
2285 3659 2358 3700 Se-

1326 3724 1479 3778 ptimo.

1817 3781 1863 3822 F.
1885 3776 2000 3821 Card.
2023 3777 2215 3819 Oliva-rius
2231 3804 2243 3817 .

1383 3846 1681 3908 Breveformat.
1697 3850 1738 3891 in
1757 3849 2066 3903 Arch.gen.0rd.
2077 3843 2354 3892 Tom.R.n.56.

2194 3905 2297 3946 Ven.
