2658 4244
343 233 504 302 204

277 319 567 370 intendamus,
598 318 697 362 licut
725 334 865 364 rerum
881 349 895 373 ,
919 320 1103 363 locorum
1120 348 1134 371 ,
1161 331 1321 376 tempo-

213 385 216 388 '
279 390 366 422 rum
397 406 412 430 2
442 379 482 420 &
509 378 768 433 personarum
800 381 996 437 qualitate
1029 380 1188 421 maturi:
1226 394 1321 435 per-

279 436 405 493 pensa
429 463 444 489 ‚
469 434 683 481 salubriter
715 437 756 483 in
780 441 959 483 Domino
985 439 1182 494 expedire
1213 439 1319 481 arbi-

280 505 438 540 tramur
453 525 464 538 .

339 555 712 612 supplicationibus
745 558 879 616 itaque
913 557 1051 601 dilecti
1078 559 1169 600 Filii
1189 560 1320 599 Bona-

282 627 464 658 venturae
487 616 508 657 a
533 618 716 659 Ferraria
731 619 906 661 Ministri
921 619 1138 660 Generalis
1155 615 1318 658 Ordinis

281 676 471 718 Fratrum
496 675 702 718 Minorum
731 679 863 722 Sandti
880 677 1077 718 Francisci
1094 677 1323 731 Capucino—

280 747 370 776 rum
386 745 712 789 nuncupatorum
731 765 744 787 ,
769 751 812 778 ac
841 736 964 778 etiam
989 745 1105 777 motu
1131 733 1293 788 proprio
1309 759 1322 781 ,

281 794 320 834 δι
346 804 395 834 ex
422 804 537 835 certa
553 792 718 835 scientia
736 821 751 845 ,
781 808 827 836 ac
855 804 1007 835 matura
1023 792 1324 834 deliberatione

281 851 424 894 nostris
437 878 452 902 ‚
473 851 608 907 deque
623 852 864 907 Apostolicae
879 852 1086 907 potestatis
1102 848 1325 905 plenitudi-

282 923 334 954 ne
349 937 364 960 ,
395 920 438 951 ut
456 909 522 952 fibi
538 939 554 960 ,
577 911 618 951 ὅτ.
631 924 705 965 pro
721 923 907 965 tempore
923 910 1182 953 existentibus
1199 906 1324 951 Mini-

283 970 364 1012 stro
382 969 576 1011 Generali
594 997 606 1019 ,
630 971 670 1009 &
696 969 939 1011 secundariis
967 967 1250 1023 Superioribus
1272 964 1323 1007 ab

282 1041 335 1070 eo
352 1025 700 1082 dependentibus,
716 1038 920 1082 tamquam
940 1027 1062 1077 veris,
1083 1025 1330 1080 &legitimis

280 1084 399 1128 Filiis
428 1083 610 1140 ejusdem
634 1087 766 1126 Sansti
786 1084 982 1128 Francisci
1011 1085 1259 1133 conveniat,
1289 1084 1330 1123 &

281 1152 489 1197 competat
508 1142 545 1182 in
563 1155 820 1198 quocumque
838 1145 931 1185 loco
949 1171 962 1193 ‚
988 1144 1172 1185 Civitate
1191 1171 1204 1192 ,
1225 1143 1330 1182 Pro-

282 1201 414 1243 vincia
427 1227 441 1250 ,
460 1202 501 1240 &
514 1202 679 1254 Regno,
693 1201 834 1252 etiam,
850 1201 916 1243 ubi
932 1202 998 1243 alii
1017 1202 1209 1243 Tertiarii
1226 1198 1329 1256 ejusl-

281 1258 378 1302 dem
399 1259 564 1301 Ordinis
595 1259 672 1314 jam
695 1262 983 1316 reperiuntur,
1002 1261 1162 1315 erigere
1178 1288 1191 1310 ,
1220 1258 1328 1300 insti-

284 1328 402 1360 tuere
418 1345 432 1369 ,
457 1319 496 1358 &
513 1316 682 1360 fundare
699 1318 906 1375 praesatum
924 1319 1108 1360 Tertium
1123 1318 1324 1361 Ordinem

282 1392 364 1434 pro
378 1375 676 1432 quibuscunque
693 1379 766 1434 piis
781 1407 794 1429 ,
824 1377 1035 1420 &devotis
1049 1378 1228 1433 personis
1246 1379 1326 1418 Sae-

286 1435 495 1478 cularibus
521 1435 729 1491 utriusque
760 1435 871 1478 sexus
892 1463 906 1485 ‚
939 1447 1061 1492 atque
1101 1433 1324 1491 hujusinodi

287 1495 427 1536 Tertii
454 1495 623 1535 Ordinis
653 1491 942 1548 professoribus
966 1492 1170 1548 scapulare
1197 1520 1212 1543 ,
1252 1491 1333 1532 sive

288 1551 487 1595 Habitum
503 1566 596 1594 cum
612 1551 778 1607 cingulo
793 1548 981 1593 conferre
995 1579 1009 1600 ,
1023 1552 1063 1591 in
1080 1551 1202 1592 rebus
1217 1546 1333 1602 spiri-

290 1610 471 1651 tualibus
487 1609 669 1662 dirigere
684 1637 697 1659 ,
718 1610 759 1650 in
785 1608 908 1650 tertia
923 1607 1084 1659 Regula
1118 1606 1330 1646 memorati

288 1667 424 1710 Sancti
453 1664 653 1708 Francisci
679 1663 928 1707 observanda
956 1664 1174 1718 privatim,
1201 1664 1241 1703 &
1261 1676 1332 1716 pu-

289 1724 401 1768 blice
415 1737 484 1766 eos
499 1724 695 1775 edocere,
710 1725 750 1764 δι
769 1724 984 1772 instruere,
1000 1733 1126 1778 utque
1146 1720 1212 1776 ipfi
1234 1723 1335 1764 Ter-

293 1783 405 1826 tiarii
420 1812 436 1833 ,
463 1781 484 1823 a
502 1782 722 1837 Capucinis
741 1780 895 1837 recepti
927 1782 1092 1823 omnino
1123 1780 1334 1835 gaudere,

291 1851 417 1897 atque
434 1841 492 1883 uti
510 1840 651 1895 poffint
666 1869 680 1892 ,
706 1843 746 1882 &
761 1841 938 1883 debeant
953 1841 1138 1882 omnibus
1154 1868 1166 1890 ,
1194 1841 1231 1880 ὅ(
1259 1838 1336 1881 fin-

293 1899 399 1958 gulis
415 1899 636 1956 privilegiis
648 1930 661 1952 ,
677 1898 941 1957 indulgentiis
958 1928 970 1949 ,
986 1899 1125 1955 gratiis
1139 1927 1152 1949 ,
1167 1900 1204 1939 ὅ(
1223 1896 1337 1940 favo—

291 1961 404 2002 ribus
421 1987 436 2010 ,
463 1973 509 2000 ac
528 1959 802 2015 praerogativis
818 1988 831 2010 ,
856 1972 930 2014 per
947 1958 1102 2001 Sedem
1128 1957 1337 2013 Apostoli-

294 2032 385 2062 cam
399 2017 543 2059 Ordini
562 2019 857 2060 Tertiariorum
873 2047 889 2067 ,
905 2017 925 2058 a
944 2031 1187 2073 quocunque
1214 2016 1336 2059 Mini-

295 2078 376 2120 stro
399 2075 595 2119 Generali
627 2075 950 2132 dependentium
987 2077 1055 2118 sub
1081 2076 1149 2117 suo
1173 2076 1306 2132 capite
1324 2105 1339 2126 ,

295 2135 364 2192 qui
390 2148 492 2177 unus
518 2134 602 2186 est,
631 2134 739 2178 idem
769 2137 934 2178 Sanctus
952 2135 1181 2177 Franciscus
1198 2165 1212 2186 ,
1241 2134 1341 2176 alias

296 2192 486 2237 conceffis
504 2222 519 2245 ,
543 2193 608 2235 vel
625 2194 662 2235 in
682 2193 883 2251 posterum
898 2192 1174 2243 concedendis
1190 2223 1204 2246 ,
1220 2205 1339 2236 teno-

294 2267 346 2310 re
359 2253 612 2308 praesentium
627 2251 882 2294 declaramus
897 2283 912 2303 ,
928 2255 967 2293 &
980 2252 1186 2295 statuimus
1201 2282 1213 2293 .

359 2313 648 2352 Decernentes
663 2309 823 2352 easdem
840 2309 1053 2366 praesentes
1068 2311 1214 2354 literas
1241 2309 1341 2353 sem-

299 2374 376 2427 'per
391 2367 524 2410 firmas
540 2396 554 2420 ,
569 2368 744 2420 validas,
760 2371 800 2410 &
813 2369 996 2412 efficaces
1013 2370 1185 2412 existere
1199 2401 1214 2420 ,
1227 2372 1267 2410 &
1280 2367 1343 2411 fo-

301 2443 347 2472 re
365 2456 380 2479 ,
396 2426 562 2483 suosque
588 2427 789 2483 plenarios
803 2457 816 2479 ,
832 2431 871 2470 &
889 2430 1070 2484 integros
1086 2428 1248 2473 effeetus
1264 2429 1344 2471 sor-

300 2487 401 2537 tiri,
429 2487 467 2527 &
483 2487 670 2529 obtinere
684 2517 699 2537 ,
729 2501 772 2529 ac
786 2487 867 2530 illis
884 2517 898 2539 ,
913 2487 960 2530 ad
978 2502 1076 2543 quos
1101 2487 1247 2544 spectat
1264 2515 1278 2538 ,
1307 2489 1346 2528 &

303 2559 381 2604 pro
395 2554 580 2600 tempore
594 2544 800 2601 spectabit,
816 2548 853 2589 in
870 2547 1113 2598 omnibus‚&
1126 2562 1198 2604 per
1211 2548 1346 2590 omnia

303 2603 526 2661 pleniffirn'e
553 2604 788 2660 suffragari,
815 2606 947 2662 sicque
972 2607 1010 2648 in
1040 2607 1235 2662 praemiffis
1273 2620 1346 2659 per

303 2659 559 2718 quoscunque
578 2663 737 2719 Judices
752 2665 990 2707 ordinarios
1005 2694 1019 2716 ,
1046 2667 1086 2707 &
1100 2666 1316 2722 delegatos
1332 2693 1346 2715 ,

304 2721 799 2764 etiamCausarumPalatii
814 2724 1175 2778 Apost.Aud'1tores
1190 2725 1347 2782 judica-

307 2778 401 2827 ri‚&
414 2778 806 2832 definiridebere,ac
822 2782 1038 2834 irritum,&
1056 2784 1217 2834 inane‚fi
1236 2782 1346 2826 secus

306 2833 423 2893 super
440 2837 513 2888 his,
528 2838 548 2878 εὶ
566 2843 934 2897 quoquam,quavis
951 2843 1206 2893 auctoritate,
1221 2841 1348 2884 scien-

308 2905 375 2936 ter
391 2922 406 2945 ,
425 2895 490 2935 vel
513 2897 745 2948 ignoranter
761 2900 981 2955 contigerit
999 2903 1221 2944 attentari.
1251 2904 1348 2944 Non

308 2952 557 2996 obstantibus
581 2959 972 3010 Constitutionibus,
999 2961 1039 3001 δι
1067 2961 1350 3002 ordinationi-

309 3012 381 3055 bus
396 3011 827 3068 Apostolicis,necnon,
842 3030 1042 3073 quatenus
1058 3034 1155 3075 opus
1172 3021 1234 3070 sit,
1253 3034 1352 3072 prae-

310 3071 486 3114 fatorum
500 3070 719 3123 Ordinum,
733 3076 855 3116 etiam
871 3076 1353 3131 jurament0,Confirma-

315 3131 430 3173 tione
445 3130 678 3185 Apostolica
695 3160 708 3183 ,
738 3133 800 3173 vel
824 3137 962 3186 quavis
981 3135 1175 3180 firmitate
1192 3138 1268 3180 alia
1284 3152 1350 3179 ro-

310 3189 465 3231 boratis
485 3189 640 3232 statutis
655 3218 670 3240 ,
696 3193 734 3231 &
761 3188 1115 3238 consuetudinibus
1135 3227 1151 3247 ,
1182 3196 1350 3252 privile-

314 3249 386 3302 giis
402 3262 564 3303 quoque
581 3276 595 3300 ,
611 3248 777 3290 indultis
792 3250 855 3298 ,&
871 3250 1015 3292 Literis
1033 3255 1294 3307 Apostolicis,
1310 3256 1352 3296 in

315 3308 568 3348 contrarium
604 3305 890 3363 praemissorum
920 3311 1227 3363 quomodolibet
1259 3329 1354 3357 con-

318 3364 429 3406 ceffis
446 3395 460 3415 ,
485 3364 732 3408 confirmatis
749 3397 764 3418 ,
787 3368 1040 3409 &innovatis
1057 3395 1067 3406 .
1090 3372 1250 3424 Quibus
1266 3387 1355 3414 om-

320 3422 434 3463 nibus
451 3450 465 3473 ,
479 3426 518 3464 δι
535 3425 693 3478 fingulis
708 3454 722 3476 ,
738 3425 904 3468 illorum
921 3436 1084 3468 tenores
1100 3427 1354 3483 praesentibus

322 3493 397 3534 pro
416 3481 536 3535 plene
548 3510 562 3531 ,
588 3485 627 3523 &
643 3483 890 3527 sufficienter
904 3485 1088 3539 expreffis
1105 3514 1118 3535 ,
1137 3500 1183 3527 ac
1198 3485 1250 3527 de
1267 3501 1359 3529 ver·

322 3538 376 3579 bo
392 3537 442 3581 ad
460 3540 627 3581 verbum
643 3542 800 3584 insertis
826 3545 1019 3586 habentes
1034 3575 1048 3596 ,
1074 3545 1154 3588 illis
1171 3543 1267 3586 alias
1286 3548 1357 3588 in.‚

323 3599 394 3638 suo
412 3599 559 3640 robore
575 3603 837 3652 permansuris
852 3633 866 3653 ,
899 3602 946 3644 ad
965 3600 1246 3657 praemiil'orum
1266 3605 1357 3647 effe-

325 3657 450 3704 etum,
465 3657 535 3697 hac
551 3656 636 3697 vice
653 3658 848 3702 duntaxat
863 3661 1106 3717 specialiter,
1122 3664 1162 3703 &
1175 3663 1358 3718 expressi:

327 3711 565 3767 derogamus
579 3741 593 3763 ‚
625 3718 854 3772 caeterisque
870 3722 1086 3762 contrariis
1113 3719 1356 3776 quibuscun-

329 3780 406 3825 que
422 3798 433 3810 .
462 3770 658 3813 Volumus
680 3786 844 3826 autem,
872 3788 914 3818 ut
942 3779 1161 3821 earundem
1183 3778 1355 3836 praesen-

927 201 1088 291 Sub
1151 199 1529 290 Clemente
1589 200 1763 295 XII.

1383 323 1482 364 tium
1494 321 1705 362 literarum
1718 315 2116 369 transumptis,etiam
2127 315 2419 373 impreffisfflg.

1379 395 1432 423 nu
1449 379 1619 436 alicujus
1640 378 1800 422 Notarii
1814 375 1967 431 publici
1981 373 2283 431 subscriptis,&
2298 378 2419 434 Sigil-

1381 439 1423 481 lo
1435 437 1626 494 personae,
1637 439 1676 480 in
1690 434 1967 480 Ecclefiastica
1982 433 2184 491 dignitate
2200 436 2419 479 constitutae

1380 498 1542 542 munitis
1560 527 1574 549 ,
1587 497 1729 540 eadem
1747 508 1913 551 prorsus
1931 491 2031 536 fides
2046 494 2088 535 in
2102 492 2256 550 judicio
2268 523 2282 546 ,
2301 495 2341 535 δι
2353 507 2426 537 ex-

1380 566 1442 598 tra
1452 557 1560 601 ‚illud
1579 558 1797 605 habeatur,
1814 568 1896 609 quae
1913 553 2137 594 haberetur
2154 553 2241 609 ipsis
2256 551 2427 609 praese'nq

1380 616 1502 665 tibus,
1518 618 1544 656 fi
1565 614 1698 658 forent
1716 614 1920 663 exhibitae,
1938 610 2003 653 vel
2019 611 2181 654 ostensae
2199 642 2211 653 .

1445 677 1598 717 Datum
1615 676 1753 716 Romae
1770 672 1873 729 apud
1891 675 1932 714 S.
1947 670 2121 714 Mariam
2135 671 2344 729 Majorem
2359 668 2430 714 sub

1383 734 1548 775 Annulo
1574 731 1782 774 Piscatoris
1808 731 1875 773 die
1902 744 2028 771 xxm.
2047 729 2150 786 Julii
2177 743 2432 785 MDccxxxvq

1387 790 1650 835 Pontificatus
1666 790 1805 834 Nostri
1825 794 1945 834 Anno
1957 790 2085 833 Sexto
2097 817 2108 830 .

1630 908 1684 955 F.
1701 908 1828 956 Card.
1852 909 2079 956 Oli-verius
2096 945 2110 957 .

1449 1024 1698 1081 Autograph.
1713 1028 1755 1066 in
1771 1026 1891 1067 Arch.
1908 1027 2051 1067 Secret-
2067 1027 2322 1084 Brev.Apost.
2336 1030 2434 1082 Reg-

1505 1086 1616 1138 ‘Julii
1637 1096 1753 1136 1735-
1761 1081 1840 1140 fol.
1856 1097 1898 1137 4.
1921 1085 1965 1124 de
1979 1096 2053 1137 quo
2070 1089 2193 1126 Breve
2198 1083 2430 1142 formatum

1502 1149 1544 1186 in
1560 1142 1681 1187 Arch.
1690 1156 1781 1199 gen.
1797 1143 1893 1186 Ord.
1919 1145 2021 1185 Tom.
2036 1145 2090 1186 R.
2108 1157 2213 1186 num.
2231 1156 2298 1200 30.
2355 1150 2360 1155 ‘

1630 1261 2189 1326 NOTA.

1384 1346 1506 1435 ET
1530 1347 1574 1383 ad
1600 1345 1731 1383 scienda
1757 1346 1888 1392 singula
1912 1370 1927 1389 ‚
1949 1358 2024 1394 quae
2045 1347 2101 1392 jus
2129 1345 2195 1382 hoc
2215 1345 2391 1391 attingunt
2421 1371 2436 1391 ,

1483 1400 1516 1432 &
1529 1396 1614 1432 alias
1626 1396 1715 1432 citca
1731 1394 1820 1432 illud
1831 1394 2007 1440 contigere
2021 1418 2034 1439 ,
2046 1394 2168 1431 folium
2188 1394 2268 1441 176.
2284 1392 2414 1441 inlpice
2427 1419 2438 1430 .

1392 1612 1482 1657 Pro
1500 1608 1747 1655 Dominica
1765 1605 1961 1656 secunda
1976 1643 1991 1664 ,
2013 1610 2111 1674 post
2129 1609 2311 1658 Festum
2333 1609 2442 1676 Epi-

1430 1676 1600 1744 phaniae
1620 1676 1796 1741 D.N.J.
1817 1675 1987 1725 Christi
2007 1712 2022 1733 ,
2045 1679 2091 1724 in
2110 1676 2316 1726 Ecclesiis
2334 1682 2446 1726 Fra-

1430 1762 1555 1796 trum
1588 1781 1604 1803 ,
1646 1743 1695 1796 &
1741 1746 2023 1796 Monialium
2055 1746 2442 1817 Indulgentiam

1432 1817 1679 1886 plenariam
1707 1815 1945 1867 concedit.

1495 1947 1900 1997 CLEMENS
1952 1949 2165 1998 PAPA
2215 1949 2342 1998 XII.

1402 2074 1596 2131 Univetst's
1609 2073 1931 2131 Christifidelibus
1938 2076 2150 2133 praestntes
2165 2077 2303 2117 literas
2319 2075 2445 2135 ἕψῃ,

1565 2133 1690 2177 Elaris
1702 2162 1717 2186 ,
1732 2135 1905 2176 Salutem
1921 2163 1936 2185 ,
1960 2133 2013 2184 (φ
2028 2135 2284 2192 Apostolicam

1747 2193 2054 2236 Benediflz‘onem
2070 2220 2084 2235 .

1529 2315 1568 2355 D
1593 2311 1820 2368 augendam
1852 2311 2054 2355 Fidelium
2079 2310 2344 2366 Religionem
2360 2337 2376 2361 ,
2405 2312 2446 2352 &

1518 2412 1520 2414 ,
1555 2373 1794 2414 Animarum
1819 2370 1986 2414 salutem
2014 2369 2243 2413 coelestibus
2260 2369 2447 2412 Ecclefiae

1406 2431 1618 2481 thesauris,
1632 2432 1694 2486 pia
1711 2431 1913 2473 charitate.
1924 2431 2087 2480 intenti,
2098 2430 2303 2480 omnibus,
2317 2429 2357 2468 &
2372 2429 2453 2470 stn-

1407 2490 1509 2546 gulis
1525 2489 1731 2545 utriusque
1747 2488 1873 2531 Sexus
1890 2488 2231 2532 Christifidelibus
2248 2486 2348 2528 vere
2361 2500 2453 2542 poe.

1408 2549 1631 2591 nitentibus
1644 2576 1658 2598 ‚
1672 2549 1707 2589 &
1724 2547 1908 2590 confessis
1924 2577 1938 2600 ,
1952 2563 1998 2591 ac
2016 2547 2134 2591 Sacra
2149 2545 2454 2590 Communione

1407 2607 1569 2650 resectis
1584 2636 1598 2659 ,
1612 2607 1678 2664 qui
1697 2606 1869 2662 aliquam
1884 2622 1935 2649 ex
1955 2606 2145 2649 Ecclesiis
2161 2615 2242 2650 tam
2260 2607 2452 2647 Fratrum

1407 2667 1568 2710 Ordinis
1595 2668 1800 2710 Minorum
1827 2667 1957 2709 Sancti
1989 2664 2188 2708 Francisci
2219 2663 2456 2718 Capucino-

1408 2740 1501 2769 rum
1515 2736 1858 2781 nuncupatorum,
1874 2726 1996 2781 quam
2010 2724 2247 2766 Monialium
2264 2719 2359 2762 dicti
2371 2723 2454 2762 Or-

1406 2786 1511 2828 dinis
1527 2813 1540 2835 ,
1564 2786 1790 2838 ubicunque
1807 2784 1993 2825 existent.
2013 2781 2184 2824 secunda
2204 2779 2419 2823 Dominica
2437 2806 2452 2830 ‚

1409 2842 1644 2888 immediate
1660 2844 1842 2897 sequenti
1858 2842 2016 2885 Festum
2034 2840 2268 2896 Epiphaniae
2284 2837 2455 2880 Domini

1411 2900 1645 2958 NostriJesu
1661 2901 1809 2943 Christi
1825 2929 1838 2951 ,
1867 2900 1887 2940 a
1904 2900 2041 2956 primis
2058 2898 2247 2955 Vesperis
2264 2897 2389 2954 usque
2405 2895 2456 2940 ad

1410 2960 1594 3005 occasum
1609 2960 1713 3004 Solis
1731 2959 1948 3001 Dominicae
1964 2957 2191 3015 hujusmodi
2210 2957 2368 3013 fingulis
2385 2970 2457 2997 an-

1412 3021 1472 3066 nis
1496 3019 1647 3063 devote
1671 3018 1948 3068 vifitaverint,
1973 3019 2013 3058 δι
2036 3017 2091 3057 ibi
2114 3031 2189 3076 pro
2207 3015 2458 3058 Christiano-

1412 3094 1503 3124 rum
1522 3078 1753 3131 Principum
1775 3075 1996 3119 concordia
2013 3102 2028 3125 2
2056 3072 2246 3116 haeresum
2275 3074 2456 3127 extirpa-

1411 3141 1522 3183 tione
1539 3167 1553 3190 ,
1568 3152 1613 3181 ac
1637 3139 1786 3180 sanstae
1799 3134 1943 3176 Matris
1961 3133 2147 3175 Ecclesiae
2163 3132 2454 3176 exaltatione.)

1412 3199 1495 3256 pias
1521 3197 1573 3238 ad
1599 3199 1732 3238 Deum
1756 3207 1899 3250 preces
1923 3191 2169 3242 effuderint,
2192 3192 2451 3247 plenariam,

1413 3255 1594 3299 omnium
1607 3263 1871 3310 peccatorum
1887 3251 2046 3296 suorum
2062 3251 2369 3306 Indulgentiam
2382 3276 2396 3299 ,
2416 3249 2455 3288 &

1414 3312 1683 3359 remiffionem
1709 3310 2029 3354 misericorditer
2053 3311 2093 3351 in
2111 3309 2286 3352 Domino
2306 3320 2456 3348 conce-

1416 3374 1546 3417 dimus
1561 3402 1572 3414 .
1597 3371 1865 3416 Praesentibus
1880 3370 1929 3412 ad
1946 3367 2194 3426 septennium
2212 3364 2367 3407 tantum
2386 3379 2456 3408 va-

1418 3434 1551 3477 lituris
1563 3461 1573 3472 .
1589 3431 1787 3473 Volumus
1802 3426 2045 3478 autem,ut,fi
2059 3439 2135 3480 pro
2152 3425 2456 3479 impetratione,

1420 3490 1724 3549 praesentatione
1740 3517 1752 3540 ,
1768 3485 1996 3530 admissione
2011 3510 2025 3533 ‚
2054 3482 2122 3526 seu
2139 3484 2455 3539 publicatione.)

1421 3548 1670 3606 praesentium
1684 3545 1833 3601 aliquid
1848 3571 1862 3594 ,
1888 3542 1954 3583 vel
1973 3542 2178 3585 minimum
2199 3543 2322 3585 detur
2343 3573 2358 3593 ,
2386 3551 2455 3583 aut

1419 3608 1558 3664 sponte
1573 3606 1751 3648 oblatum
1768 3600 2220 3656 recipiatur,praesentes
2235 3603 2351 3643 nullae
2364 3600 2454 3650 sint,

1419 3677 1546 3721 utque
1564 3663 1812 3719 praesentium
1839 3658 2046 3702 literarum
2074 3661 2330 3714 transumptis
2345 3687 2359 3709 ,
2386 3654 2452 3699 seu

1418 3723 1629 3777 exemplis,
1647 3719 1768 3763 etiam
1783 3716 1995 3773 impreffiS,
2008 3734 2124 3761 manu
2141 3719 2308 3774 alicujus
2322 3721 2452 3759 Nota-

1416 3785 1464 3823 rii
1478 3780 1626 3836 publici
1646 3776 1872 3832 subscriptis
1885 3805 1899 3829 2
1914 3779 1951 3818 δε
1975 3779 2116 3833 sigillo
2131 3777 2324 3841 personae,
2339 3775 2376 3815 in
2392 3772 2453 3813 di-

2236 3841 2393 3892 gnitate
