2658 4244
943 204 1103 295 Sub
1168 206 1485 294 ‘Urbano
1550 201 1765 292 VIII.
2258 247 2352 316 75

291 330 359 383 lis,
380 322 753 386 vices,quaiiiquam
768 319 976 376 immeriti,
991 330 1184 388 gerentes
1198 323 1322 364 exin-
1384 314 1485 363 toris
1515 320 1583 362 die
1611 335 1658 387 x}
1674 336 1733 363 11.
1768 323 2015 391 Septembris
2034 328 2234 375 Mncxxv.
2252 330 2422 376 Pontifi-

287 388 427 445 juncfto
459 389 586 430 Nobis
608 385 810 444 pastoralis
835 381 955 426 officii
969 381 1109 423 debito
1125 394 1323 449 procura-
1383 390 1495 423 catus
1510 379 1645 436 Nostri
1663 382 1782 423 Anno
1799 381 1968 425 Temo,

288 461 335 489 re
361 457 546 489 tenemur
562 473 577 495 2
603 457 648 488 ut
673 443 901 487 eorundem
932 443 1140 484 servorum
1170 439 1322 482 Christi

287 504 429 547 debita
457 505 667 546 veneratio
698 504 736 544 in
763 501 846 545 dies
863 499 985 555 magis
1003 506 1293 554 promoveatur
1310 526 1323 548 ‚

289 565 329 604 δι
353 562 544 605 laudetur
570 561 767 604 Dominus
787 561 827 602 in
845 558 995 603 Sanfilis
1014 555 1090 599 suis
1107 557 1328 611 :quamob-

288 636 377 663 rem
393 618 572 662 fidelium
585 619 886 674 quorumlibet,
905 615 1119 671 praesertim
1138 615 1236 656 vero
1254 614 1323 657 sub
1386 614 1633 668 Autograpb.
1650 617 1693 656 in
1710 615 1830 657 Arch.
1844 618 2179 662 Secret.Brevium
2193 624 2421 682 qusl.Reg.

288 678 400 722 suavi
415 677 640 731 Religionis
654 676 751 732 jugo
783 675 981 719 Altiffimo
1006 673 1323 719 famulantium
1445 672 1791 729 MensJ‘Jun.Anni
1813 674 1861 715 16
1867 689 1884 714 2
1894 688 1932 724 5.
1936 675 2017 733 fol.
2036 682 2132 724 508.
2149 683 2194 720 de
2211 695 2284 734 quo
2302 687 2423 726 Breve

287 737 394 780 votis
408 764 422 787 ,
453 747 538 789 quae
563 735 812 790 peculiarem
839 735 1073 777 Sanfilorum
1093 731 1322 788 hujusmodi
1427 729 1655 788 formatum
1670 736 1712 773 in
1731 732 1847 775 Arch.
1854 748 1992 788 gener.
2014 739 2108 779 ord.
2126 741 2292 782 Tom.H.
2307 756 2345 783 n.
2351 757 2418 798 33.

284 797 441 838 cultum
452 790 668 847 respiciunt
685 823 700 843 ‚
731 794 909 835 libenter
925 793 1139 836 annuimus
1153 820 1166 841 ‚
1200 802 1324 846 prout
2391 829 2399 838 ,

287 850 550 905 conspicimus
594 851 631 892 in
660 852 838 894 Domino
863 851 1076 894 salubriter
1102 850 1320 905 expedire.

284 910 388 953 Sane
422 908 582 950 nomine
624 908 864 954 dilenorum
914 911 1111 954 Filiorum
1156 909 1325 951 Ministri

281 966 512 1018 Generalis,
527 980 573 1008 ac
590 969 777 1012 Fratrum
794 970 959 1012 Ordinis
975 970 1181 1012 Minorum
1193 968 1324 1011 Sanc‘ti

282 1024 479 1068 Francisci
494 1027 797 1081 capucinorum
814 1039 1136 1083 nuncupatorum
1154 1054 1168 1077 ‚
1193 1027 1321 1069 Nobis

279 1098 411 1140 nuper
436 1081 748 1140 fuitexpofitum
764 1117 779 1137 ,
806 1087 915 1143 quod
940 1087 1005 1142 ipsi
1023 1100 1072 1128 ex
1097 1085 1320 1141 peculiari,

280 1156 403 1199 quem
417 1156 512 1198 erga
533 1145 717 1186 Sannum
734 1145 974 1188 Conradum
998 1145 1125 1188 Tertii
1152 1143 1318 1186 Ordinis

2042 506 2080 546 V.
2119 505 2280 550 Theatin
2291 537 2303 549 .

1867 874 1980 886 ιῄ-η-

1386 969 1460 1023 Ut
1478 968 1763 1019 Venerabilis
1779 971 1866 1019 Dei
1886 973 2052 1019 Servus
2073 1007 2089 1029 ,
2124 974 2250 1020 Felix
2267 975 2292 1020 ὲ
2307 978 2423 1024 Can-

1417 1039 1599 1097 talicio,
1630 1044 1809 1089 BEATUS
1825 1075 1840 1098 ,
1870 1056 2180 1108 nuncupetur,
2210 1043 2420 1105 Ejusdem

1416 1108 1766 1160 Beatificationis
1815 1112 2045 1161 Solemnia
2080 1112 2260 1179 publice
2300 1133 2423 1181 pera-

280 1200 461 1257 ejusdem
475 1203 603 1243 Sancti
620 1203 820 1245 Francisci
836 1233 849 1255 ,
864 1204 961 1247 dum
980 1204 1109 1254 vixit,
1125 1199 1318 1259 professo-

280 1274 368 1302 rem
384 1288 398 1309 ,
428 1270 572 1313 gerunt
587 1259 816 1303 devotionis
833 1262 1016 1304 affectum
1036 1291 1049 1313 ‚
1065 1264 1102 1303 ὃς
1123 1290 1136 1312 ‚
1157 1271 1201 1302 ut
1219 1260 1315 1303 alios

279 1316 576 1360 Christifideles
602 1317 651 1361 ad
679 1319 855 1375 ejusdem
881 1320 1116 1363 devotionis
1140 1318 1315 1359 studium

276 1374 707 1424 accendant20fficium
722 1377 775 1418 de
788 1377 933 1420 eodem
945 1381 1087 1420 Sanc'to
1101 1375 1314 1426 Conrado,

274 1433 344 1475 die
375 1431 460 1488 ejus
489 1433 604 1474 Festo
622 1433 690 1475 sub
709 1435 790 1476 ritu
813 1436 1080 1490 semiduplici
1100 1435 1310 1483 recitare)

274 1489 381 1546 posse
409 1487 662 1545 summopere
676 1492 926 1546 defiderant3
943 1493 1070 1535 Nobis
1089 1502 1308 1548 propterea

271 1548 484 1590 humiliter
498 1548 932 1602 supplicarifecerunt‚
962 1563 1007 1594 ut
1030 1551 1083 1594 de
1111 1561 1307 1607 opportu-

271 1620 320 1648 na
337 1608 373 1649 in
389 1606 583 1660 praemiffis
614 1607 775 1650 licentia
799 1610 1014 1664 providere
1039 1610 1092 1651 de
1124 1610 1308 1664 benigni*

270 1676 355 1708 tate
369 1665 598 1718 Apostolica
610 1665 893 1721 dignaremur.
925 1672 1011 1710 Nos
1033 1669 1156 1722 igitur
1186 1668 1308 1709 Mini-

272 1724 343 1765 stri
372 1723 613 1773 Generalis,
641 1726 681 1764 δε
712 1727 898 1768 Fratrum
918 1726 1304 1782 praedic'torumlau-

272 1780 408 1824 dabile
435 1778 631 1836 ejusmodi
657 1782 898 1826 defiderium
927 1784 1148 1839 plurimum
1165 1785 1200 1825 in
1220 1786 1306 1825 Do-

275 1841 383 1883 mino
398 1840 755 1892 commendantes,
788 1842 958 1898 illosque
985 1843 1223 1896 specialibus
1250 1840 1306 1883 sa-

276 1898 467 1946 voribus‚
497 1899 536 1937 ὃς
564 1899 700 1952 gratiis
732 1901 915 1957 prosequi
945 1901 1155 1952 volentes,
1181 1902 1303 1942 &eo-

273 1970 361 1998 rum
375 1955 593 2008 singulares
609 1955 792 2010 personas
806 1959 825 1999 a
841 1959 1045 2013 quibusvis
1068 1974 1302 2003 excommu-

271 2013 512 2061 nicationis,
539 2013 818 2067 suspensionis,
842 2019 882 2058 &
907 2018 1113 2060 interdiffi
1141 2047 1154 2070 ,
1196 2017 1302 2060 aliis-

269 2086 350 2127 que
367 2069 645 2114 Ecclefiasticis
659 2071 866 2117 sententiis
881 2104 895 2124 ,
923 2078 1101 2120 censuris
1117 2105 1130 2126 ,
1156 2078 1194 2117 &
1211 2091 1302 2131 poe-

269 2131 373 2182 nisga
393 2128 484 2185 jure
501 2158 515 2180 ,
539 2131 601 2173 vel
616 2131 666 2172 ab
694 2133 854 2176 homine
871 2163 885 2184 ‚
913 2136 1053 2192 quavis
1067 2136 1274 2178 occasione
1288 2165 1301 2187 ‚

270 2189 337 2230 vel
361 2185 478 2229 causa
506 2188 627 2239 latis,
657 2188 682 2231 fi
704 2192 848 2245 quibus
864 2193 1169 2248 quomodolibet
1187 2195 1301 2235 inno-

268 2245 368 2288 datae
385 2245 573 2297 existunt,
584 2248 632 2290 ad
648 2247 831 2293 effestum
847 2254 1092 2307 praesentium
1108 2253 1305 2298 duntaxat

267 2303 590 2359 consequendum
607 2333 620 2356 2
646 2307 789 2350 harum
818 2310 918 2352 serie
951 2310 1232 2361 absolventes,
1262 2313 1302 2354 ὃ(

268 2362 473 2404 absolutas
486 2360 574 2405 fore
587 2367 798 2409 censentes
817 2396 830 2418 ,
861 2368 1086 2424 hujusmodi
1103 2370 1301 2424 stipplica-

269 2421 446 2463 tionibus
490 2421 699 2474 inclinati,
732 2425 784 2467 de
829 2429 1033 2471 Venerab.
1078 2431 1300 2470 Fratrum

267 2478 491 2521 nostrorum
509 2484 548 2522 S.
570 2482 617 2520 R.
634 2484 681 2522 E.
697 2484 973 2527 Cardinalium
988 2487 1118 2528 Sacris
1138 2486 1299 2527 Ritibus

267 2538 566 2591 praepositorum
596 2539 760 2580 consilio
788 2570 800 2590 ,
832 2554 876 2585 ut
902 2543 954 2584 de
986 2545 1132 2584 eodem
1158 2546 1300 2584 Sanffto

266 2595 474 2644 Conrado,
489 2593 556 2634 die
568 2594 654 2650 ejus
672 2598 803 2650 festo,
820 2601 869 2642 ab
888 2602 1125 2652 omnibus,&
1142 2600 1300 2655 lingulis

266 2652 431 2694 Ordinis
460 2651 664 2695 Minorum
696 2659 826 2699 Sanni
858 2660 1056 2701 Francisci
1088 2659 1299 2714 Religiofis

264 2710 416 2765 ubique
435 2709 695 2754 existentibus
723 2715 910 2759 Officium
926 2718 995 2760 sub
1011 2719 1092 2759 ritu
1114 2717 1301 2760 Semidu-e

259 2769 358 2824 plici
374 2767 448 2819 ‚de
463 2771 676 2812 Communi
691 2774 805 2816 unius
819 2775 1082 2826 Confessoris,
1098 2791 1173 2817 non
1194 2778 1299 2818 Pon-

262 2826 380 2868 tificis
397 2856 410 2877 ,
432 2825 543 2881 juxta
563 2830 762 2873 Rubricas
780 2834 973 2876 Brevi-arii
991 2835 1162 2876 Romani
1189 2835 1293 2876 reci-

261 2885 333 2928 tari
350 2885 476 2927 libere
495 2914 509 2936 2
539 2887 574 2927 &
598 2887 712 2929 licite
729 2890 866 2944 possit,
893 2895 931 2933 0&
947 2893 1079 2935 valeat
1093 2922 1106 2942 ,
1123 2894 1291 2947 Apostoq

258 2944 337 2986 lica
356 2945 617 2995 auetoritam
642 2957 786 2990 tenore
805 2950 1050 3004 praesentium
1068 2952 1291 3005 licentiam,

257 3004 294 3044 ὃς
310 3001 548 3044 facultatem
562 3008 763 3058 perpetuo
778 3009 1037 3052 concedimus
1054 3039 1066 3060 ‚
1081 3012 1120 3051 δε
1140 3009 1288 3065 impar-

255 3061 406 3103 timur.
441 3064 533 3103 Non
561 3062 806 3107 obstantibus
823 3068 1192 3110 Constitutionibus
1208 3098 1222 3119 ,
1249 3072 1289 3112 δε

254 3119 586 3162 ordinationibus
597 3122 863 3176 Apostolicis,
884 3140 929 3167 ac
946 3125 1148 3182 quibusvis
1163 3129 1284 3169 etiam

253 3177 482 3234 juramento
514 3207 527 3230 ,
559 3180 882 3225 Confirmatione
909 3185 1142 3241 Apostolica
1172 3213 1186 3236 ‚
1221 3186 1283 3228 vel

1414 1193 1610 1246 gantur,
1637 1199 1688 1229 ac
1722 1177 1979 1239 Officium,
2018 1181 2064 1234 ἃ
2093 1181 2227 1234 Miffa
2265 1183 2322 1232 de
2351 1191 2420 1236 Eo

1412 1251 1552 1366 {ariis
1584 1252 1634 1329 in
1670 1253 1781 1301 locis
1814 1286 1830 1308 ,
1856 1249 1904 1302 δε
1930 1252 2141 1304 Ecclefiis
2178 1253 2418 1316 dicantur,

1446 1333 1616 1367 ecernit
1635 1354 1646 1365 .

1460 1447 1863 1499 URBANUS
1903 1450 2105 1501 PAPA
2145 1455 2345 1501 VIII.

1546 1573 1613 1616 Ad
1631 1581 1873 1628 perpetuam
1897 1578 1958 1616 ree·
1987 1580 2215 1620 memoriam
2230 1608 2241 1619 .

1441 1666 1480 1706 N
1508 1664 1669 1719 specula
1693 1666 1905 1708 militantis
1927 1667 2115 1710 Ecclefiae
2134 1700 2150 1720 ,
2181 1673 2221 1711 &
2242 1671 2411 1726 Aposto-

1460 1722 1544 1767 licae
1558 1723 1766 1777 potestatis
1781 1725 2040 1779 plenitudine
2052 1756 2064 1777 ,
2078 1728 2204 1770 nullis
2220 1729 2319 1771 licet
2335 1744 2413 1772 no-

1365 1780 1454 1821 stris
1476 1779 1779 1833 suffragantibus
1795 1784 1953 1825 meritis
1968 1814 1983 1834 ‚
2017 1785 2154 1827 divina
2177 1788 2415 1830 Providen-

1367 1840 1423 1880 tia
1438 1839 1643 1880 constituti
1665 1870 1679 1890 ,
1713 1843 1787 1896 piis
1811 1840 1994 1884 fidelium
2007 1846 2144 1895 votis,
2169 1846 2310 1901 quibus
2329 1848 2411 1888 vir-

1366 1899 1730 1941 tutum-Dominus
1751 1902 1792 1941 in
1823 1899 1945 1941 servis
1973 1903 2047 1944 suis
2077 1902 2371 1948 honorificatur
2392 1935 2408 1955 ‚

1364 1957 1543 1998 libenter
1565 1959 1771 1999 annuimus
1786 1989 1801 2008 ,
1820 1972 1948 2014 eaque
1970 1957 2174 2003 favoribus
2196 1965 2412 2020 prosequi-

1366 2030 1454 2057 mur
1483 2018 1720 2071 opportunis
1739 2048 1750 2058 .
1783 2016 1887 2060 Sane
1913 2031 1986 2072 pro
2018 2029 2137 2072 parte
2162 2019 2410 2063 dilectorum

1365 2074 1575 2125 Fili-orum,
1597 2077 1805 2117 Nobilium
1823 2078 2030 2126 Virorum,
2049 2079 2310 2123 maximiliani
2335 2084 2409 2123 133-

1364 2134 1494 2183 νει-ᾗτε,
1509 2136 1596 2175 Sac.
1611 2137 1730 2177 Rom.
1744 2135 1906 2188 Imperii
1923 2136 2120 2190 Principis
2144 2138 2408 2189 Electoris‚ac

1365 2192 1505 2234 Caroli
1538 2195 1810 2248 Lotharingiae
1838 2195 1997 2234 Ducum
2025 2197 2274 2250 respective,
2307 2212 2405 2240 nec-

1365 2265 1448 2293 non
1475 2252 1673 2295 Francisci
1704 2254 1725 2294 a
1758 2252 2019 2307 Lotharingia
2056 2256 2232 2296 Comitis
2268 2257 2407 2299 Vade-

1366 2311 1576 2362 montani,
1601 2311 1920 2366 dilectarumque
1934 2313 1975 2354 in
1992 2312 2156 2354 Christo
2169 2314 2266 2355 Filia
2275 2330 2399 2356 rum„-

1366 2369 1526 2411 Nobilis
1542 2370 1727 2412 mulieris
1757 2369 1994 2413 Elisabethae
2017 2372 2193 2413 Bavariae
2213 2371 2376 2414 Duciffae
2390 2401 2403 2422 ,

1360 2428 1398 2468 &
1414 2429 1642 2470 Catharinae
1659 2431 1782 2471 etiam
1798 2428 1818 2471 ὲ
1836 2428 2099 2482 Lotharingia
2119 2458 2132 2479 ‚
2167 2431 2405 2472 Monasterii‘

1361 2485 1456 2526 Sedi
1472 2484 1952 2539 Apostolicaeimmediate
1975 2485 2134 2540 subjet‘ti
2159 2490 2288 2529 Sancti
2320 2491 2401 2531 Pe-

1360 2544 1411 2583 tri
1427 2542 1478 2584 de
1502 2545 1864 2587 Romaricomonte
1878 2543 2044 2584 Ordinis
2064 2546 2195 2587 Sanc'ti
2224 2546 2399 2587 Benedi-

1361 2601 1411 2641 ni
1439 2601 1627 2654 Nullius,
1659 2603 1722 2645 seu
1755 2600 1921 2645 Tullen.
1947 2603 2123 2644 Dioeces.
2150 2601 2396 2655 Abbatiffae,

1361 2673 1522 2701 necnon
1550 2662 1670 2703 etiam
1696 2661 1864 2704 Ministri
1879 2661 2122 2712 Generalis,
2152 2664 2192 2702 δε
2210 2665 2396 2705 Fratrum

1361 2717 1526 2759 Ordinis
1552 2720 1754 2762 Minorum
1780 2724 1819 2763 S.
1833 2715 2029 2760 francisci
2053 2721 2394 2775 Capucinorum

1358 2788 1680 2831 nuncupatorum
1695 2807 1708 2830 ,
1731 2778 1859 2821 Nobis
1881 2790 2012 2831 nuper
2034 2778 2254 2832 expositum
2283 2780 2361 2821 fuit
2375 2810 2390 2830 ,

1358 2834 1464 2890 quod
1491 2836 1554 2876 bo.
1578 2851 1696 2879 mem.
1720 2837 1836 2879 Felix
1858 2834 1910 2877 de
1933 2837 2164 2878 Cantalicio
2178 2837 2394 2895 ejusdem,

1353 2892 1517 2935 Ordinis
1532 2922 1546 2944 ³
1560 2895 1654 2938 dum
1667 2896 1793 2946 vixit,
1819 2893 2015 2951 professor
2027 2922 2041 2945 ‚
2062 2897 2198 2938 multis
2214 2926 2227 2947 ‚
2252 2898 2292 2937 ἃς
2304 2899 2392 2939 exi-

1352 2953 1439 2994 miis
1468 2953 1662 2996 virtutum
1678 2984 1690 3006 ‚
1717 2957 1936 3010 gratiarum
1951 2984 1966 3004 ,
1991 2954 2031 2993 &
2064 2955 2389 2999 miraculorum

1350 3010 1466 3053 donis
1494 3011 1515 3051 a
1540 3014 1721 3055 Domino
1750 3013 1968 3056 illustratus
1990 3010 2089 3054 fuit.
2123 3016 2389 3073 Qapropter

1350 3069 1645 3113 Maximilianus
1661 3102 1677 3123 ,
1701 3072 1925 3115 &Carolus
1950 3073 2084 3113 Duces
2101 3101 2114 3123 ,
2141 3069 2197 3114 ac'
2217 3074 2388 3117 Franci-

1348 3125 1433 3169 scus
1457 3130 1632 3181 Comes,
1665 3144 1826 3174 necnon
1861 3128 2094 3172 Elisabetha
2130 3129 2319 3181 Duciffa‚
2348 3133 2388 3171 δε

1346 3187 1570 3236 Catharina
1595 3186 1819 3241 Abbatiffa‚
1850 3205 1894 3232 ac
1923 3188 2134 3239 Minister,
2159 3191 2197 3230 ὅς
2220 3191 2383 3230 Fratres

252 3237 390 3292 quavis
418 3235 606 3280 firmitate
640 3239 720 3281 alia
756 3242 955 3285 roboratis
1003 3244 1155 3285 statutis
1185 3270 1198 3292 ,
1242 3246 1281 3284 &
1340 3245 1513 3299 praedicti
1541 3248 1668 3290 Nobis
1693 3249 1902 3291 humiliter
1933 3247 2144 3301 ssipplicari
2165 3245 2383 3297 fecerunt,

251 3294 626 3347 consuetudinibus,
640 3299 874 3355 caeterisque
886 3303 1098 3344 contrariis
1113 3301 1281 3357 quibus-

251 3367 409 3407 cunque
423 3383 433 3394 .
466 3355 665 3398 Volumus
680 3368 816 3399 autem
832 3387 846 3409 ‚
867 3360 977 3413 quod
997 3359 1278 3415 prasentium

250 3410 503 3466 transumptis
518 3440 533 3462 ‚
566 3414 688 3456 etiam
716 3417 905 3471 impressis
919 3446 931 3467 a
963 3433 1080 3460 manu
1109 3417 1281 3473 alicujus

250 3471 414 3512 Notat-ii
429 3470 578 3524 publici
593 3473 820 3531 subscriptis
839 3505 853 3527 ‚
881 3480 919 3519 δι
938 3477 1064 3531 sigillo
1080 3475 1253 3531 personae
1269 3506 1282 3528 ,

248 3529 287 3569 in
304 3528 498 3582 dignitate
514 3531 785 3576 Ecclefiastica
802 3535 1022 3576 constitutae
1034 3536 1282 3584 munitis2ea-

249 3586 343 3627 dem
359 3586 515 3640 prorsus
530 3587 627 3630 fides
647 3591 850 3644 injudicio
866 3620 880 3642 2
902 3596 939 3634 δε
955 3605 1066 3634 extra
1083 3592 1277 3635 adhibea-

248 3655 333 3693 tur,
347 3646 529 3700 quaeipsis
545 3648 800 3700 praesentibus
814 3651 1096 3702 adhiberetur,
1107 3654 1132 3692 fi
1149 3650 1282 3694 forent

1343 3313 1386 3347 ut
1399 3332 1412 3354 ‚
1424 3304 1556 3347 donec
1572 3308 1906 3349 Canonizationis
1921 3307 2047 3347 honor
2063 3304 2170 3345 disto
2187 3306 2314 3347 Felici
2329 3304 2382 3348 de

1342 3362 1572 3406 Cantalicio
1585 3367 1637 3407 ob
1651 3366 1736 3423 ejus
1750 3367 1934 3408 eximiam
1951 3363 2190 3410 charitatem
2205 3393 2222 3417 ³.
2248 3365 2286 3410 &c
2310 3378 2382 3410 ex-

1344 3421 1536 3463 cellentia
1553 3425 1693 3467 merita
1710 3452 1722 3473 ,
1744 3425 1880 3465 divina
1896 3418 2129 3477 adspirante
2142 3424 2272 3477 gratia
2288 3453 2306 3474 ,
2331 3423 2385 3464 ab

1344 3477 1574 3533 Apostolica
1593 3481 1699 3525 Sede
1712 3481 1957 3524 decernatur
1971 3508 1985 3530 ‚
2018 3478 2127 3521 idem
2155 3480 2270 3527 Felix
2288 3482 2379 3530 de„

1341 3537 1569 3581 Cantalicio
1583 3543 1755 3582 BEATUS
1773 3539 2011 3594 nuncupari,
2035 3548 2154 3594 atque
2170 3540 2376 3592 Officium,

1341 3596 1380 3636 &
1397 3595 1504 3638 Missa
1520 3598 1573 3638 de
1590 3612 1664 3649 eo,
1687 3608 1729 3639 ut
1742 3597 1847 3642 infra
1861 3628 1876 3651 ,
1901 3598 2097 3647 recitari,
2116 3599 2152 3638 8<
2169 3598 2374 3642 celebrari

1342 3653 1457 3709 possit
1472 3683 1482 3694 .
1513 3658 1651 3710 Quare
1674 3661 1759 3698 Nos
1774 3687 1789 3708 ,
1814 3672 1857 3699 re
1872 3657 1982 3712 prius
1998 3670 2071 3710 per
2096 3658 2248 3698 Vener.
2276 3660 2374 3705 Fra-

247 3703 432 3745 exhibitae
460 3734 475 3756 ‚
514 3704 577 3746 vel
606 3707 783 3751 ostensae.
819 3711 973 3751 Datum
1002 3713 1140 3753 Roma:
1167 3710 1274 3765 apud
1335 3722 1421 3754 tres
1457 3714 1610 3756 nostros
1631 3717 1668 3756 S.
1687 3716 1739 3756 R.
1759 3715 2066 3758 E.Cardinales
2094 3716 2226 3757 Sacris
2266 3717 2372 3758 Riti-

247 3764 428 3805 sannam
460 3763 625 3807 Mariam
653 3766 850 3824 Major-em
865 3767 937 3816 sub
952 3769 1118 3828 Annulo
1146 3770 1275 3815 Pisca-
1335 3770 1406 3816 bus
1427 3773 1652 3828 praepositos
1667 3803 1682 3823 ,
1703 3775 1844 3821 ouibus
1860 3788 1948 3822 eam
1971 3774 2278 3822 examinandam
2297 3773 2370 3818 dc·-

2150 3831 2315 3875 manda—

1653 3834 1806 3892 *Ka
