2658 4244
366 198 460 304 ‚25

294 337 432 394 stare29
455 343 615 393 necpon
629 344 779 394 ornnes
791 336 1078 397 tagnyplericos
1093 340 1314 387 Saeculares
1331 369 1345 392 ,

296 398 334 436 &
352 397 620 450 Presbyteros
636 423 649 444 ,
677 394 794 451 quam
827 396 970 441 Laicos
999 396 1049 439 ad
1075 402 1345 442 eorumCon-

294 455 459 501 sortium
489 454 704 509 recipere,
728 468 774 497 ac
804 467 886 500 tam
911 456 979 511 ipfi
1000 484 1014 507 ‚
1043 459 1162 512 quam
1190 458 1259 500 alii
1290 458 1340 499 fic

295 512 554 567 recipiendi,
581 514 744 558 barbam
760 513 923 560 deferre
937 543 951 566 ‚
973 517 1012 562 ,δε
1028 516 1077 560 ad
1094 518 1340 561 Eremitoria

295 575 363 616 seu
380 573 470 614 loca
487 571 566 619 alia
581 586 840 632 quaecumque
871 584 962 616 cum
991 574 1179 618 consensu
1206 577 1344 619 Domi.

294 644 442 676 norum
458 631 696 677 eorumdem
712 633 896 682 locorum
912 633 951 678 se
965 633 1182 685 conferre,
1205 637 1245 676 &
1269 636 1339 682 in.,

298 691 358 733 eis
375 688 585 741 habitare,
602 691 806 748 vitamque
833 692 1028 737 austeram
1047 722 1060 744 ,
1086 696 1124 738 fic
1150 694 1346 739 Eremiti-

294 763 384 792 cam
402 747 499 795 inibi
514 762 640 804 agere
654 753 716 802 ,δι
733 754 771 796 in
785 751 1099 808 quibuscumque
1118 752 1216 796 locis
1232 767 1344 795 men-

293 808 433 851 dicare
452 835 466 857 ‚
494 815 652 854 necnon
665 811 851 853 omnibus
874 839 889 862 ,
914 813 951 853 &
982 810 1139 867 singulis
1170 811 1344 854 Privile·

291 867 368 922 giis
385 893 399 916 2
431 866 632 918 Induitis,
658 870 697 910 δι
714 869 853 925 gratiis
879 870 1027 912 Ordini
1058 873 1244 914 Fratrum
1263 869 1344 910 Mi-

290 938 439 970 norum
466 925 747 980 praedictorum
767 956 781 980 ‚
806 942 851 969 ac
875 930 1029 971 Eremo
1053 928 1344 975 Camaldulen-

290 982 388 1028 fium
406 984 521 1030 Beati
536 984 756 1030 Romualdi
772 1016 786 1037 ,
803 985 988 1042 illiusque
1003 988 1196 1032 Eremitis
1218 987 1256 1029 in
1272 1000 1344 1040 ge«

289 1057 393 1088 nere
407 1069 422 1092 ‚
454 1042 519 1084 vel
538 1042 578 1084 in
595 1042 729 1097 specie
743 1056 911 1088 eatenus
927 1043 1120 1086 conceffis
1134 1070 1147 1092 2
1162 1045 1254 1085 &in
1273 1058 1344 1098 po-

282 1100 433 1147 sterum
448 1099 861 1157 concedendis,aeque
878 1102 1162 1156 principaliter
1179 1102 1253 1152 uti,
1270 1115 1343 1156 po-

286 1158 356 1203 tiri
372 1187 385 1211 ,
411 1160 451 1205 δε
466 1158 643 1212 gaudere
658 1186 673 1208 ‚
712 1159 842 1205 libere
858 1160 1026 1204 &licite
1042 1159 1226 1207 valerent
1242 1172 1257 1211 ς,
1272 1173 1344 1214 per

287 1217 474 1259 suastam
490 1215 560 1258 sub
576 1217 772 1272 plumbo,
799 1218 918 1275 quam
934 1219 974 1260 in
992 1216 1119 1262 forma
1136 1219 1276 1264 Brevis
1294 1218 1342 1259 li-

287 1285 398 1318 teras
427 1270 666 1322 facultatem
707 1275 957 1324 concelserat
984 1305 997 1328 ‚
1040 1288 1159 1332 prout
1192 1279 1230 1320 in
1261 1276 1340 1323 illis

284 1333 448 1390 plenius
464 1334 726 1386 continetur,
754 1337 792 1381 δέ
818 1336 858 1380 in
884 1334 1028 1379 eadem
1042 1335 1340 1391 exposition&

289 1391 429 1434 eidem
459 1393 595 1435 Paulo
626 1394 912 1441 Praedecesl‘ori
950 1393 1051 1441 fasta
1095 1395 1300 1452 subjunsto
1326 1407 1342 1446 ·,

285 1450 396 1508 quod
413 1450 643 1498 Literarum
665 1452 938 1509 praedic'tarum
955 1455 1097 1510 vigore
1112 1483 1127 1506 ‚
1155 1453 1341 1498 nonnulli

287 1510 449 1553 Clerici
466 1511 686 1555 Saeculares
702 1540 715 1562 ‚
729 1513 959 1568 Regulares
978 1514 1038 1563 ,δι
1056 1513 1166 1559 Laici
1184 1513 1232 1554 ab
1250 1510 1336 1567 ipsis

286 1568 505 1614 Fratribus
521 1595 535 1617 ‚
560 1580 604 1611 ut
620 1570 833 1623 praefertur
851 1598 866 1621 ‚
892 1573 1110 1614 nominatis
1125 1599 1139 1620 ‚
1169 1570 1234 1612 vel
1252 1584 1336 1611 uno

285 1641 338 1669 ex
352 1627 412 1671 eis
429 1654 444 1677 ,
470 1641 516 1668 ac
532 1627 582 1669 ab
596 1628 686 1668 aliis
701 1628 754 1671 de
774 1628 948 1682 ipsorum
972 1629 1246 1674 commissione
1272 1642 1339 1668 re-

286 1685 426 1740 cepti,
453 1685 830 1738 congregationem
854 1688 1041 1730 Fratrum
1068 1687 1235 1731 Ordinis
1257 1684 1338 1727 Mi·-

287 1756 434 1786 norum
462 1742 768 1796 Capucinorum
788 1755 1109 1799 nuncupatorum
1128 1744 1344 1786 constitue-

285 1813 378 1850 rant
394 1829 408 1853 ,
437 1801 584 1857 ipsique
601 1803 766 1845 Fra-tres
783 1803 1000 1859 cupiebant
1029 1803 1185 1849 Literas
1201 1801 1345 1859 praedi·-

286 1864 400 1911 etas,
427 1859 558 1914 quoad
592 1857 849 1914 infrascripta
867 1890 881 1913 ,
908 1859 1135 1907 confirmari
1167 1889 1182 1913 ‚
1209 1864 1248 1906 &
1277 1875 1342 1904 ex.

286 1916 481 1964 tendit&
500 1919 719 1973 propterea
744 1919 886 1962 eidem
905 1920 1032 1968 Paulo
1057 1917 1341 1964 Praedeceffori

286 1976 503 2024 humiliter
534 1976 745 2031 supplicari
775 1977 960 2024 fecerant
992 2008 1006 2031 ‚
1048 1990 1091 2021 ut
1115 1977 1341 2037 hujusmodi

285 2050 430 2079 eorum
449 2036 555 2078 votis
573 2049 754 2077 annuere
773 2065 786 2088 ,
812 2036 865 2078 de
885 2036 1137 2092 benignitate
1167 2037 1341 2094 Aposto-

283 2095 366 2142 lica
382 2094 621 2150 dignaretur
641 2122 652 2134 .
685 2093 800 2139 Idem
828 2095 1095 2143 praedeceffor
1119 2095 1338 2141 attendens

285 2154 436 2199 uberes
457 2151 632 2202 fructus,
659 2166 759 2207 quos
783 2153 900 2197 Ordo
925 2155 1006 2211 ipse
1037 2156 1243 2200 Minorum
1264 2156 1334 2201 in..-

285 2215 407 2267 Agro
422 2208 641 2257 Militantis
658 2212 848 2255 Ecclesiae
862 2225 1031 2261 eatenus
1057 2213 1336 2269 produxerat,

286 2273 329 2317 ὃς
356 2271 395 2319 in
421 2270 621 2329 posterum
648 2271 960 2324 producturum,
989 2271 1055 2328 spe
1074 2272 1187 2319 firma
1201 2272 1336 2329 spera-

286 2330 360 2376 bat
393 2358 407 2381 ,
435 2343 480 2372 ac
507 2328 675 2384 dignum
703 2329 869 2375 censens
894 2359 908 2385 ‚
937 2342 980 2372 ut
1003 2331 1111 2377 circa
1140 2346 1188 2377 ea
1211 2360 1225 2382 ,
1253 2345 1336 2386 quae

284 2387 406 2443 ipsius
423 2387 590 2432 Ordinis
605 2386 904 2432 incrementum
919 2391 1247 2440 concernebant‚
1264 2391 1337 2436 be-

285 2448 430 2500 nignos
450 2445 610 2491 favores
626 2445 887 2498 impenderet
905 2475 919 2497 ,
944 2446 1171 2502 hujusmodi
1191 2448 1336 2502 suppli-

287 2504 518 2551 cationibus
534 2502 750 2551 inclinatus
764 2532 779 2556 ,
805 2506 966 2549 Literas
981 2505 1212 2551 Clementis
1237 2509 1340 2549 Prae-

286 2562 506 2612 decessoris
532 2561 788 2618 hujusmodi,
809 2578 980 2618 quarum
1002 2574 1166 2612 tenores
1197 2563 1337 2614 haberi

286 2621 421 2664 voluit
444 2634 520 2677 pro
549 2619 737 2674 expreffis
761 2648 776 2672 ‚
803 2623 1046 2671 auctoritate
1071 2621 1305 2678 Apostolica
1327 2650 1340 2677 ,

286 2694 339 2723 ex
353 2690 467 2727 certa
479 2680 542 2720 sua
556 2679 722 2726 scientia
739 2683 966 2737 approbans
983 2711 997 2734 ‚
1021 2683 1060 2724 δε
1077 2681 1337 2734 confirmans,

285 2738 378 2783 illas
409 2748 536 2787 tunc,
558 2739 598 2778 &
627 2749 700 2791 pro
727 2747 915 2794 tempore
943 2741 1129 2787 existenti
1171 2741 1339 2787 Vicario

287 2796 490 2846 Generali
520 2797 862 2856 Congregationis
890 2799 1339 2857 Capacinorumhujus-

282 2857 398 2901 modi
414 2870 480 2908 ,ac
498 2854 614 2910 ipfius
632 2857 974 2916 Congregationis
991 2861 1198 2908 Fratribus
1215 2889 1229 2911 ,
1247 2874 1339 2914 ρετ,

281 2915 412 2966 inde,
441 2928 488 2956 ac
519 2913 544 2956 fi
573 2914 650 2956 illae
664 2915 800 2961 eidem
814 2919 1138 2972 Congregationi
1155 2948 1170 2970 ‚
1195 2921 1338 2966 &Fra-

283 2976 418 3018 tribus
433 2972 595 3020 direfftae
613 2971 772 3016 fuissent
786 3003 800 3026 ,
821 2975 952 3031 quoad
966 2978 1099 3024 omnia
1117 3007 1130 3032 ,
1155 2980 1196 3020 &
1210 2979 1338 3033 singu-

284 3035 353 3084 la,
378 3033 415 3074 in
445 3031 533 3086 ipsis
560 3031 691 3075 literis
718 3045 912 3077 contenta
927 3035 1127 3093 suffragari
1149 3037 1305 3084 debere
1321 3065 1338 3089 2

285 3092 500 3138 decrevit,
533 3092 590 3134 Et
616 3091 880 3139 nihilominus
906 3097 1177 3148 auetoritatffi
1205 3099 1242 3138 Sc
1260 3095 1333 3140 sei-

283 3151 395 3194 entia
424 3149 615 3198 similibus
643 3163 718 3205 per
742 3150 828 3196 suas
845 3151 913 3193 sub
929 3153 1094 3205 plumbo
1123 3154 1330 3200 confedtas

283 3211 426 3258 literas
446 3209 577 3266 statuit
594 3237 608 3260 ‚
635 3211 917 3262 &ordinavit‚
940 3213 1048 3267 quod
1067 3227 1115 3260 ex
1135 3224 1229 3260 tunc
1255 3214 1332 3256 de-

283 3270 425 3323 inceps
452 3269 635 3316 Vicarius
659 3268 875 3313 Generalis
902 3269 1075 3325 ipsorum
1107 3275 1329 3318 Fratrum

287 3329 593 3381 Capucinorum
626 3328 734 3375 circa
763 3326 881 3374 finem
906 3329 1094 3380 triennii,
1121 3345 1169 3378 ex
1183 3345 1265 3387 quo
1279 3332 1330 3380 ad

287 3386 476 3433 Officium
501 3385 732 3433 Vicariatus
757 3386 981 3443 hujusmodi
1010 3388 1167 3434 electus
1194 3388 1330 3442 foret,

286 3443 355 3487 vel
372 3445 493 3487 etiam
514 3446 651 3500 prius,
679 3458 747 3490 aut
777 3445 998 3502 posterius,
1026 3447 1139 3505 juxta
1162 3450 1330 3505 praefatae

285 3501 457 3555 Regulae
475 3514 688 3560 tenorem,
712 3519 757 3549 ac
773 3506 944 3562 ipsorum
969 3507 1158 3555 Fratrum
1186 3507 1328 3550 lauda-

286 3559 393 3607 biles
423 3561 741 3616 Constitutiones
776 3595 791 3617 ‚
818 3565 1001 3611 vicarios
1027 3594 1043 3617 .‚
1084 3567 1290 3610 Discretos
1315 3595 1330 3619 ‚

289 3633 333 3666 ac
351 3618 549 3684 Custodes
565 3647 578 3670 ‚
605 3634 747 3665 vocem
772 3625 1114 3680 Congregationis
1133 3625 1330 3669 habentes

290 3675 560 3729 quarumlibet
589 3681 920 3734 provinciarum,
947 3685 986 3725 δι
1013 3683 1330 3728 Ουῖἰοάἱετυηι.»

289 3735 357 3781 fibi
374 3735 632 3789 subjectarum
649 3765 662 3787 ‚
689 3740 725 3780 in
743 3742 835 3784 loco
851 3769 865 3792 2
893 3742 1102 3798 peripsum
1121 3744 1328 3786 Vicarium

290 3793 542 3844 Generalem
559 3794 796 3856 deputando
813 3829 828 3851 ,
851 3801 899 3845 ad
920 3803 1156 3866 Capitulum
1173 3816 1327 3853 convo-

1117 222 1278 315 Sttb
1345 222 1478 324 Pio
1527 222 1686 313 JV.

1406 355 1500 384 care
1522 340 1646 396 posset
1675 355 1687 382 :
1715 353 1884 396 quorum
1912 338 1935 381 si
1963 339 2030 393 qui
2063 336 2243 392 legitimo
2270 338 2441 396 impedi-

1406 411 1547 445 mento
1575 400 1765 450 detenti,
1802 398 1866 455 ipsi
1894 396 2089 453 Capitulo
2115 397 2301 440 interesse
2328 414 2437 442 norb

1402 457 1553 514 possent
1573 487 1587 510 ‚
1608 474 1680 515 per
1709 460 1890 503 Nuncios
1905 487 1919 510 ‚
1940 460 1987 500 ab
2015 455 2307 511 eisdeputatos
2331 485 2344 509 ,
2374 457 2442 499 vel

1401 517 1593 573 suppletis
1622 519 1726 565 votis
1759 547 1772 568 ‚
1803 531 1943 559 eorum
1966 546 1979 567 ,
2014 514 2121 569 juxta
2149 513 2322 570 ipsorum
2346 529 2443 556 con·

1400 577 1652 622 suetudinem
1682 607 1695 629 ‚
1736 576 1942 632 praesentia
1970 574 2226 632 suppleretur
2253 587 2265 622 3
2291 573 2358 628 qui
2392 573 2443 614 fic

1403 639 1642 693 congregati
1658 637 1793 678 omnia
1813 666 1825 688 ,
1853 639 1891 678 ὃ(
1905 635 2053 690 singula
2068 661 2082 684 ³
2098 648 2181 689 quae
2197 633 2263 675 alii
2280 634 2443 675 Fratres

1405 697 1573 739 Ordinis
1604 697 1642 737 in
1668 709 1810 739 eorum
1835 694 2030 737 Generali
2061 693 2259 748 Capitulo
2275 690 2327 732 de
2358 689 2449 747 jure

1407 755 1474 797 vel
1489 754 1776 799 consuetudine
1789 783 1804 805 a
1826 757 1925 797 &ex
1942 752 2170 811 privilegiis
2186 747 2340 807 possent
2356 747 2449 814 ‚sa-

1403 813 1570 863 ciendi,
1592 812 1809 855 ordinandi
1837 843 1850 864 ‚
1876 816 1912 855 &
1941 810 2180 866 disponendi
2203 839 2217 861 2
2239 811 2277 852 ὃς
2300 810 2451 864 potlssl-

1406 871 1470 914 me
1494 872 1674 929 eligendi
1700 885 1820 913 unum
1847 869 2099 927 Religiosum
2127 868 2306 924 ejusdem
2331 865 2450 909 Ordi.

1405 931 1463 974 nis
1481 955 1495 978 ‚
1516 944 1562 971 ac
1587 930 1929 984 Congregationis
1952 933 1990 971 in
2014 943 2154 970 eorum
2183 927 2349 970 similem
2379 924 2451 967 Vi-

1403 988 1560 1030 carium
1587 987 1862 1037 Generalem,
1889 987 2126 1031 facultatem
2156 987 2382 1033 haberent,
2412 983 2452 1024 Sc

1406 1047 1522 1103 ipsius
1550 1045 1702 1089 Vicarii
1731 1044 2000 1099 elec‘tionem,
2030 1044 2052 1086 si
2081 1046 2221 1102 majori
2246 1053 2361 1099 parte
2376 1040 2452 1083 eli-

1407 1105 1589 1159 gentium
1611 1103 1926 1157 celebraretur,
1953 1105 2247 1160 quamprimum
2274 1112 2452 1143 commo·

1407 1163 1459 1204 de
1487 1160 1573 1205 fieri
1602 1159 1756 1215 posset,
1781 1162 1978 1205 Generali
2008 1162 2199 1216 Magistro
2220 1160 2450 1205 dictorum„

1406 1224 1588 1267 Fratrum
1605 1220 1954 1265 Conventualium
1979 1231 2297 1276 nuncupatorum
2311 1217 2453 1268 ,ficut

1403 1291 1573 1323 eatenus
1590 1276 1790 1322 servatum
1806 1278 1941 1324 fuerat
1958 1307 1973 1330 ,
2000 1278 2133 1320 donec
2149 1276 2260 1323 aliud
2277 1273 2452 1329 desuper

1402 1338 1636 1381 ordinatum
1658 1337 1678 1378 a
1696 1337 1804 1380 Sede
1823 1337 2048 1392 Apostolica
2068 1335 2196 1379 fuiffet
2210 1365 2225 1388 ,
2240 1334 2450 1390 praesenta·

1404 1408 1515 1447 rent,
1530 1397 1594 1440 seu
1610 1395 1837 1451 praesentari
1853 1397 2033 1440 facerent
2047 1408 2062 1448 3
2079 1397 2248 1452 Ipseque
2260 1397 2448 1438 Genera·

1404 1457 1452 1499 lis
1473 1454 1661 1509 Magister
1685 1455 1788 1499 intra
1824 1453 2360 1510 triduumapraesentatione
2375 1449 2446 1492 fibi

1400 1512 1646 1569 fasta,ipsunt
1661 1513 1835 1558 electum
1853 1515 2060 1558 vicarium
2074 1511 2316 1559 confirmare
2332 1521 2448 1552 tene-

1401 1586 1531 1622 retur,
1550 1572 1818 1621 concedendo
1828 1574 1883 1624 ei,
1898 1576 1936 1615 ὃς
1951 1571 2249 1615 committendo
2265 1568 2448 1628 plenarie

1400 1632 1508 1673 vices
1524 1630 1861 1678 suas,tribuendo
1878 1631 2072 1674 videlicet
2090 1631 2259 1672 liberam
2274 1629 2450 1684 potesta-

1405 1691 1539 1734 tem&
1553 1689 1905 1740 aut‘to1·itatem,ac
1922 1688 2195 1732 omnimodam
2212 1687 2450 1730 facultatem

1405 1747 1514 1791 suam
1547 1748 1661 1799 super
1676 1761 1815 1792 omnes
1837 1774 1851 1802 2
1883 1761 1928 1789 ac
1958 1747 2130 1802 singulos
2163 1748 2328 1791 Fratres
2344 1744 2449 1802 ejus-

1404 1806 1502 1851 dem
1517 1804 1683 1847 Ordinis
1699 1834 1714 1856 ‚
1742 1806 1970 1861 Capucinos
1987 1817 2232 1860 nuncupatos
2251 1833 2265 1856 2
2297 1802 2448 1847 etiamsi

1404 1866 1487 1908 alio
1502 1864 1643 1922 quovis
1660 1863 1783 1907 modo
1800 1875 2130 1919 nuncuparentur
2144 1892 2157 1914 ,
2174 1874 2255 1910 tam
2270 1863 2308 1905 in
2324 1862 2448 1918 Capi-

1405 1925 1514 1967 tibus
1529 1952 1543 1975 ,
1574 1924 1692 1980 quam
1709 1923 1746 1965 in
1766 1923 1956 1969 membris
1977 1923 2138 1979 publice
2153 1951 2167 1973 ‚
2198 1924 2238 1966 ἃ.
2253 1922 2447 1978 privatim

1405 1980 1621 2032 visitandi,
1652 1982 2010 2038 congregationes
2037 1983 2074 2023 in
2107 1982 2333 2025 Provinciis
2360 2008 2375 2030 ,
2404 1981 2446 2024 &

1403 2039 1608 2085 Custodiis
1624 2040 1812 2086 omnibus
1829 2068 1844 2092 ,
1857 2041 1914 2083 eis
1932 2040 2113 2095 subjectis
2132 2069 2145 2093 ,
2164 2039 2244 2086 sive
2264 2054 2338 2096 pro
2354 2038 2444 2081 ele...

1400 2101 1534 2143 stione
1549 2099 1810 2142 Vicariorum
1828 2128 1843 2151 ‚
1863 2098 2142 2144 Discretorum
2159 2128 2173 2150 ‚
2189 2098 2414 2142 Custodum
2429 2125 2444 2150 ,

1400 2161 1439 2201 δι
1453 2158 1783 2214 Guardianorum
1801 2186 1816 2208 2
1845 2158 1924 2203 five
1940 2173 2014 2213 pro
2029 2159 2118 2205 aliis
2135 2157 2302 2204 utilibus
2321 2169 2446 2211 nego-

1400 2219 1466 2262 tiis
1484 2215 1683 2266 faciendi,
1698 2215 1763 2260 seu
1781 2215 1868 2259 fieri
1886 2217 2078 2268 faciendi,
2091 2231 2193 2259 nova
2211 2217 2316 2268 loca,
2333 2219 2449 2258 Con-

1390 2286 1561 2329 -ventus,
1575 2274 1639 2320 seu
1656 2276 1900 2321 Eremitoria
1916 2275 2155 2331 recipiendi,
2174 2279 2336 2323 Fratres
2356 2273 2447 2317 sub-

1399 2337 1507 2380 ditos
1522 2334 1781 2391 corrigendi,
1796 2337 1832 2376 &
1850 2334 2073 2389 puniendi,
2092 2334 2446 2381 excommunican-

1397 2394 1440 2437 di
1456 2423 1470 2445 ‚
1501 2396 1539 2435 ὅ(
1560 2393 1798 2441 absolvendi
1813 2423 1827 2444 ‚
1842 2394 2118 2445 incarcerandi
2135 2421 2150 2443 ‚
2181 2396 2220 2435 δε
2236 2394 2256 2436 εὶ
2272 2393 2447 2437 carceri-

1398 2455 1470 2499 bus
1486 2452 1684 2500 liberandi
1699 2468 1711 2501 5
1727 2452 2059 2495 Contradic‘tores
2074 2481 2088 2503 ‚
2118 2454 2157 2493 δι
2172 2452 2350 2495 rebelles
2368 2465 2444 2505 pet

1399 2510 1587 2554 censuras
1604 2510 1930 2561 Ecclesiasticas,
1959 2513 1997 2552 &
2030 2511 2106 2554 alia
2118 2512 2251 2568 Juris‚
2282 2513 2319 2551 δι
2343 2510 2443 2553 dicti

1398 2569 1567 2613 Ordinis
1582 2570 1764 2613 remedia
1777 2598 1791 2620 ,
1804 2571 1929 2611 etiam
1945 2583 2016 2625 per
2034 2570 2333 2614 invocationem
2353 2570 2444 2613 bra..

1399 2626 1478 2673 ,chii
1495 2627 1706 2673 Sa’cularis
1721 2656 1735 2679 ,
1754 2628 1818 2670 vel
1838 2628 2101 2671 ecclesiastici
2116 2656 2130 2678 ‚
2146 2630 2171 2668 fi
2186 2642 2285 2684 opus
2302 2626 2408 2671 foret
2429 2657 2448 2680 ,-

1399 2685 1684 2743 compescendi
1700 2699 1714 2738 ;
1736 2687 1777 2726 &
1793 2687 2043 2741 generaliter
2057 2715 2071 2737 ‚
2089 2685 2444 2741 specialiterun

1398 2745 1530 2788 omnia
1546 2773 1559 2796 ,
1591 2745 1792 2803 &singula
1825 2744 1930 2789 circa
1946 2747 2108 2791 Fratres
2123 2773 2137 2795 ,
2169 2748 2410 2787 Conventus
2427 2773 2442 2798 ,

1400 2808 1570 2854 Dorum,
1589 2805 1693 2848 Loca
1708 2831 1722 2852 ,
1734 2804 1772 2847 ὃς
1787 2801 2028 2847 Eremitoria
2046 2801 2271 2858 hujusmodi
2287 2802 2444 2846 facien-

1398 2863 1439 2908 di
1458 2892 1471 2916 ‚
1486 2860 1734 2912 exercendi,
1749 2860 2001 2916 disponendi,
2016 2861 2250 2913 ordinandi,
2268 2861 2444 2904 admini-

1398 2917 1548 2968 str‘a'ndi
1564 2951 1578 2973 ‚
1605 2922 1644 2962 &
1660 2920 1853 2964 statuendi
1869 2948 1883 2970 ‚
1915 2934 1997 2975 quae
2013 2922 2230 2964 Generalis
2248 2921 2442 2981 Magister

1397 2982 1494 3024 dic'ti
1510 2980 1807 3026 Ordinis,circa
1826 2981 1989 3023 Fratres
2007 3009 2022 3032 ‚
2054 2983 2295 3025 Conventus
2311 3008 2324 3030 ,
2359 2983 2443 3022 Do-

1398 3055 1482 3084 mus
1498 3069 1512 3091 ,
1546 3042 1653 3085 Loca
1669 3068 1683 3090 ,
1713 3040 1753 3079 &
1774 3038 2022 3086 Eremitoria
2041 3042 2227 3081 Fratrum
2247 3043 2441 3084 Conven-

1397 3099 1566 3143 tualium
1582 3106 1903 3152 nuncupatorum
1919 3096 2055 3141 facere
2070 3096 2199 3152 posset
2213 3126 2228 3148 ,
2260 3099 2283 3139 si
2303 3097 2440 3153 perso-

1394 3158 1542 3202 naliter
1559 3153 1711 3202 adesset
1727 3184 1741 3208 ‚
1773 3155 1838 3201 vel
1855 3156 2095 3208 interesset3
2129 3171 2176 3198 ac
2191 3155 2353 3201 easdem
2369 3172 2441 3199 au-
2486 3189 2489 3191 <

1391 3217 1622 3264 §toritatem
1635 3243 1648 3266 ‚
1663 3212 1907 3271 potestatem
1922 3243 1935 3266 ,
1950 3216 2100 3270 gratias
2113 3243 2128 3268 ,
2159 3217 2194 3259 δι
2218 3214 2440 3259 facultates

1392 3290 1463 3334 per
1480 3273 1602 3330 ipsum
1621 3272 1854 3330 Magistrum
1872 3274 2117 3317 Generalem
2136 3300 2150 3325 ‚
2163 3273 2297 3320 eidem
2316 3276 2441 3318 Vica-

1392 3337 1453 3379 rio
1467 3332 1669 3381 Generali
1683 3332 1884 3380 concessas
1898 3361 1913 3383 ‚
1940 3334 2005 3375 vel
2022 3347 2158 3377 earum
2176 3345 2335 3389 partem
2350 3333 2438 3376 aliis

1391 3392 1725 3448 FratribuS,quos
1742 3391 1789 3435 ad
1809 3394 1886 3437 haec
1904 3390 2104 3447 judicaret
2124 3392 2309 3444 idoneos,
2327 3408 2440 3435 com-

1391 3452 1611 3503 mittendi,
1642 3453 1680 3498 ὃς
1711 3450 1961 3495 concedendi
1986 3463 2000 3503 3
2033 3464 2192 3494 necnon
2228 3467 2300 3507 per
2334 3452 2438 3508 ipsos

1392 3511 1568 3569 praediCti
1602 3509 1752 3557 Vicarii
1784 3508 2085 3552 commissarios
2120 3511 2326 3552 committi
2352 3541 2366 3562 ,
2399 3513 2437 3552 &

1391 3569 1562 3614 concedi
1579 3565 1754 3613 faciendi
1770 3598 1780 3614 ‚
1814 3569 1868 3611 Et
1887 3567 2022 3611 triduo
2039 3566 2173 3624 elapso
2192 3598 2205 3619 ‚
2234 3571 2274 3610 &
2297 3570 2438 3614 filecto

1392 3644 1471 3672 non
1490 3626 1729 3675 confirmato
1744 3654 1758 3678 ,
1788 3625 1898 3671 idem
1916 3626 2079 3669 Electus
2099 3628 2212 3671 Sedis
2232 3628 2437 3684 Apostoli-

1391 3702 1445 3730 cae
1462 3686 1722 3730 Austoritate
1753 3700 1845 3728 cum
1864 3685 2044 3741 plenaria
2071 3689 2269 3740 potestate
2301 3685 2433 3738 hujus-

1387 3746 1500 3788 modi
1520 3774 1534 3796 ,
1565 3744 1688 3801 usque
1703 3744 1752 3786 ad
1770 3745 2013 3787 Successoris
2028 3745 2273 3789 electionem
2307 3745 2434 3786 habe-

1387 3817 1526 3856 retur,
1552 3803 1708 3851 &intra
1729 3804 1803 3846 hoc
1822 3815 1977 3866 tempus
1995 3804 2131 3849 officio
2149 3804 2216 3847 suo
2238 3803 2316 3844 fine
2333 3803 2431 3849 scitu

2191 3876 2372 3909 omnium
