2658 4244
402 232 500 311 58

333 339 692 391 Praememorato
714 336 836 387 Ven.
864 338 951 390 Dei
967 340 1114 389 Servo
1129 378 1146 400 ,
1182 347 1232 394 P.
1253 347 1367 395 Lau-

363 410 516 457 rentio
542 407 567 453 a
603 407 856 458 Brundusio
873 445 888 468 ,
919 410 976 459 ad
1006 415 1272 463 Exercitum
1299 452 1315 474 ,
1340 417 1367 466 ἂ

363 478 626 527 Germaniae
649 480 927 548 Principibus
945 480 1223 533 condustum
1253 481 1366 536 sece-

363 546 489 615 denti
521 580 540 605 ,
595 550 861 617 Spirituales
906 548 1140 602 facultates
1178 558 1364 607 noviter

363 616 588 687 largitur.

325 747 362 791 A
378 755 516 802 tergo·
555 745 710 788 Dileelo
739 747 844 790 Filio
878 750 1129 791 Laurentioa*
1145 751 1360 809 Brundust'o

505 805 644 849 Fratri
677 806 837 848 Ordinis
870 810 1176 861 capuanorum.
1196 851 1201 856 ,

380 920 820 979 PAULUS
893 924 1170 976 PAPA
1241 932 1304 979 V.

525 1051 595 1093 Ad
603 1045 796 1108 futuram
819 1054 879 1094 m·
902 1053 1125 1092 memoriam
1141 1077 1153 1092 .

444 1158 568 1202 neue
589 1154 663 1198 Fili
679 1155 858 1198 Salutem
874 1159 949 1198 διε.
963 1159 1071 1198 Cum
1086 1156 1149 1197 Tu
1164 1155 1211 1198 ad
1227 1158 1358 1199 Exer-

473 1218 557 1258 citu
589 1215 726 1256 dilecti
759 1215 850 1257 Filii
877 1244 891 1265 ‚
932 1213 1074 1255 nobilis
1105 1213 1195 1257 Viri
1225 1218 1357 1258 Maxi.-

316 1277 469 1318 miliani
489 1275 660 1317 Bavariae
677 1274 801 1316 Ducis
816 1303 830 1325 ‚
860 1274 899 1314 δι
914 1272 1085 1315 aliorum
1109 1274 1352 1316 Catholico-

316 1346 406 1376 rum
422 1362 436 1384 ,
459 1334 569 1376 Sacri
586 1333 760 1375 Romani
776 1332 938 1387 Imperii
962 1330 1192 1387 Principum
1208 1329 1351 1375 confae·

314 1390 550 1435 deratorum
565 1416 579 1442 3
599 1400 738 1433 contra
767 1391 986 1433 Haereticos
1003 1392 1227 1433 Germania?
1241 1405 1350 1433 com-

314 1460 559 1508 paratum,ut
579 1449 631 1491 ibi
648 1449 877 1504 Spiritualia
898 1447 1102 1491 Exercitia
1113 1449 1161 1491 ad
1179 1449 1350 1492 Christi-

314 1505 554 1558 fidelium2in
573 1508 680 1550 disto
699 1509 886 1550 Exercitu
901 1507 1164 1549 militantium
1178 1507 1356 1564 spiritua-

313 1567 397 1611 lem
426 1566 749 1610 consolationem
775 1567 813 1607 δε
848 1567 1071 1608 animarum
1101 1564 1266 1609 salutem
1296 1565 1354 1608 fa-

314 1624 397 1668 cias
414 1653 428 1676 ,
461 1625 512 1668 de
528 1635 689 1667 tuorum
707 1626 967 1679 Superiorum
986 1624 1149 1664 licentia
1165 1651 1178 1674 ,
1195 1627 1235 1665 ἃ
1252 1622 1351 1677 juffu

313 1684 448 1726 nostro
475 1681 715 1736 propediem
740 1677 960 1722 accessurus
985 1681 1056 1728 fis,
1091 1684 1176 1722 Nos
1207 1685 1268 1723 Te
1287 1683 1348 1723 in·-

311 1735 531 1794 frascriptis
557 1739 841 1793 spiritualibus
858 1737 997 1793 gratiis
1024 1738 1347 1795 prosequendum

310 1797 516 1842 duximus.
553 1801 771 1853 Propterea
788 1797 904 1847 Tibi,
936 1808 979 1839 ut
997 1810 1345 1856 quorumcumque

292 1853 642 1906 ‚christifidelium
659 1885 674 1907 ‚
698 1858 735 1899 in
751 1857 858 1900 dieto
885 1856 1071 1901 Exercitu
1090 1857 1346 1900 militantium

310 1911 594 1961 confeffiiones
622 1915 775 1964 audire
798 1943 813 1966 ,
853 1916 1011 1970 reliqua
1041 1919 1103 1956 uti
1124 1906 1205 1973 fol.
1235 1927 1344 1959 ante.

308 1977 415 2021 riorc
448 1988 518 2024 52.

370 2033 462 2078 Non
478 2030 721 2076 obstantibus
737 2030 1101 2076 Constitutionibus
1115 2061 1130 2084 ‚
1160 2031 1198 2074 &
1222 2031 1344 2078 Ordi-

309 2093 541 2138 nationibus
573 2092 813 2149 Apostolicis
828 2121 841 2142 ‚
871 2091 1102 2147 caterisque
1133 2095 1346 2136 contrariis

308 2147 642 2208 quibuscumque.
679 2154 827 2193 Datum
857 2153 990 2193 Romae
1005 2151 1107 2206 apud
1123 2153 1347 2194 Sannum,

309 2214 494 2255 Marcum
506 2212 583 2252 &c-
602 2211 678 2252 Die
694 2209 867 2253 secunda
883 2210 1070 2252 octobris
1085 2223 1224 2253 mncx.
1237 2214 1343 2255 Pon-

308 2269 486 2312 tificatus
501 2269 637 2314 Nostri
654 2273 774 2312 Anno
787 2271 912 2311 Sexto
924 2298 937 2309 .

310 2384 611 2441 Antographum
625 2387 667 2426 ln
688 2389 830 2428 Secret-
855 2384 1036 2427 Brevium
1053 2385 1219 2442 Apostol.
1248 2390 1341 2443 Reg.

364 2445 495 2502 Mens.⁸
525 2445 655 2487 oelob.
681 2447 788 2485 Anni
816 2447 933 2486 1610.
960 2442 1038 2499 fol.
1076 2459 1114 2499 ¹3
1124 2457 1163 2492 5.
1197 2443 1240 2485 de
1267 2461 1341 2501 quo

363 2505 525 2558 exempl.
542 2507 585 2545 in
602 2502 720 2546 Arcb.
730 2501 920 2557 gen-Ord-
940 2505 1045 2545 Tom.
1063 2507 1102 2545 S.
1118 2514 1225 2545 num.
1242 2507 1281 2545 8.

308 2737 626 2789 Alexandrum
673 2742 903 2789 Perettum
938 2775 954 2797 ,
1008 2739 1340 2790 cardinalem„

341 2811 628 2859 Montaltum
647 2824 955 2876 nuncupatum
975 2846 990 2867 ,
1006 2814 1053 2861 S.
1068 2815 1126 2860 R.
1139 2814 1191 2860 E.
1209 2814 1344 2861 Vice-

341 2880 679 2929 Cancellarium
693 2914 710 2938 ,
729 2877 921 2930 Ordinis
937 2882 1249 2931 Protestorem
1263 2881 1337 2932 de-

338 2959 494 3019 putat.

305 3078 345 3123 A
357 3087 476 3135 tergo
489 3109 502 3120 .
538 3078 686 3121 uilem
702 3075 804 3120 Filio
820 3079 958 3127 Nollro
977 3080 1194 3123 Alexandro
1209 3109 1222 3134 ‚
1237 3086 1335 3124 San-

393 3135 448 3181 821·
465 3138 724 3180 Laurentum
739 3139 910 3191 Damas&
927 3140 1097 3180 Diacono
1111 3168 1124 3189 ,
1151 3141 1249 3183 Car-

427 3196 552 3239 dinali
564 3194 763 3239 Montalto
777 3206 994 3251 nuncupato
1008 3225 1023 3248 ‚
1053 3202 1093 3240 S.
1105 3199 1150 3239 R.
1163 3202 1209 3241 E.

639 3252 736 3298 Vice-
745 3254 985 3298 cancellario
995 3283 1008 3297 .

1093 211 1256 311 Sub
1319 221 1569 312 Paulo
1635 223 1736 312 V.

1427 354 1536 385 trum
1555 341 1758 383 Minorum
1781 339 1911 384 Sanc‘ti
1938 337 2134 383 Francisci
2159 344 2462 401 capucinorum

1426 411 1747 455 nuncupatorum
1763 428 1777 451 ,
1801 400 1897 442 dum
1912 402 2041 450 vixit,
2071 399 2177 455 apud
2196 404 2465 450 Romanum.-

1425 458 1664 502 Pontificem
1680 486 1695 510 ‚
1725 459 2050 514 &Apostolicam
2076 459 2223 503 sedem
2250 464 2464 507 Protecto-

1425 518 1479 559 ris
1494 546 1509 569 ‚
1531 530 1665 572 nuper.
1682 529 1797 561 extra
1815 520 2034 560 Romanam
2052 519 2222 560 Curiam
2255 519 2433 564 defuncti
2446 551 2464 575 ,

1425 575 1542 619 Ordo
1555 572 1762 631 praefatus‚
1775 579 2013 619 Protestore
2029 577 2242 619 destitutus
2258 578 2465 622 remanse-

1423 633 1476 676 rit
1491 663 1506 686 ,
1539 639 1625 678 Nos
1653 635 1787 677 eidem
1802 635 1945 677 Ordini
1974 635 2027 678 de
2051 635 2201 677 idoneo
2220 639 2462 681 Prote-&ore

1420 692 1637 748 providere
1652 695 1838 736 volentes
1855 722 1868 744 ,
1901 707 1947 736 ac
1964 694 2018 736 de
2033 703 2110 736 tua:
2134 694 2464 751 circumspefi'tio-

1416 750 1477 793 nis
1493 752 1680 807 ssngulari
1693 752 1911 807 prudentia
1930 781 1944 804 ,
1974 753 2157 795 dostrina
2171 780 2186 801 ‚
2199 755 2438 811 integritate
2448 763 2468 807 ,'

1423 808 1464 850 δι
1479 809 1703 863 Religionis
1725 812 1833 854 Zelo
1857 810 2074 867 plurimum
2102 812 2140 853 in
2171 813 2351 855 Domino
2366 826 2464 854 con.

1424 866 1476 909 fifi
1497 896 1510 918 ‚
1543 871 1656 909 Motu
1685 870 1847 923 proprio
1860 896 1874 919 ‚
1906 884 1983 912 non
2008 870 2058 912 ad
2085 880 2197 912 tuam
2214 900 2229 923 ‚
2261 871 2327 914 vel
2358 871 2466 912 alte-

1420 923 1499 967 rius
1516 939 1587 979 pro
1603 936 1644 966 te
1660 953 1674 976 ,
1699 927 1826 968 Nobis
1854 926 1971 982 super
1985 929 2062 970 hoc
2081 928 2224 972 oblatae
2249 929 2461 985 petitionis

1421 983 1674 1032 instantiam,
1706 983 1771 1024 sed
1787 998 1837 1025 ex
1850 996 1964 1028 certa
1993 985 2156 1028 scientia
2174 1014 2189 1036 a
2221 1002 2267 1029 ac
2297 998 2459 1029 matura

1414 1037 1711 1081 deliberatione
1727 1039 1894 1092 nostris,
1921 1044 1983 1084 Te
1996 1071 2010 1093 ‚
2038 1054 2089 1083 ex
2104 1040 2213 1097 cujus
2231 1045 2461 1101 protectio·-

1414 1111 1465 1139 ne
1478 1098 1630 1139 obruas
1646 1097 1810 1140 eximias
1827 1098 2013 1150 virtutes,
2025 1099 2225 1143 Ordinem
2237 1099 2452 1158 praefatum

1415 1155 1630 1211 plurimum
1655 1157 1856 1199 commodi
1881 1184 1896 1207 a
1920 1158 1959 1198 δε
1987 1163 2219 1202 ornamenti
2247 1161 2458 1217 susceptu-

1416 1226 1506 1255 rum
1517 1211 1595 1256 effe
1609 1211 1845 1257 confidimus
1860 1243 1873 1266 ‚
1905 1216 2056 1269 praefati
2069 1216 2231 1259 Ordinis
2246 1219 2421 1262 univerfi
2441 1246 2458 1270 ,

1413 1271 1598 1328 illiusque
1619 1273 1845 1316 Domorum
1862 1301 1876 1325 ,
1891 1273 1928 1314 &
1944 1276 2144 1317 Locorum
2157 1276 2426 1331 Regularium
2440 1296 2457 1327 ⁵

1412 1344 1459 1372 ac
1477 1330 1770 1384 Religiosorum
1785 1344 2127 1389 quorumcumque
2147 1357 2160 1382 ,
2175 1333 2278 1388 apud
2295 1337 2401 1386 Nos,
2421 1334 2461 1376 δε

1412 1389 1576 1443 Apostol
1583 1391 1683 1432 icam
1699 1388 1847 1433 Sedem
1863 1392 2253 1440 Protestorernssum
2271 1393 2458 1436 omnibus

1411 1443 1674 1491 facultatibus
1698 1477 1711 1499 ‚
1743 1447 2105 1504 jurisdistionibus‚
2138 1448 2384 1502 honor-ihm,
2415 1451 2457 1493 δε

1414 1508 1607 1549 oneribus
1632 1505 1785 1558 solitis,
1816 1509 1855 1549 &
1883 1509 2108 1559 consuetis,
2140 1509 2177 1550 8(
2201 1510 2344 1566 quibus
2382 1509 2457 1552 alii

1413 1577 1508 1606 ante
1533 1565 1594 1607 Te
1616 1563 1710 1606 disti
1729 1566 1889 1609 Ordinis
1906 1570 2161 1610 Protectores
2175 1568 2229 1610 uli
2251 1567 2367 1619 sunt,
2406 1581 2454 1614 ac

1409 1623 1469 1664 uti
1491 1624 1799 1678 quomodolibet
1815 1636 2050 1680 potuerunt,
2065 1626 2130 1668 seu
2151 1628 2276 1669 etiam
2291 1627 2451 1684 debue-

1410 1691 1500 1722 runt
1513 1707 1526 1729 ‚
1540 1678 1588 1721 acl
1605 1682 1662 1722 tui
1680 1681 1814 1723 Vitam
1830 1709 1844 1732 ‚
1861 1683 2091 1737 Apostolica
2107 1686 2345 1728 auc'toritate
2362 1713 2377 1736 ‚
2392 1697 2456 1728 te-

1409 1752 1508 1779 nore
1520 1738 1768 1791 praesentium
1786 1736 1949 1780 facimus
1966 1769 1981 1791 ‚
2010 1739 2049 1780 &
2063 1738 2298 1795 deputamus
2316 1771 2328 1783 .
2365 1743 2455 1786 Vo-

1407 1796 1538 1839 lumus
1568 1806 1704 1838 autem
1721 1824 1735 1847 ‚
1765 1797 1805 1837 &
1821 1796 1913 1839 Tibi
1928 1798 1969 1839 in
1999 1798 2151 1841 virtute
2169 1802 2320 1843 Sancta:
2335 1801 2451 1846 Obe-

1405 1852 1566 1897 dientiae
1580 1853 1815 1898 mandamus
1832 1884 1847 1908 ‚
1881 1866 1924 1898 ut
1939 1854 2187 1914 superiorum
2202 1860 2299 1901 dien·
2319 1860 2453 1905 Ordi-

1403 1913 1504 1957 dinis
1527 1914 1810 1957 auctoritatem
1824 1944 1836 1966 ,
1849 1926 2043 1971 quantum
2057 1914 2142 1958 fieri
2157 1920 2313 1972 poterit
2326 1928 2453 1969 ‚con-

1404 1973 1566 2015 servare
1590 1987 1703 2015 cures
1724 2000 1738 2022 ‚
1753 1973 2021 2028 &propterea
2039 2003 2054 2026 ,
2067 1989 2160 2016 cum
2176 1975 2242 2029 ipsi
2262 1978 2453 2031 ,Superio-

1407 2044 1470 2074 res
1499 2045 1643 2073 eorum
1668 2030 1802 2074 Officii
1825 2031 1969 2074 debito
1989 2032 2254 2076 satisfecerint
2275 2063 2288 2086 ‚
2323 2047 2452 2088 aegu-

1407 2091 1551 2132 bernio
1566 2091 1621 2141 ,δι
1634 2090 1816 2146 regimini
1845 2090 2095 2135 subditorum
2123 2089 2367 2135 sufficienter
2390 2094 2453 2135 in-

1406 2146 1647 2199 cubuerint,
1680 2159 1777 2192 tunc
1807 2146 1845 2191 in
1871 2149 2045 2204 negotiis
2072 2150 2310 2193 eorumdem
2329 2151 2453 2193 Reli-

1404 2203 1602 2264 giosorum
1621 2209 1775 2250 Tenon
1804 2208 2023 2253 immisceas
2047 2223 2062 2263 3
2086 2210 2246 2265 quando
2273 2221 2413 2253 autem
2432 2238 2449 2262 ,

1404 2264 1470 2308 vel
1500 2267 1547 2309 ab
1573 2266 1657 2322 ipsis
1684 2267 1968 2321 Superioribus
1985 2268 2192 2325 requisitus
2213 2267 2335 2311 fueris
2352 2296 2366 2321 ,
2397 2280 2450 2312 ut

1402 2325 1441 2367 in
1455 2323 1608 2367 eisdem
1632 2325 1917 2368 auctoritatem
1941 2338 2052 2370 tuam
2083 2329 2339 2383 interponas,
2373 2328 2445 2371 vel

1399 2382 1555 2427 necesse
1570 2377 1659 2426 sore
1690 2386 1928 2439 cognoveris
1948 2414 1962 2437 ‚
1995 2398 2037 2429 ut
2069 2387 2241 2429 eandem
2264 2387 2450 2429 auctori-

1401 2452 1526 2485 tatem
1543 2444 1706 2485 tuam-in
1726 2441 1874 2486 eisdem
1891 2445 2060 2499 negotiis
2076 2458 2266 2488 exerceas
2293 2472 2309 2497 ,
2339 2456 2445 2487 tuno

1401 2502 1440 2543 id
1457 2501 1585 2542 libere
1600 2498 1737 2544 facere
1754 2502 2108 2559 poffis3sed‚quoad
2124 2503 2368 2559 poteris‚per
2385 2505 2449 2545 Te

1403 2554 1526 2614 ipsum
1557 2561 1632 2601 hoc
1657 2558 1792 2603 facere
1810 2575 1925 2604 cures
1945 2590 1959 2613 ,
1990 2562 2173 2604 adhibito
2199 2563 2248 2604 ad
2265 2562 2446 2603 scriben-

1401 2619 1496 2660 dum
1511 2647 1526 2667 ‚
1558 2616 1829 2674 quando.opus
1845 2616 1994 2672 fuerit,
2027 2621 2064 2662 in
2083 2620 2235 2662 eisdem
2254 2620 2448 2675 negotiis,

1399 2674 1466 2721 seu
1485 2678 1605 2721 caulis
1621 2706 1635 2729 ,
1666 2676 1759 2720 loco
1775 2679 1934 2721 Notarii
1951 2705 1966 2730 ,
1996 2679 2134 2733 aliquo
2160 2693 2210 2722 ex
2225 2678 2450 2734 Regulari-

1401 2739 1472 2780 bus
1499 2734 1679 2787 ejusdem
1707 2737 1897 2778 Ordinis.
1943 2737 2182 2780 Mandamus
2213 2748 2444 2792 praeterea„

1404 2796 1596 2852 praedietis
1609 2795 1891 2850 Superioribus
1907 2823 1919 2844 ,
1950 2796 1990 2835 &
2002 2794 2089 2836 aliis
2103 2794 2331 2850 Religiosiis
2347 2795 2440 2850 qui-

1403 2853 1646 2910 buscumque
1664 2852 1840 2908 ejusdem
1856 2852 2018 2910 Ordinis
2046 2853 2083 2894 in
2116 2854 2268 2896 virtute
2290 2856 2444 2897 sanstae

1393 2910 1645 2957 obedientiae
1657 2942 1671 2965 ,
1690 2923 1736 2953 ut
1752 2913 1812 2955 Te
1824 2912 1862 2954 in
1878 2925 2020 2955 eorum
2036 2914 2335 2963 Proteffitorem,
2351 2910 2444 2968 jux-

1393 2985 1432 3016 ta
1458 2984 1647 3015 tenorem
1672 2969 1926 3026 pra-sentium
1940 2971 2214 3026 recipientes,
2248 2969 2324 3022 exi,
2359 2969 2440 3027 qur‘l

1393 3029 1545 3075 debent
1562 3060 1575 3081 ‚
1603 3027 1833 3073 reverentia
1857 3026 2148 3083 prosequantur
2164 3059 2178 3080 ,
2217 3031 2434 3071 contrariis

1394 3104 1471 3133 non
1487 3087 1734 3132 obstantibus
1744 3085 2055 3143 quibuscumque
2069 3115 2081 3127 .
2097 3090 2300 3130 Caeterum
2317 3089 2377 3129 Te
2401 3088 2439 3130 in

1395 3147 1572 3192 Domino
1588 3149 1798 3189 hortamur
1813 3173 1826 3197 ‚
1853 3155 1898 3187 ut
1919 3143 2140 3200 hujusmodi
2182 3147 2437 3188 protectoris

1397 3221 1540 3252 munus
1557 3207 1610 3248 ita
1623 3204 1741 3248 obire
1756 3201 1909 3247 studeas
1923 3232 1937 3255 ,
1958 3214 2002 3245 ut
2018 3203 2121 3260 apud
2143 3205 2292 3256 Deum,
2308 3201 2438 3246 bono—

1395 3279 1484 3312 rum
1498 3278 1664 3322 operum
1683 3261 2195 3314 Retributorem‚aeternum
2210 3262 2435 3319 praemium‚

1318 3316 1322 3322 Ι
1395 3330 1436 3370 &
1460 3327 1482 3369 a
1509 3324 1634 3369 Nobis
1657 3320 1893 3377 condignam
1919 3321 2078 3365 laudem
2107 3321 2239 3365 valeas
2273 3335 2437 3377 prome-

363 3371 798 3430 PAULUS
870 3375 1144 3423 PAPA
1214 3378 1279 3424 V.

500 3502 567 3546 Ad
586 3500 781 3561 futuram
810 3505 870 3544 rei
899 3500 1143 3545 memoriam.

443 3615 570 3660 Ilee‘te
589 3619 660 3673 Fili
676 3620 822 3662 Noster
835 3618 1017 3663 Salutem
1035 3648 1048 3671 ,
1077 3621 1115 3661 &
1140 3618 1339 3675 Apostoli-

459 3689 544 3716 cam
561 3678 913 3721 Benedifflonem.
948 3682 1053 3720 Cum
1083 3691 1154 3733 per
1178 3679 1338 3720 obitum

307 3732 419 3773 bonae
436 3735 958 3793 mem-Francil‘ci‚Episcopi
971 3734 1171 3787 Ostiensis,
1188 3739 1338 3779 S.R.E.

308 3789 536 3832 Cardinalis
555 3791 748 3848 dejojosa
779 3797 1026 3852 nuncupati,
1056 3795 1218 3837 Ordinis
1241 3798 1337 3838 Fra-

1378 3386 1506 3429 seri.
1553 3387 1703 3426 Datum
1734 3377 1894 3422 Tusculi
1925 3380 1993 3423 sub
2024 3380 2189 3423 Annulo
2219 3379 2435 3422 Piscatoris

1400 3445 1481 3486 Die
1507 3457 1571 3486 ιν.
1594 3438 1842 3498 Septembris
1866 3454 2035 3484 mncxv.
2067 3438 2328 3483 Pontificatus
2347 3443 2437 3483 No-

1399 3501 1467 3546 stri
1481 3503 1603 3545 Anno
1619 3498 1842 3544 Undecimo
1857 3523 1870 3540 .

1800 3617 1841 3658 S.
1875 3615 1994 3659 Card.
2027 3618 2069 3658 S.
2102 3616 2287 3675 susanne
2305 3645 2319 3657 .

1399 3743 1522 3780 Breve
1524 3735 1755 3794 formatum
1767 3736 1810 3776 in
1825 3733 1942 3777 Arch.
1951 3737 2131 3789 generali
2146 3735 2239 3778 Ord.
2260 3737 2297 3780 T
2290 3747 2365 3775 om.
2375 3735 2430 3778 H.

1453 3807 1558 3838 num.
1585 3808 1625 3845 7.
2251 3854 2293 3893 N
2313 3854 2350 3893 O
