2658 4244
947 199 1109 289 Sub
1167 199 1494 290 ‘Urbano‘
1551 199 1768 289 VIII.

288 319 579 370 Sacerdotibus
592 351 605 378 ,
620 322 671 367 'ad
685 316 880 366 Ecclefias
896 317 1118 360 eorundem
1136 320 1323 361 Fratrum

286 383 585 427 confluentibus
602 380 761 426 recitari
775 407 790 431 ,
801 381 842 420 &
857 376 1055 419 celebrari
1072 377 1295 431 respective
1308 405 1323 428 ,

285 440 418 483 libere
433 442 612 485 {imiliter
631 469 646 492 ,
667 437 831 481 &licite
846 436 976 478 valeat
991 463 1005 486 ‚
1030 435 1235 478 licentiam
1254 462 1268 486 ,
1288 437 1328 476 &

285 498 541 553 facultatem,
553 498 780 555 Apostolica
794 494 1062 544 Auctoritate,
1075 504 1218 537 tenore
1231 508 1328 550 prae-

284 559 454 603 sentium
481 557 768 607 concedimus,
790 554 939 611 pariter
960 555 997 595 &
1027 553 1280 610 impartimur
1309 583 1323 595 .

282 620 382 661 Non
407 616 650 659 obstantibus
679 612 1029 656 constitutionibus
1046 641 1060 664 ,
1090 614 1131 654 &
1158 611 1323 655 ordina-

282 675 462 717 tionibus
496 672 735 729 Apostolicis
767 702 784 723 ,
824 669 1066 727 coeterisque
1107 673 1319 714 contrariis

282 732 579 789 quibuscunque
592 759 604 771 .
622 730 819 774 Volumus
832 741 967 774 autem
981 760 997 781 ,
1021 730 1129 786 quod
1146 730 1320 787 praesen-

283 792 382 834 tium
407 790 688 845 transumptis,
718 790 839 831 etiam
865 788 1084 846 impreffiS,
1105 803 1223 832 manu
1248 789 1320 832 ali·

283 848 397 903 cujus
410 848 573 891 Notarii
589 848 742 904 publici
758 845 986 905 subscriptis
1004 878 1020 899 ,
1044 850 1084 890 δι
1102 847 1232 904 figillo
1244 848 1318 890 ali-

281 906 395 961 cujus
414 904 603 962 personat,
616 906 654 948 in
669 905 869 962 dignitate
885 906 1161 950 Ecclefiassica
1177 907 1326 950 consti-

277 972 375 1006 tutae
388 964 553 1007 munitis
570 993 584 1016 ,
606 964 749 1008 eadem
764 964 920 1021 prorsus
935 965 1034 1010 fides
1049 967 1194 1021 ubique
1210 965 1328 1008 adhi-

274 1022 421 1065 beatur
435 1051 450 1074 ,
474 1037 559 1080 quae
572 1022 724 1066 eisdem
742 1024 1001 1080 praesentibus
1023 1025 1288 1069 adhiberetur
1303 1054 1318 1078 ‚

274 1080 302 1123 fi
318 1080 454 1125 forent
474 1082 661 1125 exhibitae
676 1113 690 1135 ,
718 1083 782 1126 vel
800 1084 960 1127 ostensae
974 1115 986 1126 .

289 1159 291 1161 ¹
347 1143 498 1182 Datum
531 1143 668 1184 Romae
695 1142 796 1199 apud
831 1146 1016 1187 Sanctum
1050 1147 1218 1189 Petrum
1246 1142 1314 1186 sub

275 1200 441 1242 Annulo
462 1198 672 1242 piscatoris
694 1201 761 1243 die
782 1218 862 1247 xv.
883 1204 1020 1246 Martii
1036 1216 1312 1249 mocxxvtu-

275 1257 540 1301 Pontificatus
555 1260 689 1302 Nostri
703 1263 821 1304 Anno
833 1262 987 1322 Qinto
1002 1290 1014 1303 .

813 1381 876 1422 M.
895 1380 944 1420 A.
961 1378 1172 1421 Maraldus
1189 1405 1202 1418 .

331 1491 636 1546 Autographum
651 1494 694 1534 ὶη
704 1493 822 1535 Arch.
836 1497 978 1535 secret.
992 1495 1173 1537 Brevium
1190 1491 1320 1548 Apost.

386 1549 543 1604 Regi-sto
572 1550 713 1605 Mensis
741 1555 889 1595 Martie·
927 1553 1043 1593 1628.
1063 1551 1141 1610 fol.
1173 1554 1238 1598 87.
1273 1552 1317 1592 de

384 1621 459 1663 quo
486 1613 608 1650 Breve
622 1607 850 1667 formatum
873 1616 916 1652 in
938 1611 1109 1654 Archivo
1133 1611 1311 1668 generali

388 1666 482 1709 Ord.
502 1671 534 1711 T
532 1680 605 1709 om.
620 1670 674 1712 H.
692 1683 797 1712 num.
815 1671 885 1724 36.

508 1811 1075 1878 NOTA.

359 1942 425 1982 Uit
441 1944 508 1979 hoc
522 1942 611 1980 idem
626 1944 790 1981 Officium
804 1945 847 1981 ab
862 1945 1063 1983 Alexandro
1077 1948 1164 1984 Vll.
1183 1947 1225 1983 ad
1239 1946 1314 1983 uni-

370 1991 497 2028 versam
514 1991 684 2030 Civitatis
699 1993 840 2029 Ducalis
858 1993 1026 2031 Dioecesm
1038 2021 1052 2039 ,
1077 1997 1111 2032 Sc
1128 1997 1241 2043 postea
1256 1996 1316 2031 sub

271 2041 454 2076 Clemente
485 2040 572 2076 ΧΗ.
602 2042 644 2077 ad
673 2051 779 2077 totam
808 2041 937 2078 ltaliam
968 2068 982 2087 ,
1018 2043 1157 2092 ejusque
1190 2045 1318 2080 lnsulas

269 2089 463 2137 adjacentes
486 2089 666 2126 extensum
681 2114 693 2125 .
721 2089 811 2127 Vide
837 2091 972 2137 Breve,
994 2093 1029 2129 8<
1058 2095 1247 2129 Decretum
1264 2093 1319 2129 de-

269 2136 372 2185 super
386 2148 539 2174 emanata
563 2138 624 2174 suo
647 2140 726 2176 loco
739 2163 750 2175 .

297 2267 645 2283 -ψ

268 2365 345 2411 Ne
377 2367 556 2414 Fratres
585 2364 747 2433 absque
778 2365 958 2435 speciali
986 2370 1157 2419 Sanfiae
1187 2369 1314 2420 Sedis

303 2434 486 2482 licentia
502 2471 517 2493 ,
548 2435 606 2484 ad
625 2437 843 2486 laxiorem
865 2473 880 2496 ,
908 2438 956 2490 ὅ(
985 2437 1074 2487 fine
1094 2440 1314 2488 licentia...

302 2503 504 2551 Ministri
535 2507 771 2555 Generalis
803 2505 1000 2575 scripta,
1031 2508 1087 2556 ad
1116 2509 1313 2557 Cartha-

300 2568 512 2620 fienfium
535 2605 553 2628 ,
583 2575 655 2620 vel
673 2576 816 2622 alium
838 2594 1152 2643 quemcunque
1170 2577 1313 2627 Ordi-

302 2657 412 2689 nem
436 2639 663 2690 transeant
679 2678 696 2700 ,
725 2645 962 2711 prohibet.

337 2768 769 2825 URBANUS
820 2775 1034 2825 PAPA
1087 2750 1240 2827 vm.

453 2882 524 2925 Ad
533 2892 766 2939 perpetuam
789 2889 849 2929 rei
868 2892 1116 2933 memoriam.

263 2998 500 3113 INjunssti
529 2999 659 3043 Nobis
671 3002 893 3057 Apostolici
916 3003 1092 3048 muneris
1116 3006 1219 3052 ratio
1237 3022 1309 3064 po-

353 3058 501 3108 stulat,
532 3069 576 3100 ut
610 3060 911 3116 Religiosorum
943 3066 1123 3106 virorum
1150 3095 1165 3116 ,
1207 3069 1273 3122 qui
1293 3097 1308 3118 ,

263 3115 407 3173 spretis
429 3116 542 3173 hujus
561 3117 690 3160 saeculi
718 3120 962 3164 vanitatibus
979 3153 993 3173 ,
1022 3122 1147 3165 divini
1166 3127 1309 3168 Numi-

261 3174 322 3218 nis
347 3176 574 3231 obsequiis,
603 3174 674 3219 sub
699 3174 808 3220 suavi
825 3180 1030 3235 religionis
1045 3181 1193 3237 jugo&
1224 3186 1309 3226 stri-

261 3235 401 3277 &ioris
431 3233 697 3278 observantiae
713 3235 867 3291 regulis
897 3237 976 3282 sele
1001 3241 1308 3296 manciparunt,

261 3303 473 3349 paternam
490 3307 628 3335 curam
643 3306 836 3350 gerentes
849 3325 865 3346 ,
895 3297 933 3338 in
951 3298 1011 3339 his
1026 3298 1204 3353 ejusdem
1219 3316 1309 3343 mu-

263 3352 374 3393 neris
396 3361 531 3407 partes
557 3350 696 3395 sedulo
719 3353 998 3406 intendamus,
1027 3371 1098 3410 per
1111 3372 1196 3411 quae
1214 3375 1309 3413 pro-

264 3406 413 3464 spero,
443 3409 637 3466 felicique
668 3425 808 3454 eorum
840 3413 954 3456 statui
975 3445 991 3464 ,
1021 3416 1061 3455 &
1091 3415 1303 3459 directioni

265 3469 495 3524 opportune
525 3468 785 3522 consulatur,
816 3483 936 3527 prout
969 3473 1229 3527 conspicimus
1261 3476 1300 3518 in

263 3525 445 3568 Domino
459 3525 670 3571 salubriter
685 3529 880 3586 expedire
892 3560 902 3572 .
917 3535 1021 3574 Cum
1036 3532 1186 3588 itaque,
1204 3534 1302 3577 ficut

264 3582 434 3625 dilectus
465 3583 565 3626 filius
591 3587 837 3632 Procurator
867 3590 1081 3632 Generalis
1111 3593 1301 3634 Fratrum

261 3640 427 3685 Ordinis
457 3642 662 3685 Minorum
689 3647 818 3690 Sancti
841 3648 1043 3691 Francisci
1069 3651 1299 3704 Capucino-

259 3711 351 3741 rum
366 3710 686 3754 nuncupatorum
697 3734 713 3755 ,
735 3706 860 3748 Nobis
874 3721 1002 3763 nuper
1015 3709 1162 3762 exponi
1174 3707 1271 3752 fecit
1284 3740 1298 3763 ‚

258 3757 370 3815 quod
381 3759 565 3819 nonnulli
579 3760 674 3820 dicti
687 3764 1114 3821 Ord.Religios1,nulla
1127 3766 1297 3825 desuper

2259 243 2361 311 79

1383 319 1432 361 ab
1448 316 1676 373 Apostolica
1703 315 1810 359 Sede
1828 347 1843 369 ,
1870 317 1933 360 vel
1950 322 2228 378 Superioribus
2250 335 2323 369 turs
2350 327 2426 370 ob-

1383 375 1672 418 tentalicentia
1686 406 1701 427 ,
1730 376 1780 417 ad
1807 377 1907 419 alios
1926 381 2127 434 Ordines,
2151 384 2217 426 seu
2234 391 2425 441 Congre-

1388 434 1571 492 gationes
1601 433 1638 475 se
1664 433 1884 477 transferre
1910 436 2015 489 posse
2043 443 2354 495 praetenderint,
2386 447 2426 486 Sc

1388 493 1661 550 praetendant,
1682 507 1762 534 non
1779 492 1857 536 fine
1869 496 1982 549 gravi
1999 501 2194 552 regularis
2210 502 2425 558 disciplinae

1383 550 1648 596 observantiae
1677 551 1931 595 detrimento
1946 580 1959 603 ‚
1990 556 2164 612 dictique
2179 562 2346 603 Ordinis
2364 562 2426 603 in-

1382 608 1615 669 quietudine
1630 640 1641 651 .
1659 613 1761 663 Nos,
1776 626 1850 668 pro
1864 612 1981 654 nostri
1996 615 2203 658 pastoralis
2219 620 2338 661 officii
2352 620 2426 661 de-

1380 670 1468 713 bito
1481 700 1496 722 ,
1518 668 1714 725 praemiffis
1728 700 1743 721 ,
1759 673 1951 727 quantum
1970 673 2099 715 Nobis
2116 688 2165 716 ex
2183 677 2264 718 alto
2278 672 2427 720 conce-

1378 729 1489 771 ditur
1506 757 1521 778 ,
1548 729 1711 772 obv-iam
1725 731 1814 781 ire,
1837 729 2108 787 prosperoque
2123 734 2237 789 ipsius
2253 737 2422 778 Ordinis

1381 788 1494 831 statui
1510 816 1525 838 ,
1552 788 1731 843 &quieti
1747 787 1961 831 consulere
1977 791 2192 844 volentes,
2229 793 2427 850 supplica-

1380 848 1553 890 tionibus
1577 846 1669 888 dieti
1691 848 1972 890 Procuratoris
2001 852 2211 893 Generalis
2233 854 2395 895 nomine
2410 881 2426 905 ,

1387 906 1518 950 Nobis
1544 903 1660 961 super
1679 908 1755 949 hoc
1772 908 1984 950 humiliter
2001 912 2194 962 porrectis
2214 909 2392 953 inclinati
2410 938 2426 961 ,

1385 979 1436 1007 ne
1462 965 1515 1006 de
1543 975 1701 1008 coetero
1715 968 1919 1022 perpetuis
1941 965 2081 1009 suturis
2097 968 2345 1022 temporibus
2360 969 2427 1009 ul-

1380 1023 1440 1065 lus
1456 1023 1549 1065 disti
1562 1024 1728 1066 Ordinis
1744 1025 1969 1081 Religiosus
1985 1026 2034 1068 ad
2053 1025 2265 1077 laxiorem,
2279 1026 2427 1081 absque

1379 1083 1540 1139 speciali
1567 1081 1698 1125 nostra
1714 1113 1729 1134 ,
1755 1085 1795 1124 &
1811 1086 1924 1128 Sedis
1942 1085 2181 1140 Apostolicae
2199 1113 2215 1134 ‚
2242 1085 2290 1127 ad
2317 1087 2427 1127 Car-

1376 1140 1590 1185 thufienses
1617 1143 1716 1185 vero
1730 1172 1745 1192 ,
1771 1141 1836 1185 seu
1855 1157 2136 1201 quemcunque
2157 1143 2280 1185 alium
2298 1143 2425 1186 Ordi-

1374 1215 1466 1243 nem
1488 1230 1504 1251 ,
1533 1200 1596 1243 vel
1625 1203 2001 1257 Congregationem
2025 1232 2038 1254 ,
2071 1203 2138 1244 nisi
2165 1201 2217 1243 de
2249 1201 2423 1244 Ministri

1373 1258 1584 1302 Generalis
1605 1275 1682 1314 pro
1698 1271 1884 1316 tempore
1901 1262 2102 1305 existentis
2133 1261 2227 1303 disti
2256 1261 2422 1303 Ordinis

1371 1317 1553 1369 licentia,
1565 1318 1603 1361 in
1621 1318 1773 1374 scriptis
1787 1321 2025 1370 obtinenda,
2041 1321 2183 1376 quovis
2198 1329 2393 1374 praetextu
2407 1347 2424 1371 ‚

1379 1386 1447 1417 aut
1461 1390 1511 1417 ex
1525 1377 1665 1431 quavis
1679 1404 1694 1426 ,
1723 1381 1976 1433 quantumvis
1998 1380 2091 1435 justa
2107 1407 2124 1427 ,
2146 1378 2326 1432 legitima
2344 1407 2360 1427 ,
2384 1381 2424 1419 ὃς

1377 1433 1634 1490 privilegiata
1663 1435 1774 1478 causa
1801 1467 1816 1487 ,
1857 1436 1927 1480 sub
1952 1438 2169 1493 apostafiae,
2195 1437 2234 1477 &
2256 1434 2426 1478 infamiae

1380 1502 1583 1548 perpetuae
1608 1502 1700 1534 nota
1726 1523 1742 1544 ,
1776 1508 1931 1538 necnon
1961 1494 2421 1545 excommunicationis,

1378 1566 1426 1594 ac
1440 1551 1674 1605 privationis
1691 1554 1801 1596 vocis
1821 1556 1953 1597 aftivae
1978 1585 1992 1606 ,
2026 1557 2062 1596 &
2092 1553 2240 1609 paffivae
2260 1554 2393 1608 poenis
2408 1579 2425 1602 ,

1373 1611 1456 1667 ipso
1469 1607 1743 1666 factoffibstwe
1759 1612 1838 1654 ulla
1854 1613 2134 1656 declaratione
2148 1612 2422 1662 incurrendis,

1371 1667 1541 1710 transire
1564 1682 1725 1724 quoquo
1741 1669 1865 1713 modo
1881 1672 2030 1714 audeat
2045 1701 2059 1721 ,
2089 1669 2155 1712 seu
2184 1669 2392 1725 praesumat
2404 1698 2422 1719 ,

1372 1726 1601 1782 Apostolica
1637 1730 1882 1772 auctoritate
1909 1760 1923 1782 ‚
1965 1740 2108 1772 tenore
2139 1727 2421 1783 praesentium,

1372 1784 1648 1829 interdicimus
1672 1817 1688 1837 ,
1727 1789 1766 1828 ὃς
1793 1789 2052 1838 prohibemus
2083 1816 2092 1827 .
2136 1790 2422 1830 Decernentes

1373 1845 1587 1902 praesentes
1615 1844 1756 1888 literas
1786 1845 1944 1903 semper
1966 1877 1981 1897 ,
2022 1848 2059 1887 &
2085 1847 2289 1901 perpetuo
2317 1846 2423 1888 vali-

1373 1905 1446 1946 das
1469 1933 1483 1955 ,
1516 1902 1645 1946 firmas
1662 1935 1677 1955 ,
1708 1905 1943 1948 &efficaces
1973 1903 2172 1954 existere,
2202 1907 2241 1945 &
2267 1902 2422 1956 fore),

1375 1961 1539 2017 suosque
1565 1961 1766 2016 plenarios
1784 1993 1798 2014 ,
1824 1967 1861 2005 &
1881 1964 2062 2017 integros
2081 1962 2241 2003 effeetus
2257 1961 2423 2013 sortiri,

1377 2020 1619 2062 &obtinere
1634 2049 1647 2071 ‚
1677 2035 1721 2063 ac
1748 2023 1796 2064 ab
1821 2022 2036 2072 omnibus,
2058 2020 2105 2062 ad
2123 2035 2220 2076 quos
2243 2020 2392 2075 spectat
2407 2049 2422 2071 2

1378 2082 1418 2121 δι
1432 2080 1468 2121 in
1486 2075 1666 2121 futurum
1685 2079 1874 2135 speetabit
1890 2109 1904 2131 ,
1931 2079 2219 2122 inviolabiliter
2232 2080 2424 2121 observa-

1379 2138 1445 2189 ri,
1471 2136 1602 2192 sicque
1615 2168 1631 2189 ,
1655 2139 1695 2178 &
1711 2153 1787 2180 non
1808 2139 1930 2181 aliter
1947 2139 1983 2180 in
2004 2137 2200 2193 praemiffis
2216 2153 2286 2194 per
2304 2137 2422 2194 quos-

1374 2198 1701 2254 cunqueJudices
1717 2197 1945 2240 ordinarios
1960 2225 1973 2247 ,
1987 2199 2026 2239 δε
2042 2197 2250 2250 delegatos
2264 2226 2278 2248 ,
2296 2198 2420 2239 etiam

1374 2253 1577 2299 causarum
1594 2255 1738 2298 Palatii
1752 2256 1973 2312 Apostolici
1994 2254 2210 2298 Auditores
2226 2255 2414 2311 judicari,

1374 2312 1588 2356 &diffiniri
1605 2313 1757 2357 debere
1773 2343 1787 2365 ,
1814 2330 1860 2357 ac
1877 2315 2039 2357 irritum
2057 2342 2070 2365 ,
2093 2314 2263 2356 &inane
2278 2342 2291 2364 ,
2317 2314 2339 2355 fi
2358 2312 2420 2356 sc-

1375 2387 1443 2415 cus
1465 2372 1582 2427 super
1598 2373 1658 2414 his
1676 2373 1696 2414 ἒι
1712 2388 1912 2429 quoquam
1931 2402 1945 2424 ,
1962 2372 2100 2429 quavis
2123 2373 2420 2415 auctoritate..-

1375 2430 1577 2481 scienter,
1604 2430 1668 2471 vel
1700 2431 1934 2486 ignoranter
1951 2431 2169 2483 contigerit
2200 2430 2420 2472 attentari.

1374 2491 1469 2530 Non
1505 2487 1748 2529 obstantibus
1779 2488 2139 2530 Constitutionibus
2155 2515 2170 2538 ,
2194 2490 2230 2529 &
2245 2488 2419 2529 Ordina-

1373 2545 1552 2588 tionibus
1569 2546 1811 2599 Apostolicis
1827 2574 1840 2596 ,
1870 2560 2021 2589 necnon
2052 2544 2306 2599 praefatorum
2323 2576 2341 2597 ,
2370 2559 2418 2586 ac

1372 2605 1609 2659 quorumvis
1624 2603 1795 2644 aliorum
1808 2604 2008 2646 Ordinum
2023 2634 2038 2655 ,
2067 2605 2106 2644 &
2120 2605 2420 2659 Congregatio-

1370 2664 1629 2718 num„et?am
1643 2660 1871 2718 juramento
1885 2691 1898 2714 ,
1914 2663 2223 2704 confirmatione
2246 2663 2417 2716 Aposto-

1371 2721 1449 2762 lica
1472 2750 1485 2772 ,
1516 2721 1577 2763 vel
1595 2720 1733 2775 quavis
1748 2719 1943 2762 firmitate
1958 2720 2036 2763 alia
2062 2720 2264 2762 roboratis
2295 2720 2416 2762 statu-

1371 2777 1421 2820 tis
1442 2808 1456 2830 ‚
1483 2781 1522 2821 &
1548 2777 1898 2822 consuetudinibus
1924 2808 1939 2831 ,
1973 2778 2194 2834 privilegiis
2221 2793 2382 2835 quoque
2401 2807 2417 2830 ,

1368 2837 1538 2880 ‘indultis
1562 2866 1575 2888 ,
1600 2838 1638 2878 δε
1655 2836 1804 2879 Literis
1822 2836 2060 2893 Apostolicis
2072 2837 2220 2880 eisdem
2243 2837 2415 2880 Ordini-

1371 2898 1473 2948 buS,
1497 2898 1533 2937 &
1558 2896 1984 2951 Congregationibus‚
2012 2895 2258 2954 illorumque
2284 2899 2415 2952 Supe-

1371 2955 1545 2996 rioribus
1561 2982 1574 3003 ,
1600 2955 1637 2994 &
1654 2953 1828 3008 personis
1845 2956 1910 2997 sub
1925 2955 2237 3012 quibuscumque
2255 2955 2413 2997 tenori-

1370 3015 1441 3056 bus
1458 3043 1473 3064 ,
1495 3015 1535 3054 δε
1549 3011 1690 3054 formis
1705 3041 1719 3064 ,
1744 3027 1789 3054 ac
1805 3026 1895 3054 cum
1910 3013 2108 3069 quibusvis
2123 3013 2304 3057 clausulis
2325 3044 2339 3064 ,
2373 3014 2414 3055 δε

1370 3071 1618 3120 Decretis,in
1631 3071 1878 3112 contrarium
1887 3073 2196 3128 quomodolibet
2209 3070 2416 3123 concessis,

1371 3129 1614 3175 confirmatis
1631 3158 1644 3180 ,
1669 3130 1919 3172 &innovatis
1932 3160 1942 3172 .
1967 3132 2127 3189 Qibus
2143 3131 2326 3171 omnibus
2339 3159 2354 3180 ,
2373 3132 2413 3171 δε

1373 3189 1531 3242 fingulis
1560 3215 1574 3238 ,
1616 3201 1759 3229 eorum
1776 3198 1939 3231 tenores
1955 3188 2211 3244 praesentibus
2237 3202 2314 3242 pro
2335 3202 2409 3230 ex-

1369 3247 1502 3303 preffis
1518 3247 1712 3289 habentes
1729 3274 1743 3297 ,
1774 3246 1852 3289 illis
1876 3248 1972 3289 alias
1997 3249 2034 3288 in
2052 3248 2120 3288 suo
2143 3247 2292 3288 robore
2319 3261 2413 3302 per-

1367 3305 1556 3348 mansuris
1582 3334 1595 3356 ,
1632 3306 1704 3348 hac
1737 3306 1826 3348 vice
1853 3306 2050 3348 duntaxat
2080 3305 2310 3358 specialiter
2331 3335 2346 3356 ,
2371 3307 2412 3347 δε

1367 3362 1550 3419 expresse
1582 3362 1827 3419 derogamus
1857 3392 1872 3415 ,
1917 3361 2163 3418 coeterisque
2197 3364 2411 3405 contrariis

1365 3419 1702 3478 quibuscumque.
1727 3422 1925 3464 Volumus
1955 3432 2091 3464 autem
2120 3450 2134 3472 ,
2175 3422 2283 3478 quod
2313 3436 2410 3478 prae-

1361 3481 1530 3522 sentium
1540 3479 1801 3535 transumptis
1812 3509 1826 3532 ,
1838 3481 1960 3522 etiam
1972 3480 2184 3535 impreffis,
2200 3495 2317 3523 manu
2332 3480 2409 3523 ali-

1361 3538 1474 3595 cujus
1493 3540 1652 3581 Notarii
1668 3538 1820 3594 publici
1844 3537 2067 3593 subscriptis
2082 3565 2095 3588 ,
2110 3541 2147 3580 &
2166 3538 2293 3595 sigillo
2313 3554 2406 3594 per-

1359 3593 1456 3641 sonae
1473 3599 1508 3638 in
1526 3597 1723 3652 dignitate
1741 3595 2014 3640 Ecclefiastica
2038 3597 2261 3640 constitutae
2275 3599 2405 3640 muni-

1358 3656 1408 3697 tis
1425 3685 1438 3706 ,
1462 3655 1604 3698 eadem
1622 3654 1779 3711 prorsus
1795 3654 1897 3696 fides
1924 3655 1963 3696 in
1991 3653 2146 3712 judicio
2161 3685 2175 3708 ,
2197 3659 2237 3698 &
2254 3667 2402 3701 extra„

1358 3714 1599 3756 adhibeatur
1611 3745 1625 3765 ,
1646 3729 1733 3769 quae
1749 3713 1836 3770 ipsis
1851 3714 2103 3768 praesentibus
2118 3716 2399 3768 adhiberetur,

1355 3773 1382 3813 si
1398 3771 1531 3831 forent
1546 3773 1733 3816 exhibitae
1747 3801 1761 3827 ,
1789 3773 1856 3817 vel
1871 3767 2052 3833 osteniae.

2187 3835 2340 3876 Datum
