2704 4296
313 272 496 353 xxii.
912 263 1736 356 ISAG‘OGE

441 380 639 447 Prima.
686 383 803 447 Via
847 387 929 446 est
976 386 1400 455 Cancellaria‚
1446 391 1507 446 in
1554 405 1675 470 qua
1724 378 1912 445 Bullae
1959 379 2392 448 Ecolefiarum„

252 468 720 532 Cathedralium
756 513 772 538 ‚
817 471 1183 538 ereflionum
1242 475 1728 557 Collegiatarum
1757 515 1771 538 ‚
1817 468 2230 533 Proviliouum
2289 471 2393 535 be-

251 556 615 620 neficiorum
661 574 786 621 tam
820 579 927 642 per
955 562 1194 625 obitum
1225 607 1241 631 ,
1291 566 1479 645 quam
1527 580 1627 643 per
1674 562 2127 642 relignationem
2175 579 2394 621 vacan-

251 649 409 705 tium
440 685 455 710 ‚
510 646 1041 730 Dispensationum
1097 646 1651 712 Matrimonialium
1700 646 1779 705 de
1831 647 2055 729 Major-i
2088 689 2102 713 ,
2149 643 2247 707 seu
2294 651 2396 709 in.»

250 729 535 813 gradibus
584 731 1023 804 vicinioribus,
1074 735 1588 800 Monasteriorum
1648 751 1770 794 tarn
1809 729 2396 799 'consistorialiun1‚

250 821 438 900 quarn
489 817 742 881 aliorum
770 860 786 885 ‚
833 830 897 885 &
946 822 1238 884 similium
1284 820 1756 906 expediuntur.
1816 817 1936 879 Hae
1985 818 2207 889 Bullae‚
2253 841 2397 881 cum

246 909 553 983 graviores
611 908 889 971 materias
947 914 1290 993 attingant,
1337 913 1514 970 etiarn
1571 904 1859 991 peculiari
1908 926 2049 966 cura
2076 952 2093 976 ‚
2139 911 2202 969 &
2245 911 2399 969 revi-

246 989 411 1052 Iione
456 991 903 1067 conficiuntur;
963 997 1102 1058 inde
1165 997 1241 1057 ad
1288 1016 1384 1055 eas
1433 996 1636 1080 plures
1688 989 2075 1055 Cancellariae
2128 990 2399 1056 Ministri

245 1097 618 1143 concurrunt
646 1126 660 1148 ,
701 1086 792 1142 uti
831 1085 965 1143 sunt
994 1083 1325 1163 Scriptores
1368 1081 1707 1163 Apostolici
1732 1120 1748 1144 ‚
1784 1075 2263 1141 Abbreviatores
2304 1081 2394 1135 mi-

244 1169 384 1224 noris
423 1172 600 1247 gratia
632 1208 647 1230 ,
695 1166 1121 1228 Sollicitatores
1162 1169 1498 1226 Literarurn
1538 1163 2027 1250 Apostolicarum
2059 1207 2074 1231 ,
2119 1187 2192 1226 ex
2225 1164 2393 1227 Con-

244 1246 559 1314 stitutione
590 1254 739 1316 Sixti
777 1254 886 1317 lV.
932 1245 1353 1337 quantumque
1388 1249 1686 1320 obsoleta,
1696 1246 2008 1326 Jannizm
2048 1250 2254 1312 adhuc
2292 1270 2399 1310 vno-

243 1342 510 1407 minati,
570 1357 783 1399 eorum
835 1338 1210 1420 Capellam,
1262 1334 1733 1400 Abbreviatores
1780 1337 1854 1396 de
1901 1337 2086 1395 Pareo
2137 1337 2398 1420 Majmi,

244 1420 479 1508 semper
528 1424 849 1487 Praelatitia
895 1427 1201 1508 dignitate
1258 1423 1517 1507 insigniti
1545 1468 1560 1493 ,
1608 1445 1717 1486 nec
1763 1441 1884 1483 non
1940 1421 2183 1508 Regens
2231 1425 2397 1486 Can-

244 1511 528 1578 cellariae‚
577 1513 863 1596 appositis
908 1514 1118 1575 Literis
1154 1515 1213 1571 L.
1237 1552 1253 1576 ‚
1286 1516 1348 1572 &
1378 1519 1439 1574 C.
1464 1559 1479 1582 ‚
1512 1513 1630 1574 hoc
1673 1510 1755 1575 est
1783 1551 1798 1575 ‚
1820 1512 2032 1590 ficeta,
2061 1514 2123 1571 ὃς
2157 1514 2397 1568 Οοννεέὶα

246 1616 389 1659 cum
438 1598 630 1683 prima
679 1604 944 1661 nominis
983 1599 1126 1661 dicti
1167 1600 1451 1680 Regentis
1483 1642 1500 1669 ,
1546 1596 1834 1663 custodis
1881 1591 2397 1679 supplicationum

246 1683 496 1749 Litera.
551 1682 765 1746 Postea
815 1686 852 1745 ἃ
906 1684 1191 1746 Ministro
1236 1705 1338 1767 per
1388 1684 1695 1749 Praesidem
1746 1680 1991 1746 Plumbi
2049 1683 2351 1767 deputato
2385 1723 2402 1748 ‚

244 1775 614 1833 muniuntur
659 1770 854 1853 figillo
900 1770 1193 1856 plumbeo
1223 1816 1237 1839 ,
1267 1778 1331 1833 &
1380 1770 1768 1852 registrantur
1795 1767 1831 1829 ὃ,
1868 1765 2158 1850 Capserio
2191 1771 2399 1833 Gene-

247 1859 413 1925 rali,
471 1857 643 1942 apud
704 1859 1102 1921 Cardinalem
1155 1856 1882 1923 Vice-Cancellarium‚
1940 1855 2232 1937 adjuncta
2292 1875 2397 1939 pet

246 1963 446 2006 unum
485 1965 558 2004 ex
596 1945 909 2025 magistr-is
950 1942 1207 2027 Regtstri
1237 1986 1250 2010 ‚
1297 1947 1403 2007 vel
1443 1945 1856 2031 Capellanurn
1903 1938 2134 2004 dietum
2189 1939 2395 2005 Litera'i

248 2035 318 2091 R.
352 2030 390 2092 ἃ
421 2049 589 2114 tergo
618 2033 827 2095 'Bullae
855 2080 869 2104 ,
918 2034 982 2094 id
1030 2032 1108 2094 est
1146 2036 1440 2109 Regtstrata
1473 2079 1488 2101 ,
1534 2053 1676 2094 cum
1727 2030 1967 2091 nomine
1997 2073 2012 2097 ‚
2059 2034 2123 2091 &
2166 2050 2393 2111 cogno-

247 2119 419 2179 mine
478 2117 833 2201 registrantis
865 2165 880 2194 ‚
927 2116 1201 2204 factaque
1260 2122 1587 2183 collatione
1632 2112 2105 2200 Expeditoribus
2160 2115 2397 2199 dilpen-

244 2207 446 2269 santur
474 2250 488 2274 ,
537 2209 774 2293 recepta
822 2214 983 2295 prius
1016 2252 1034 2282 ‚
1081 2226 1212 2289 quae
1242 2208 1553 2279 nonnullis
1588 2202 1971 2271 officialibus
2000 2200 2286 2268 debetur,
2319 2199 2396 2265 la-

245 2291 410 2355 boris
457 2299 773 2356 mercede.

416 2379 477 2447 Si
508 2396 710 2444 tamen
746 2378 976 2449 fructus
1012 2379 1452 2450 Beneficiorum
1488 2395 1504 2454 ‚·
1552 2383 1655 2451 vel
1703 2380 2055 2449 Penfionum
2084 2383 2396 2445 Summam

237 2467 639 2533 Ducatorum
688 2492 789 2556 24.
852 2474 1124 2536 Camerae
1187 2476 1532 2541 excedant,
1586 2473 1837 2537 Revisio
1876 2516 1892 2542 ‚
1940 2476 2002 2533 &
2050 2468 2395 2550 Signatum...

234 2553 566 2618 {Bullarusn
613 2558 692 2619 ad
740 2559 1057 2622 Officiales
1107 2563 1497 2621 Annatarum
1542 2565 1804 2640 pertinet
1836 2599 1853 2623 ‚
1897 2560 2166 2637 exceptis
2214 2553 2400 2612 Bene-

235 2637 394 2703 ficiis
442 2642 634 2704 totius
683 2641 1026 2706 Germaniae
1063 2681 1080 2707 ‚
1127 2645 1188 2702 &
1239 2642 1513 2702 Poloniae
1544 2687 1561 2708 ‚
1606 2665 1739 2722 quae
1785 2653 1954 2722 juxta
1999 2637 2416 2701 concordata.->

240 2747 387 2790 cum
434 2730 644 2791 Sancta
691 2729 845 2793 Sede
891 2735 1039 2793 inita
1071 2773 1086 2796 ‚
1137 2748 1520 2813 quaecunque
1553 2725 1856 2789 Beneficia
1893 2770 1907 2792 ‚
1954 2746 2084 2808 quae
2122 2724 2222 2788 vel
2260 2725 2401 2786 Prae-

243 2814 449 2879 laturae
482 2861 498 2886 ‚
542 2821 641 2882 vel
678 2818 1019 2880 Praelaturis
1069 2818 1306 2900 majora
1338 2857 1354 2881 ‚
1403 2836 1526 2876 non
1572 2811 1710 2875 sunt
1743 2855 1759 2879 ‚
1806 2810 1920 2873 sub
1967 2829 2103 2873 taxa
2135 2829 2232 2892 24.
2268 2812 2401 2872 Du-

242 2921 524 2966 catorum
556 2906 827 2968 Camerae
863 2909 1110 2967 tantum
1151 2902 1502 2987 exprimunt
1530 2940 1547 2966 ,
1596 2901 1841 2963 Ducato
1876 2898 1981 2972 tali
2015 2896 2098 2960 ad
2146 2898 2401 2979 septem-

245 2990 447 3052 decim
481 3038 495 3061 ,
542 2996 605 3053 &
651 2993 922 3056 medium
973 2996 1212 3073 Juliurn
1263 3006 1587 3052 numerato
1622 3034 1637 3054 .
1685 2985 1908 3048 etiamsi
1952 2987 2141 3045 annui
2186 2985 2402 3046 talium

244 3073 680 3141 beneficiorum
742 3080 1018 3144 redditus
1052 3125 1070 3151 ,
1115 3077 1216 3141 seu
1250 3075 1487 3143 ‚fructus
1551 3073 1777 3137 dietam
1838 3075 2159 3136 Summam
2218 3067 2399 3153 longe

245 3164 602 3227 excederent
638 3210 653 3225 .
717 3170 899 3253 Sique
943 3170 1020 3231 de
1075 3163 1500 3232 Monasteriis',
1549 3179 1655 3235 aut
1713 3156 2172 3244 Episcopatibus
2216 3160 2277 3218 in
2334 3160 2404 3217 li-

244 3248 363 3313 bris
412 3253 690 3331 Camerae
737 3258 955 3317 taxatis
1003 3269 1265 3337 agatur„
1315 3250 1562 3317 Bullam
1598 3268 1712 3335 pro
1744 3253 1869 3311 sac·
1902 3243 2189 3327 Collegio
2223 3242 2402 3307 etiam

250 3337 335 3396 N.
382 3335 467 3403 N.
511 3345 878 3406 secretarius
923 3338 1242 3406 subscribit
1271 3386 1285 3400 .

417 3427 694 3493 Secunda
726 3429 842 3493 Via
886 3430 970 3493 est
1016 3429 1279 3493 Camera
1311 3471 1327 3496 .
1374 3430 1432 3491 in
1482 3448 1612 3515 qua
1661 3417 2068 3511 expediuntur
2115 3416 2403 3503 Coadju-

257 3508 420 3569 toriae
455 3556 470 3580 2
511 3521 571 3577 &
604 3518 923 3604 aliquoties
960 3513 1303 3582 Erestiones
1350 3517 1830 3597 Collegiatarum
1863 3557 1878 3581 ‚
1921 3516 1983 3573 ὃς
2027 3530 2228 3571 rerum
2277 3526 2400 3590 per-

256 3601 576 3677 petuarum
612 3604 1121 3685 Monasteriorum
1159 3601 1715 3681 Conflstorialium,
1756 3599 1887 3667 seu,
1922 3619 2052 3682 quae
2087 3602 2162 3658 in—
2195 3592 2401 3655 Consi·

258 3679 439 3742 storio
496 3704 917 3772 proponuntur
944 3730 960 3756 ,
1004 3691 1175 3775 juxta
1221 3706 1426 3754 taxam
1475 3694 1540 3751 in
1588 3688 1745 3750 libris
1776 3687 2054 3750 Camerae
2099 3698 2398 3744 notatam.

264 3764 338 3830 ln
381 3769 599 3835 harum
643 3773 948 3843 Bullarum
1012 3777 1407 3863 expedittone
1457 3792 1663 3864 praeter
1708 3776 2042 3860 Scriptores
2090 3765 2403 3854 Apostoli-

2183 3873 2319 3923 coS,
