2704 4296
338 276 489 359 xiv.
928 266 1796 361 ISAGOGE.

265 391 441 467 ficque
483 390 538 443 in
581 390 857 465 Eeclefiam
899 392 1007 448 Dei
1051 393 1270 448 multam
1332 396 1703 449 mendactorum
1758 390 2081 466 confusionem
2134 387 2385 448 inducunt
2414 433 2430 450 .

282 478 524 552 Qt'dam
559 481 690 533 enim
715 499 875 535 annos
911 482 1163 556 incipiunt
1196 496 1485 557 computare
1517 479 1581 535 ab
1609 484 2016 536 Annuntiattone
2050 523 2061 543 ,
2105 479 2199 531 alti
2228 478 2260 531 ai
2306 480 2371 534 N
2375 501 2436 534 a-

279 567 502 619 tivitate
527 603 544 632 ‚
589 567 812 642 quidam
850 563 882 621 οὶ
919 568 1165 639 Paffione.
1349 614 1362 628 .
1407 573 1633 643 Uterque
1660 569 1818 620 etiam
1851 571 2001 620 annis
2033 567 2240 619 Domini
2271 586 2432 619 unum

282 652 594 727 eundemque
637 654 848 713 titulum
892 659 1128 731 apponit,
1173 675 1283 710 cum
1315 656 1440 709 dicit
1472 675 1606 708 anno
1650 652 1712 707 ab
1764 657 2122 708 lncarnatione
2164 667 2307 706 tanto
2348 651 2438 705 vel

278 752 428 794 tanto
458 740 618 818 fad't'a
650 742 782 818 fitnt
827 741 914 796 ella
963 751 1030 809 (ς’
1074 741 1162 797 illa
1193 789 1205 802 .
1252 744 1357 798 Hes
1403 741 1614 818 altisque
1648 738 1903 815 similibus
1945 762 2008 796 ex
2039 741 2195 813 causis
2241 741 2296 792 in
2332 741 2436 793 Ec-

284 826 424 902 clesta
471 829 579 885 Dei
622 845 737 903 orta
783 830 852 902 est
897 850 992 884 non
1041 830 1234 884 modica
1279 829 1494 904 dtffi’nsto
1531 875 1543 888 .
1602 830 1838 887 Metam
1892 828 2141 886 tandem
2200 824 2434 885 senten-

285 915 507 977 tiarum
538 955 554 980 ‚
601 915 660 978 8(
707 913 854 998 styli
910 909 1244 975 diversitati
1307 917 1510 996 poluit
1559 911 1888 992 Gregorius
1938 911 2086 975 XV.
2115 957 2129 980 ‚
2177 908 2256 970 de
2304 931 2432 993 quo

100 1030 269 1087 DPropy:
287 998 742 1085 papebrochius
781 1003 863 1074 (d)
892 999 973 1062 ita
1008 1000 1277 1082 loquitur
1312 1022 1325 1059 ε
1369 998 1539 1055 Nobis
1582 998 1794 1076 ingreffis
1841 1000 2090 1055 Soeculum
2136 1002 2260 1058 XV.
2301 1014 2435 1055 eate-

72 1031 100 1075 (t

69 1078 388 1178 ffiffgffnm
433 1110 575 1145 nemo
619 1091 838 1145 occurrit
867 1127 882 1151 ‚
928 1091 1022 1166 qui
1066 1091 1167 1142 dici
1209 1084 1336 1162 poffit
1379 1088 1432 1138 in
1482 1086 1801 1141 Cancellaria
1852 1087 2071 1164 firmhffi’
2117 1086 2258 1162 usum
2285 1127 2301 1149 ‚
2347 1107 2436 1142 cu-

62 1176 266 1274 §gf-1⁶25}
282 1172 366 1257 jus
403 1177 613 1250 firmati
660 1178 870 1231 initium
916 1177 1182 1250 quarimus
1222 1214 1236 1237 ,
1279 1174 1452 1246 quoad
1496 1192 1690 1226 annum
1720 1174 1863 1228 ultra
1906 1174 2186 1230 Kalendas
2213 1168 2435 1251 Janua·

284 1266 396 1319 rias
441 1262 844 1340 protrahendum
878 1304 892 1327 ‚
937 1261 1087 1316 donec
1142 1260 1415 1314 veniamus
1462 1258 1536 1312 ad
1581 1258 1887 1332 Gregorium
1931 1262 1991 1313 X
1999 1262 2068 1317 V.

456 1351 645 1412 Certa
687 1350 844 1407 circa
885 1345 1006 1407 hoc
1053 1362 1125 1405 ut
1173 1342 1247 1403 ab
1288 1345 1526 1404 incertis
1559 1341 1979 1423 sejungantur,
2026 1362 2100 1403 ex
2135 1343 2433 1407 moderno

278 1433 443 1521 stylo
500 1433 805 1519 palpabile
867 1431 946 1494 est
991 1472 1006 1497 ‚
1071 1428 1242 1515 quod
1300 1451 1494 1494 annus
1542 1426 1980 1490 Incarnationis
2036 1431 2103 1490 in
2153 1429 2347 1492 Bullis
2396 1429 2433 1491 ἓι

186 1555 188 1557 ·
274 1523 374 1585 die
398 1521 852 1586 XXVMai-tii
889 1518 1237 1581 desumatur
1260 1562 1275 1586 ,
1311 1515 1462 1578 dum
1498 1529 1742 1577 econtra
1774 1516 1838 1576 in
1855 1515 2148 1580 Brevibus
2173 1561 2187 1586 ,
2218 1516 2305 1579 uti
2323 1514 2430 1578 suo

271 1611 417 1674 loco
457 1610 727 1675 dicetur,
765 1607 940 1669 aliter
980 1605 1080 1667 ille
1117 1606 1513 1688 supputatur.

452 1694 629 1759 Nota
669 1693 966 1777 peculiari
1004 1692 1145 1753 dein
1182 1691 1433 1774 dignum
1473 1688 1550 1749 est
1574 1733 1588 1757 ,
1628 1690 1798 1773 quod
1834 1712 2027 1753 annus
2066 1691 2433 1753 Incarnatio-

271 1787 372 1849 nis
412 1787 476 1846 in
518 1780 711 1843 Bullis
757 1782 1184 1858 posticipationem
1214 1823 1228 1847 ,
1280 1780 1368 1838 uti
1402 1777 1740 1860 loquuntur
1769 1822 1782 1846 ‚
1829 1774 2084 1847 habeat,
2115 1799 2211 1833 non
2246 1782 2434 1835 antici-

272 1873 534 1952 pationem
564 1914 578 1927 .
637 1867 955 1951 Qamvis
1014 1870 1180 1929 enim
1231 1860 1572 1926 Incarnatio
1620 1861 1856 1924 ¹novem
1902 1863 2196 1926 mensium
2239 1866 2431 1947 spatio

273 1957 628 2044 praecesserit
668 1958 1085 2019 Nativitatem
1125 1951 1357 2017 Christi
1387 1996 1402 2021 ,
1440 1954 1501 2011 in
1542 1946 1731 2010 Bullis
1780 1966 1983 2012 tamen
2024 1971 2145 2012 non
2181 1950 2284 2012 nis1
2317 1969 2432 2012 ter-

170 2088 172 2090 ·
274 2049 371 2108 tio
419 2043 617 2106 mense
650 2043 780 2130 post
821 2042 1233 2107 Nativitatem
1269 2038 1372 2099 die
1404 2034 1687 2102 videlicet
1717 2035 1936 2102 XXV.
1959 2040 2197 2105 Martii,
2233 2056 2430 2099 annus

274 2130 549 2215 ejusdem
580 2131 831 2213 incipit..
860 2130 1000 2193 Nec
1037 2129 1395 2212 exprimitur
1425 2143 1530 2210 per
1560 2143 1847 2186 numeros
1872 2123 2170 2188 Arabicos
2198 2145 2304 2186 1.2.
2317 2143 2347 2204 3
2370 2142 2432 2208 4.

276 2234 383 2281 aut
420 2219 745 2282 Romanos
790 2216 832 2278 Ι,
869 2218 936 2300 ΙΙ.
986 2216 1099 2277 ΙΙΙ.
1145 2215 1253 2280 1V.
1289 2211 1389 2275 sed
1429 2231 1535 2294 per
1569 2211 1883 2274 extensum
1907 2257 1921 2283 ,
1954 2215 2121 2295 juxta
2149 2214 2432 2295 regulam

275 2305 674 2370 cancellariae
717 2308 782 2362 de
826 2302 1155 2362 Didionibus
1207 2297 1562 2359 numeralibus
1609 2298 1910 2361 scribitur.
2431 2342 2435 2345 -

447 2392 650 2479 Qod
698 2392 774 2453 de
825 2388 1254 2475 Autographis
1305 2385 1608 2449 modernis
1654 2386 1909 2469 intelligi
1955 2407 2177 2449 moneo
2207 2431 2223 2457 ,
2280 2407 2432 2452 cum

270 2483 338 2544 in
387 2481 819 2563 Transumptis
850 2526 864 2548 ‚
909 2485 973 2542 ὃ(
1019 2495 1304 2540 numeros
1360 2471 1658 2535 Arabicos
1693 2518 1707 2542 ,
1755 2480 1819 2537 &
1863 2477 2181 2537 Romanos
2226 2477 2430 2539 multi-

271 2569 488 2632 fariam
551 2566 972 2630 offenderim:
1029 2563 1151 2624 ime>
1215 2561 1361 2622 olim
1423 2580 1712 2621 numeros
1776 2560 2089 2624 Romanos
2137 2561 2198 2621 in
2244 2561 2432 2623 Bullis

276 2648 596 2718 adhibitos
640 2646 813 2711 fui'ffe
847 2692 861 2716 ,
913 2647 1271 2731 Diplomata
1315 2646 1487 2728 apud
1540 2644 1987 2708 Mabillonium
2032 2646 2168 2708 AEri
2211 2647 2431 2710 incisa„

273 2750 484 2828 aperte
531 2731 989 2799 demonstrant}
1442 2781 1445 2784 ⁴
2363 2779 2366 2781 <

484 2825 725 2892 Eodem
776 2822 976 2884 modo
1003 2862 1018 2887 ‚
1062 2822 1128 2882 &
1171 2817 1290 2881 fine
1336 2816 1600 2880 numeris
1649 2814 1775 2878 dies
1826 2814 1994 2877 Datae
2022 2861 2035 2886 ‚
2083 2839 2157 2882 ex
2200 2818 2431 2883 Kalen..

276 2915 370 2982 dis
400 2962 416 2988 ,
468 2912 715 2981 Nonis,
755 2910 859 2974 vel
893 2908 1112 2971 Idibus
1146 2908 1453 2970 numerati
1485 2948 1502 2976 ‚
1547 2907 1608 2964 in
1641 2902 1833 2966 Bullis
1876 2900 2220 2968 scribuntur
2248 2947 2263 2971 ,
2310 2912 2391 2969 ita
2417 2949 2433 2974 ‚

276 3020 349 3069 ut
395 3018 525 3066 tota
582 3000 752 3061 Datae
800 2994 1230 3079 Chronologia
1275 3015 1325 3055 e.
1353 3014 1403 3074 g.
1435 2992 1970 3074 itaexprimatur:
2011 2995 2220 3051 Datum
2270 2998 2429 3051 Roma

276 3096 422 3172 apud
464 3093 499 3145 S
504 3096 712 3145 anffam
759 3087 1001 3144 Mariam
1040 3085 1317 3165 Majorem
1363 3101 1496 3140 anno
1546 3079 1928 3138 Incarnationis
1974 3081 2251 3140 Dominicae
2301 3083 2430 3140 Mil.

275 3183 444 3262 lessmo
473 3174 895 3260 septingentcstmo
938 3171 1349 3254 quadragesimo,

593 3373 2140 3511 marazana§affirma-fflaamffiffiassssaaaa

597 3523 665 3574 οκ
760 3519 1980 3579 **************
2071 3518 2139 3564 aa·

598 3571 2143 3677 ἳὲἕῖἕῖῑὲἳῧὸῖέἕῖἕΐῖἓῖῑέἒῑὲὶὲἵῖῑέἵῖἐὲἳὶᾞῖῗῗ
2182 3612 2186 3616 “

2195 3865 2234 3931 S
2277 3861 2351 3927 E-
