2658 4244
934 173 1107 266 Sub
1165 183 1547 269 Clemente
1604 183 1704 271 X.

274 283 427 361 fisq'ue
452 297 779 365 quibuscunque
797 294 958 346 Literis
979 331 994 353 ,
1019 296 1069 348 ὅ(
1089 301 1281 348 statutis

285 364 333 410 in
348 373 624 420 contrarium
640 365 975 417 decernentibus
994 401 1011 425 ,
1047 366 1249 420 declarat
1265 405 1277 419 .

390 509 775 560 CLEMENS
821 508 1023 558 PAPA
1075 509 1137 558 X.

433 638 504 682 Ad
512 644 745 692 perpetuam
767 638 828 680 ret·
854 637 1076 680 memoriam
1088 663 1101 676 .

294 768 298 773 '
333 760 559 809 Ollicitudo
581 760 794 809 Pastoralis
819 765 952 810 Officii
974 795 988 818 ‚
1014 781 1095 823 quo
1122 766 1282 809 Catho-

346 827 430 869 licae
445 821 630 867 Ecclefiae
648 824 855 880 Regimini
870 827 1004 869 dIvina
1024 824 1282 880 dispositione

246 880 496 946 praeside'nrus
510 912 525 934 ,
551 884 639 925 Nos
667 883 863 928 admonet
878 913 892 936 ‚
924 895 970 929 ut
994 885 1142 928 Christi
1159 885 1281 928 Fide-

245 947 344 990 lium
361 942 510 995 divinis
536 941 731 998 obsequiis
747 942 816 987 sub
831 945 941 988 suavi
958 944 1188 1001 Religionis
1215 944 1277 1000 ju-

243 1019 298 1061 go
325 1000 675 1056 mancipatorutn'⁹
703 1001 928 1058 uberesque
959 1004 1156 1048 bonorum
1179 1018 1279 1060 ope-

243 1077 338 1106 rum·
348 1059 509 1109 frustm,
524 1058 722 1115 aspirante
738 1059 900 1118 superni
913 1059 1060 1107 favoris
1075 1060 1174 1107 aur&
1188 1077 1280 1118 pro-

243 1120 351 1164 ferre
365 1118 516 1175 jugiter
540 1118 834 1174 satagentium,
855 1121 1013 1176 quieti,
1036 1124 1073 1165 &
1097 1122 1280 1178 Religio-

244 1179 291 1222 sae
312 1175 596 1233 tranquillitati
613 1177 827 1222 consulere
844 1179 1049 1225 studentes
1066 1210 1081 1231 ,
1106 1195 1152 1223 ea
1165 1210 1180 1232 ‚
1198 1197 1281 1238 quae

244 1237 378 1281 litium
390 1233 712 1279 dirimendarum
728 1266 742 1289 ‚
769 1239 1029 1294 amabilisque
1053 1241 1280 1284 concordiae

243 1293 490 1338 stabiliendae
510 1291 638 1335 studio
665 1296 773 1339 inter
787 1309 859 1338 eos
882 1296 1052 1351 provide
1074 1307 1276 1342 conventa

240 1352 323 1396 'effe
345 1351 596 1403 noscuntur,
621 1364 704 1406 quo
733 1351 884 1395 firmius
912 1364 1173 1410 perennent,
1198 1370 1275 1398 nec

241 1408 432 1453 recidivis
453 1409 782 1452 contentionibus
803 1425 983 1468 unquam
1009 1414 1156 1467 agitari
1184 1411 1274 1467 pos-

239 1469 343 1519 sint,
367 1466 586 1522 Apostolici
611 1468 840 1511 muniminis
868 1472 1098 1525 patrocinio
1124 1472 1278 1513 consta-

236 1525 445 1568 biliamus.
475 1525 632 1579 Exponi
659 1524 851 1581 liquidem
867 1527 995 1572 Nobis
1017 1543 1144 1583 nuper
1163 1528 1278 1573 fece—

236 1593 334 1627 runt
346 1582 490 1626 Dileffi
508 1582 599 1625 Filii
615 1584 897 1628 Bonaventura
913 1586 934 1628 ὰ
947 1589 1154 1630 Recineto
1181 1591 1280 1630 Pro·

236 1650 405 1686 curator
422 1640 638 1683 Generalis
661 1642 828 1686 Ordinis
854 1646 930 1686 FF.
948 1645 1150 1687 Minorum
1176 1649 1279 1688 San-

238 1702 290 1742 eti
308 1695 503 1741 Francisci
535 1699 837 1752 Capucinorum
859 1713 1214 1758 nuncupatorum,
1239 1705 1278 1744 &

235 1761 320 1802 ff·-
340 1755 471 1799 Tertii
488 1754 655 1797 Ordinis
677 1756 859 1813 ejusdem
886 1763 925 1802 S.
943 1759 1143 1805 Francisci
1167 1764 1280 1803 Con-

240 1815 487 1872 gregationis
501 1812 742 1857 Gallicanae:
759 1816 992 1872 Qod,cun1
1004 1818 1159 1862 dudum
1169 1821 1278 1862 inter

241 1877 322 1917 FF.
339 1875 518 1918 Minores
534 1875 767 1925 Capucinos
782 1887 833 1915 ex
847 1889 922 1917 una
939 1905 954 1927 ,
983 1880 1022 1918 &
1049 1880 1126 1920 FF.
1145 1878 1275 1920 Tertii

239 1931 407 1974 Ordinis
434 1931 770 1983 congregationis
798 1932 1016 1977 Gallicanae
1048 1934 1275 1991 hujusmodi

237 2004 292 2032 ex
305 1987 431 2030 altera
447 1986 656 2041 partibuS‚
688 1993 960 2035 controverfia
989 1992 1274 2047 superlore...-

234 2044 475 2093 couferendi
496 2044 696 2086 Habitum
717 2047 848 2090 Tertii
872 2051 1034 2093 Ordinis
1055 2054 1093 2094 S.
1112 2054 1274 2096 Franci-

237 2107 292 2150 sci
311 2102 492 2148 Personis
506 2102 772 2149 Saecularibus
791 2109 1001 2165 utriusque
1031 2110 1139 2154 sexus
1157 2122 1273 2154 extra

235 2164 608 2218 congregationem
624 2163 867 2221 degentibus
882 2197 894 2218 ‚
910 2170 946 2209 &
962 2169 1275 2214 Ordinatiorum

235 2219 686 2282 Jurisdistionisubditis
701 2251 715 2273 ³
742 2236 883 2269 exorta
901 2226 1030 2270 fuiffet
1046 2258 1059 2280 ,
1083 2230 1274 2285 variaque

239 2285 413 2325 Decreta
427 2282 449 2323 zi
464 2282 860 2335 Congregationibus
885 2287 924 2328 S.
943 2288 993 2328 R.
1010 2289 1056 2330 E.
1075 2288 1276 2332 Can-dina-

237 2340 338 2382 lium
353 2370 369 2396 ‚
392 2353 440 2382 ac
459 2339 583 2380 etiam
611 2340 758 2383 Literae
772 2343 1010 2399 Apostolicae
1029 2347 1077 2388 ad
1097 2348 1274 2391 Partium

238 2399 491 2456 praefatarum
518 2393 700 2440 favorem
727 2398 901 2457 desuper
929 2405 1150 2458 respective
1166 2419 1277 2446 ema-

238 2455 393 2499 nissent
419 2483 436 2506 ‚
473 2468 549 2497 nec
579 2465 714 2499 tamen
748 2465 1021 2504 controversia
1047 2460 1274 2518 hujusmodi

240 2514 372 2555 adhuc
393 2509 683 2565 conquievisset
700 2527 715 2564 3
733 2517 890 2560 Eaedem
910 2523 1052 2562 Partes
1068 2547 1082 2569 ‚
1113 2522 1274 2561 Prarer-

238 2586 297 2616 nae
316 2569 525 2613 charitatis
554 2568 665 2611 inter
695 2572 868 2616 Ordines
898 2574 1081 2631 praesatos
1112 2577 1274 2620 conser-

239 2629 376 2672 vandae
388 2626 519 2669 studio
533 2656 545 2678 ‚
571 2627 860 2675 accedentibus
872 2637 998 2678 'etiam
1016 2635 1275 2678 exhortatio-

238 2688 355 2732 nibus
385 2686 636 2728 Dilestorum
664 2687 859 2732 Filiorum
888 2693 1110 2736 nostrorum
1134 2694 1273 2750 Jacobi

237 2742 475 2801 Rospigliofi
503 2770 518 2793 ,
547 2743 587 2782 &
613 2743 780 2787 Caesaris
810 2752 996 2794 Destrees
1024 2762 1274 2806 nuncupato-

237 2819 325 2847 rum
339 2833 354 2854 ,
374 2801 554 2857 ejusdem
569 2803 612 2842 S.
629 2803 684 2844 R.
700 2805 746 2846 E.
767 2807 1111 2865 Presbyterorum
1126 2810 1273 2853 Cardi-

235 2862 387 2904 nalium
408 2873 423 2911 3
454 2873 500 2901 ac
520 2860 802 2906 intercessione
826 2870 970 2913 Dileffi
994 2870 1084 2913 Filii
1113 2869 1272 2912 Nobilis

236 2921 328 2962 Viri
358 2917 544 2961 Moderni
568 2919 697 2960 Ducis
715 2923 898 2969 Destrees
916 2955 930 2976 ,
945 2942 1016 2980 pro
1039 2927 1272 2973 Chariffimo

235 2980 279 3021 in
301 2976 466 3021 Christo
497 2976 602 3017 Filio
629 2978 759 3022 nostro
786 2984 997 3028 Ludovico
1025 2988 1268 3028 Francorum

234 3039 356 3092 Rege
381 3033 709 3077 Christianisiimo
743 3041 848 3094 apud
878 3047 991 3095 Nos,
1016 3046 1055 3085 &
1084 3044 1270 3088 sedem„

234 3093 503 3151 Apostolicam
529 3094 713 3137 Oratoris
736 3127 751 3149 ,
784 3099 832 3141 ad
861 3102 1120 3144 concordiam
1151 3102 1268 3158 super

234 3152 429 3210 praemiffis
459 3151 482 3208 ζ
507 3153 716 3197 reservato
741 3167 876 3200 tamen
902 3161 1073 3214 desuper
1090 3161 1235 3203 Nostro
1251 3192 1266 3215 ,

232 3215 272 3254 δι
297 3212 406 3254 dietae
432 3210 547 3254 Sedis
577 3211 870 3269 beneplacito)
901 3220 1159 3261 devenerunt
1180 3248 1194 3271 ‚
1221 3230 1267 3263 ut

223 3271 377 3329 fiilia-ct
390 3279 473 3310 tam
489 3267 674 3326 praefatt's
689 3274 771 3316 FF.
787 3277 1008 3320 Minoribus
1033 3281 1236 3332 Copuct‘m's
1249 3307 1263 3330 ‚

235 3330 350 3384 qua‘m
366 3328 476 3370 diins
491 3330 526 3373 F
531 3331 575 3370 F.
598 3331 722 3374 Tertii
738 3332 894 3375 Ordinis
909 3335 1023 3377 dma-
1044 3340 1263 3391 Congrega-

235 3390 347 3431 teonis
365 3387 580 3428 Gallicana:
592 3387 706 3430 liceat
737 3390 928 3435 Habitum
938 3391 1158 3448 praefatum
1175 3397 1263 3436 Per-

223 3447 335 3506 sbm‘s
341 3443 596 3501 secularibus
613 3449 817 3503 utriospue
826 3450 948 3504 fixas
961 3445 1086 3506 juieta
1110 3452 1263 3508 ustum

236 3502 430 3559 apudsc'tos
443 3502 644 3558 respa-&ive
657 3516 849 3562 receptum
860 3509 1034 3562 conferre
1050 3538 1064 3559 a
1079 3512 1118 3551 &
1136 3511 1232 3554 alias
1248 3539 1262 3562 ‚

237 3571 359 3619 prout
374 3560 525 3613 plenius
553 3564 787 3610 continetur
812 3568 850 3608 in
879 3568 1071 3622 scriptura
1091 3567 1263 3625 desuper

237 3617 447 3669 confecta,
471 3620 657 3685 tenoris,
681 3624 748 3678 qui
768 3626 946 3682 sequitur
971 3627 1193 3673 videlicet.

295 3681 340 3719 In
359 3681 531 3719 Nomine
551 3681 737 3722 Domini.
827 3685 829 3687 ’

235 3736 690 3783 CoramEmin.Card.&
702 3739 804 3785 infra
821 3743 1258 3797 nominatis,Ann0Do.

1344 299 1438 339 mini
1455 312 1611 342 moctx
1622 313 1697 340 xv.
1714 297 1782 338 die
1798 301 1970 343 xri-Feb.
1985 301 2209 348 confestum
2225 307 2281 349 est
2296 309 2385 349 Ro-‘

1336 370 1410 399 -mae
1422 354 1590 410 praesens
1611 356 1922 397 instrumentum
1940 388 1954 408 ,
1969 361 2007 400 &
2021 362 2068 402 ab
2085 374 2255 421 utraque
2265 375 2382 422 parte

1341 424 1600 468 acceptatum
1620 415 1655 454 in
1672 413 1853 468 sequenti
1874 415 1999 458 forma
2014 447 2024 456 .

1342 496 1346 505 x
1397 471 1503 516 Cum
1518 471 1595 527 jam
1609 473 1677 513 diu
1691 473 1833 514 Patres
1847 476 2072 528 Capucinos
2090 480 2213 533 inter,
2227 484 2266 523 &
2284 484 2383 524 Ter.

1338 533 1484 576 tiarios
1511 531 1740 586 Regulares
1769 531 1921 586 questio
1935 545 2026 575 nata
2041 537 2083 574 fit
2101 538 2151 577 de
2170 569 2183 588 ‚
2213 543 2249 581 &
2265 539 2383 595 supet

1336 593 1430 651 jure
1447 586 1682 633 conferendi
1700 591 1890 633 Habitum
1911 591 2040 633 Tertii
2055 596 2154 635 Ord.
2168 601 2206 638 S.
2221 599 2384 640 Franci-

1334 652 1389 695 sci
1408 649 1594 692 Personis
1613 648 1876 692 Saecularibus
1903 650 2106 705 uniusque
2128 653 2239 698 iexfis
2267 667 2383 699 extra

1332 708 1708 763 Congregationem
1726 707 1970 764 degentibus
1986 737 1999 759 ,
2022 711 2062 750 &
2076 713 2383 756 Ordinariorum

1338 766 1610 827 jurisdictioni
1625 765 1791 811 subditis
1806 797 1823 818 ,
1843 780 1972 822 eaque
1990 774 2260 814 controversia
2277 772 2384 814 mul—

1340 829 1391 871 tis
1417 825 1766 868 intercedentibus
1792 826 2202 870 Eminentiffimorum
2234 830 2382 872 Cardi-

1341 886 1493 929 nalium
1520 896 1607 927 tum
1623 889 1662 928 S·
1678 886 1855 928 Concilii
1871 887 2233 939 interpretationi,
2263 898 2385 929 tum

1336 944 1631 1001 ‘Episcoporum
1646 974 1661 995 ‚
1693 946 1733 985 &
1762 942 2027 1000 Regularium
2053 944 2382 987 Consultationi-

1337 1005 1414 1046 bus
1429 1005 1728 1058 praepositorum
1744 1003 1935 1046 Decretis
1952 1029 1965 1051 ,
1980 1015 2026 1044 ac
2042 1001 2383 1045 Sanctiffimorum

1338 1060 1584 1104 Pontificum
1598 1062 1795 1105 Brevibus
1807 1091 1822 1113 ‚
1840 1060 2022 1106 nondum
2035 1063 2197 1116 penitus
2213 1075 2381 1116 compo-

1342 1121 1415 1164 fita
1441 1120 1487 1162 sit
1507 1134 1520 1163 :
1551 1135 1602 1163 ne
1629 1119 1887 1163 diuturniore
1914 1121 2181 1163 contentione
2210 1134 2284 1175 pax
2298 1148 2312 1171 ‚
2343 1121 2383 1160 &

1337 1179 1519 1223 charitas
1538 1180 1649 1222 inter
1662 1179 1789 1222 dictos
1805 1179 1980 1221 Ordines
1996 1177 2228 1221 labefactari
2245 1188 2384 1233 queat,

1336 1235 1547 1293 utriusque
1563 1238 1730 1280 Ordinis
1755 1237 2096 1281 Procuratoribus
2117 1238 2280 1292 pietatis
2297 1265 2311 1287 ‚
2341 1238 2382 1278 &

1335 1295 1567 1338 concordiae
1592 1296 1720 1338 studio
1737 1324 1751 1346 ‚
1777 1295 2003 1338 accedente
2035 1298 2287 1345 authoritate
2305 1325 2319 1346 ,
2344 1297 2384 1335 δι

1332 1355 1686 1398 exhortationibus
1729 1353 2145 1397 Eminentiffimorum
2178 1355 2380 1396 Cardina-

1333 1413 1436 1453 :lium
1453 1412 1694 1465 Rospigliofi
1710 1439 1724 1460 ,
1753 1412 1794 1451 &
1810 1411 1999 1454 Destrees
2014 1440 2028 1464 ‚
2047 1425 2204 1454 necnon
2232 1411 2383 1453 Excel-

1339 1468 1541 1513 lentiffimi
1569 1470 1693 1511 Ducis
1716 1468 1910 1511 Destrees
1937 1469 1985 1512 ad
2010 1471 2049 1510 S.
2069 1468 2216 1511 Sedem
2233 1471 2383 1510 Extra-

1339 1523 1534 1571 ordina'rii
1558 1528 1682 1583 Regis
1697 1526 2012 1569 Christianiffimi
2027 1526 2214 1569 Oratoris
2233 1557 2248 1577 ,
2263 1541 2352 1570 eam
2367 1555 2381 1578 ,

1323 1583 1501 1631 'exortas
1515 1585 1586 1629 illa
1601 1585 1654 1628 de
1671 1598 1715 1629 re
1731 1584 1823 1628 lites
1837 1585 2108 1640 componendi
2126 1611 2140 1635 2
2168 1589 2205 1628 δι
2223 1583 2378 1628 futuras

1335 1646 1378 1689 in
1396 1643 1599 1699 posterum
1617 1643 1853 1698 amputandi
1871 1671 1886 1693 ,
1916 1644 2115 1698 optimam
2142 1648 2383 1686 rationem-2

1339 1705 1443 1746 inire
1459 1702 1610 1757 placuit
1628 1729 1642 1752 ,
1659 1710 1705 1743 ut
1704 1699 1863 1756 stilicet
1875 1710 1962 1742 tum
1978 1703 2048 1742 PP.
2066 1703 2280 1754 capucini,
2295 1710 2380 1742 tum

1343 1763 1537 1805 Ternarii
1549 1759 1809 1816 faecularibus
1833 1758 2164 1816 utricstzucfixds
2191 1758 2382 1801 Habttum

1338 1817 1475 1861 Sanffli
1502 1819 1709 1873 Franclsct'
1738 1814 1944 1873 conferant
1973 1819 2134 1871 utrique
2157 1844 2171 1867 ‚
2209 1818 2374 1876 juxta-,2

1335 1877 1446 1933 uliam
1463 1876 1666 1932 opudfizos
1686 1884 1879 1928 receptum
1895 1902 1909 1924 ‚
1927 1875 1975 1923 ἐς
1990 1877 2100 1929 ‘Jura
2111 1904 2127 1924 ,
2146 1873 2286 1928 quibus
2307 1876 2381 1916 ha·-

1335 1937 1464 1978 &enus
1480 1934 1654 1989 gaudere
1679 1931 1983 1988 consta-verunt,
2011 1932 2146 1981 salva,
2179 1935 2219 1973 &
2245 1932 2378 1976 reser-

1334 2005 1429 2036 vata
1454 1991 1567 2047 super
1583 1989 1779 2044 praemiffis
1809 1992 1851 2031 S.
1870 1989 1986 2031 Sedis
2014 1990 2252 2043 Apostolicae
2282 2006 2379 2032 con-

1334 2053 1561 2097 firmatione
1580 2078 1595 2100 2
1621 2063 1695 2104 pro
1719 2063 1797 2103 qua
1813 2048 1933 2091 enixe
1957 2047 2230 2104 supplicatur,
2260 2050 2378 2106 super

1335 2113 1394 2156 his
1409 2109 1568 2153 filentio
1587 2105 1772 2165 imposito
1784 2135 1796 2148 .

1453 2230 1502 2272 F.
1521 2225 1725 2269 Amadaeus
1752 2221 1966 2281 Bajocenst's
1990 2225 2205 2278 Capacinus
2235 2227 2377 2267 Procu-

1509 2293 1623 2326 rator
1643 2312 1655 2324 .

1450 2347 1500 2388 F.
1531 2342 1839 2385 Bartholomaeus
1880 2339 2092 2396 Veronensis
2137 2342 2370 2382 Procurator

1511 2403 1724 2444 Provinciae
1740 2404 1778 2440 S.
1794 2399 1839 2440 Y
1830 2401 1935 2438 vonis
1960 2400 2086 2439 Tertii
2104 2400 2263 2440 Ordmis
2278 2425 2290 2438 .

1456 2458 1587 2513 Caesbr
1605 2457 1830 2499 Cardinalis
1845 2453 2022 2507 Destrfes
2036 2483 2048 2494 .

1450 2514 1622 2569 §Jacobus
1643 2513 1865 2556 cardinalis
1884 2509 2143 2570 Rospzgliofus
2157 2543 2170 2556 .

1393 2635 1536 2690 Qare
1563 2640 1816 2686 exponentes
1836 2625 1989 2680 praefati
2005 2628 2132 2671 Nobis
2160 2627 2372 2672 humiliter

1336 2689 1550 2747 supplicari
1566 2689 1778 2737 fecerunt,
1794 2695 1839 2728 ut
1859 2684 1927 2727 fibi
1942 2686 1980 2727 in
1998 2686 2198 2739 praemiffis
2218 2701 2372 2741 oppor-

1332 2751 1430 2792 tune
1446 2747 1661 2806 providere
1674 2775 1687 2797 ‚
1702 2747 1743 2787 δε
1755 2773 1769 2797 ‚
1783 2754 1829 2787 ut
1841 2740 1945 2784 infra
1961 2772 1974 2795 ,
1999 2743 2212 2803 indulgere
2227 2745 2279 2787 de
2296 2748 2372 2787 Be-

1333 2809 1531 2862 nignitate
1555 2804 1788 2862 Apostolica
1802 2803 2095 2857 dignaremur3
2129 2807 2214 2845 Nos
2239 2805 2366 2861 igitur

1328 2866 1432 2922 ipsos
1458 2869 1718 2920 Exponentes
1747 2861 1984 2917 specialibus
2000 2863 2164 2916 gratiis,
2194 2863 2232 2902 &
2253 2862 2366 2906 savo-

1332 2927 1440 2968 ribus
1467 2922 1654 2980 prosequi
1676 2920 1886 2970 volentes,
1917 2921 1956 2961 &
1982 2934 2123 2963 eorum
2151 2919 2367 2975 singulares

1331 2983 1518 3040 personas
1542 2981 1563 3024 a
1587 2979 1787 3036 quibusvis
1813 2980 2242 3023 excommunicationis
2262 3008 2275 3030 ‚
2302 2979 2368 3022 su-

1330 3041 1568 3097 spenfionis‚
1592 3041 1630 3083 8<
1653 3037 1890 3089 interdicti,
1919 3036 2086 3094 aliisque
2114 3038 2365 3081 Ecclefiasti-

1328 3103 1386 3145 cis
1417 3099 1655 3150 sententiis,
1681 3095 1886 3147 censuris,
1916 3097 1953 3138 ὅ(
1985 3098 2114 3152 poenis
2142 3124 2156 3146 ‚
2176 3096 2205 3139 *a
2238 3095 2365 3151 jure,

1329 3160 1395 3203 vel
1409 3160 1458 3203 ab
1471 3158 1633 3204 homine
1645 3156 1784 3212 'quavis
1796 3154 2019 3206 occasione,
2034 3155 2099 3196 vel
2114 3154 2228 3196 causa
2243 3154 2334 3196 latis
2347 3183 2362 3206 ‚

1325 3219 1350 3260 fi
1367 3219 1511 3274 quibus
1539 3214 1847 3274 quomodolibet
1871 3212 2070 3256 innodatae
2084 3212 2253 3253 existunt
2269 3241 2283 3264 ,
2308 3214 2360 3255 ad

1322 3276 1505 3319 effectum
1521 3273 1772 3331 praesentium
1786 3273 1980 3314 duntaxat
1995 3270 2324 3325 consequendum
2342 3302 2357 3323 ,

1322 3337 1459 3378 harum
1483 3333 1583 3378 serie
1608 3330 1864 3375 absolventes
1881 3356 1896 3379 ‚
1924 3329 1964 3368 &
1989 3328 2190 3371 absolutas
2217 3327 2360 3374 form,

1323 3394 1527 3437 censentes
1543 3422 1556 3445 ,
1580 3406 1625 3434 ac
1646 3387 1966 3443 supradictorum
1991 3388 2264 3431 Decretorum
2280 3415 2293 3437 ‚
2319 3390 2359 3430 δι

1324 3452 1552 3496 Literarum
1570 3446 1892 3504 Apostolicarum
1908 3455 2072 3487 tenores
2089 3473 2101 3494 ,
2113 3445 2241 3490 &alia
2257 3460 2359 3504 quae..

1321 3524 1495 3566 cunque,
1509 3509 1633 3553 etiam
1648 3503 1872 3561 specificam
1886 3533 1904 3553 ,,
1927 3505 1966 3545 &
1983 3503 2357 3549 individuammen-

1322 3571 1474 3623 tionem
1492 3596 1504 3619 ‚
1530 3570 1570 3609 &
1583 3562 1871 3622 expreffionem
1886 3562 2134 3618 requirentia
2148 3592 2162 3613 ‚
2187 3562 2358 3618 praesen·
2420 3576 2423 3578 ·

1320 3628 1429 3671 tibus
1445 3641 1517 3683 pro
1531 3623 1651 3681 plene
1667 3650 1681 3672 ‚
1693 3623 1733 3663 &
1748 3620 1989 3664 sufficienter
2001 3621 2189 3675 expreffis
2206 3622 2356 3667 haben-

1319 3697 1380 3733 tes
1396 3715 1409 3737 ‚
1424 3683 1647 3742 hujusmodi
1662 3676 2020 3736 supplicationibus
2037 3679 2242 3730 inclinati,
2259 3695 2357 3724 con-

1318 3743 1500 3791 cordiam
1512 3746 1619 3786 inter
1632 3742 1773 3783 Partes
1786 3738 1989 3796 praedicias
2005 3737 2172 3837 initamf‚
2199 3740 2240 3780 ut
2257 3753 2356 3794 prae-

2155 3807 2266 3841 estur
2280 3826 2296 3853 ²
