2658 4244
908 221 1069 310 *Sub
1130 218 1514 309 Clemente
1572 219 1715 304 XI.

319 343 399 386 Sub
412 344 472 385 die
484 355 523 400 9.
544 343 763 386 Decembris
779 352 952 385 MDCCX1
967 353 978 379 ι
996 350 1029 379 ι.
1044 336 1133 377 huie
1140 336 1299 394 fhppli-

259 405 296 443 ci
308 404 438 445 libello
450 404 478 445 d
504 407 626 445 Sacra
654 407 788 447 Ritum
808 398 1111 455 congregatione
1120 404 1198 452 pro
1205 398 1299 451 pri-

257 470 324 504 ma
344 468 424 506 vice
442 459 778 526 responsamsuit.

575 585 727 633 Detur
763 585 936 636 Ponens
956 613 968 627 .

324 701 471 744 Eleii'as
495 697 585 744 inde
584 695 680 756 fuit
698 702 742 741 in
757 703 956 742 Ponentem
969 694 1084 753 hujus
1089 693 1294 751 petitionis

261 758 638 817 Eminentffmas,ac
652 753 1214 814 ReverendfflmusCara'inalis
1220 757 1294 795 Ca-

245 819 357 875 sinas
372 845 385 868 ,
409 822 470 859 cui
494 815 1001 875 const'gnatnsfhitsapplex
1027 814 1089 855 hic
1109 811 1265 856 libellus
1278 840 1293 863 ‚

256 881 468 921 Decretum
495 874 724 931 Definitorii
746 876 951 921 Generalis
966 903 982 926 ‚
1007 873 1055 921 ὅ
1070 871 1292 926 quadam*-

257 936 337 976 alia
349 935 588 987 documenta,
596 934 815 991 probantia
831 963 845 986 ‚
858 935 1091 990 quodetiam
1111 933 1198 973 RR.
1217 932 1289 973 PP-

259 993 505 1050 Obsirvantes
529 993 644 1051 hujus
661 998 802 1050 petita
822 992 974 1048 gratia
1000 1002 1157 1031 munere
1182 992 1290 1043 poti-

252 1061 394 1096 rentur
419 1079 431 1094 .
476 1056 658 1098 Fuerunt
694 1056 814 1095 etiam
842 1051 957 1111 hujus
981 1048 1290 1107 supplicationis

252 1112 490 1165 exemplaria
516 1110 727 1168 distributa
759 1112 850 1152 aliis
880 1113 982 1152 DD.
1013 1105 1289 1151 Cardinalibus

253 1175 323 1225 qai
335 1168 520 1212 debebant
526 1169 718 1228 praestare
737 1179 867 1211 vatum
882 1173 924 1210 in
954 1172 1287 1222 congregatione3

255 1241 342 1281 quae
361 1229 454 1285 fait
489 1232 634 1274 iterum
659 1230 856 1275 celebrata
867 1225 950 1284 βψ
980 1227 1043 1268 die
1068 1240 1108 1267 x,
1137 1227 1288 1267 Martii

260 1301 416 1328 Moccx
426 1300 437 1328 ι
448 1301 488 1328 v.
520 1300 565 1329 ac
581 1287 778 1347 resti-ipsit
782 1295 867 1342 pro
868 1289 1034 1344 gratia,
1050 1285 1104 1335 &¹
1116 1283 1289 1330 reddidit

252 1344 425 1401 pra-sins
439 1348 654 1392 Decretum
665 1375 678 1391 .

506 1463 682 1515 Ordinis
714 1464 1009 1533 Capacinorum
1023 1498 1039 1511 .

368 1580 536 1623 Xhibitt'i
558 1585 687 1624 Sacrae
703 1580 876 1625 Rituum
888 1577 1207 1634 Congregationi
1225 1591 1299 1633 per

381 1639 562 1682 Fratrem
588 1644 786 1697 Joannem
802 1639 1027 1683 Antonium
1041 1636 1063 1677 ἐι
1088 1636 1294 1678 Florentia

250 1699 572 1740 Procuratorem
594 1697 844 1745 Generalem
863 1695 968 1737 Ord.
993 1697 1184 1737 Fratrum
1212 1694 1296 1735 Mi-

251 1768 400 1804 norum
430 1755 685 1798 S-francisci
714 1755 1017 1809 Capucinorum
1033 1781 1049 1803 2
1080 1750 1296 1795 Nomine,-

251 1812 376 1854 etiam
394 1811 677 1857 Deffinitorum
690 1812 959 1856 Gener-alium
978 1811 1103 1854 totius
1124 1809 1294 1851 Ordinis

253 1871 430 1927 praedisti
460 1872 675 1915 Eleffione
700 1873 738 1914 in
778 1881 985 1924 patronam
1015 1867 1287 1923 Principalem

254 1932 298 1972 B.
316 1931 448 1973 Mariae
472 1930 584 1985 Virg-
597 1928 665 1974 sub
678 1928 901 1974 Ministerio
916 1928 1016 1973 sffiae
1030 1927 1286 1982 Concepti07

980 2070 1238 2138 No

1359 340 1418 382 nis
1434 348 1563 390 nuper
1576 337 1625 377 ab
1650 334 1739 389 ipfis
1768 332 1897 386 fac'tz‘i3
1921 335 1971 378 ad
1994 350 2136 391 preces
2164 342 2288 384 modo
2310 345 2406 387 Fra.·

1357 398 1430 441 tris
1441 395 1610 440 Antonii
1626 391 1802 449 praediffl
1815 406 1889 446 pro
1898 393 2187 442 informatione
2198 400 2402 457 hujusmo-

1357 456 1402 499 di
1417 454 1653 500 ‘Eleeiionis
1694 450 1924 494 humillime
1958 456 2214 509 supplicantis
2234 487 2249 510 ‚
2281 464 2405 505 Sacra

1357 515 1533 560 Rituum
1559 511 1872 567 Congregatio,
1897 508 2103 555 referente
2131 517 2405 561 Eminentiffi-

1357 589 1425 617 mo
1438 603 1451 626 ,
1476 575 1515 615 &
1529 568 1883 620 Reverendiffimo
1898 568 2078 613 Domino
2090 576 2300 618 Cardinali
2317 581 2403 622 Ca-

1353 636 1437 676 sino
1456 660 1471 684 ‚
1502 641 1667 675 attento
1686 659 1701 682 ‚
1733 628 1844 685 quod
1876 627 2024 671 electio
2051 632 2237 685 praedieta
2270 633 2401 679 fuerit

1352 691 1521 735 servatis
1540 688 1746 733 servandis
1761 718 1776 739 ,
1797 687 1960 745 &juxta
1977 689 2253 747 praescriptum
2269 693 2308 737 in
2324 694 2404 738 de.

1353 761 1474 794 creto
1488 748 1561 793 fel.
1576 750 1739 792 record.
1758 748 1916 792 Urbani
1935 749 2042 803 Papg
2058 751 2178 793 v111.
2191 751 2259 794 die
2275 766 2402 796 xxm.

1354 810 1495 855 Martii
1513 823 1707 854 Mocxxx.
1723 807 1840 850 edito
1855 837 1870 860 ,
1884 806 2069 861 legitime
2087 807 2186 853 fasta
2199 841 2212 864 ‚
2230 810 2403 855 eandem

1352 869 1592 927 approbavit
1609 899 1624 920 ,
1656 870 1696 910 &
1709 867 1992 918 confirmavit,
2016 881 2063 909 ac
2092 869 2136 910 B.
2153 874 2211 913 M.
2229 870 2281 909 V.
2301 873 2404 912 San..

1348 927 1517 973 &iffimae
1534 927 1810 971 Immaculatae
1823 926 2122 983 conceptionis
2140 955 2155 978 2
2184 929 2236 970 fic
2268 928 2308 968 in
2323 930 2403 970 Pa-

1350 1000 1509 1032 tronam
1525 987 1798 1044 Principalem
1814 985 1952 1028 elestae
1965 1015 1980 1037 ‚
2000 989 2287 1041 praerogativas
2313 1000 2403 1028 om-

1348 1062 1419 1095 nes
1433 1077 1448 1100 ‚
1463 1047 1644 1091 Patronis
1660 1045 1963 1100 Principalibus
1976 1056 2257 1100 competentes
2278 1074 2293 1095 ,
2307 1058 2400 1086 curn

1348 1108 1595 1151 recitatione
1607 1105 1728 1148 officii
1746 1103 1939 1162 Ejusdem
1954 1104 2024 1146 sub
2040 1105 2128 1148 ritu
2151 1103 2304 1161 duplici
2319 1104 2402 1160 pri-

1348 1181 1419 1210 mae
1432 1165 1557 1215 claffis
1580 1180 1670 1208 cum
1692 1168 1832 1215 octava
1847 1164 1889 1205 in
1911 1163 2101 1209 universo
2113 1164 2305 1222 praeditsto
2316 1165 2400 1205 Or-

1346 1225 1443 1270 dine
1457 1223 1646 1268 attribuit
1659 1254 1674 1275 ,
1703 1234 1827 1280 atque
1844 1221 2033 1265 conceffit
2045 1251 2059 1264 .

1413 1285 1496 1328 Die
1522 1297 1562 1326 x.
1593 1284 1734 1326 Martii
1765 1295 1992 1326 Mnccxiv.

1494 1402 1573 1453 Fr.
1595 1400 1837 1454 Cardinalis
1850 1400 1901 1450 de
1916 1399 2071 1450 Abdua
2083 1437 2096 1450 .

1355 1524 1486 1568 Locus
1497 1518 1550 1570 »Β
1566 1517 1698 1574 sigilli
1713 1545 1727 1559 .

1687 1636 1812 1678 N.M.
1821 1634 1997 1691 Tcdtstht‘
2006 1636 2082 1690 Epi
2101 1649 2134 1676 c.
2141 1635 2403 1688 Liparitanus

1993 1697 2038 1734 S.
2055 1696 2105 1736 R.
2119 1696 2239 1748 Cong.
2254 1695 2401 1740 secret.

1411 1812 1589 1866 Exempl.
1606 1808 1880 1865 Authogr‘aph.
1894 1811 1938 1850 in
1952 1808 2223 1865 Archivogen.
2238 1811 2398 1855 Ordinit

1471 1873 1577 1913 Tom.
1593 1871 1648 1914 R.
1663 1882 1771 1914 num.
1793 1881 1886 1926 197.

1361 2073 1658 2138 TA.

354 2211 433 2248 UM
447 2211 576 2248 occafio
588 2210 736 2256 eligendi
748 2209 892 2248 Sanaos
915 2210 954 2247 in
969 2211 1141 2250 Patronos
1167 2206 1262 2244 varie
1288 2215 1448 2245 occurrat
1462 2230 1476 2252 ³
1502 2208 1695 2244 Decretum
1716 2205 1753 2243 in
1764 2202 1968 2243 hoclibello
1984 2205 2129 2254 supplici
2143 2191 2330 2251 allegatum
2341 2207 2398 2246 hic

364 2261 399 2296 in
409 2261 580 2304 Regulam
592 2261 775 2308 apponitur
784 2284 796 2296 .

268 2352 272 2366 ⁸
351 2379 357 2387 “
434 2369 765 2413 DECRETUM
797 2369 981 2412 SUPER
1013 2367 1350 2413 ELECTIONE
1382 2366 1750 2411 SANCTORUM
1779 2367 1845 2410 IN
1876 2363 2219 2408 PATRONOS.

315 2478 361 2520 A
382 2478 503 2518 Sacra
533 2479 700 2520 Ritaum
726 2479 1031 2534 congregatione
1056 2477 1102 2518 de
1118 2477 1265 2519 Ordine
1290 2471 1524 2529 Saniiffmi
1554 2475 1717 2516 Domini
1747 2470 1884 2528 Nostri
1908 2470 2060 2514 Urbani
2085 2474 2200 2526 Papae
2230 2473 2335 2516 VIII.

890 2544 1114 2577 emanatum
1140 2535 1201 2575 die
1229 2545 1355 2575 xxm.
1385 2533 1535 2574 Martii
1558 2545 1752 2574 mncxxx.

249 2639 304 2725 S
319 2641 418 2677 Aera
432 2639 583 2677 Rittium
596 2641 824 2692 Congregatio
840 2666 854 2687 ‚
878 2651 1055 2679 annuente
1062 2640 1266 2691 Sanffiiffimo
1277 2639 1424 2676 Domino
1437 2636 1566 2688 Nostro
1579 2639 1619 2675 in
1632 2638 1788 2676 elefiiione
1811 2637 2047 2676 Patronorum
2069 2636 2253 2674 mandavit
2274 2637 2393 2686 infra·

320 2690 454 2738 scripta
468 2691 507 2725 in
520 2690 684 2741 posterum
689 2692 833 2741 servari
843 2692 963 2729 debere
982 2716 996 2736 ,
1017 2689 1195 2727 declarans
1208 2715 1222 2734 ,
1245 2689 1335 2738 quod
1348 2687 1551 2734 aliterfac'ia
1563 2688 1675 2725 elefiio
1688 2688 1784 2725 nulla
1799 2687 1844 2735 fit
1857 2687 1926 2735 ipso
1936 2687 2018 2736 jure
2034 2713 2044 2722 .

341 2739 460 2776 Prt'mo
471 2764 481 2774 .
504 2739 611 2797 Qd
624 2740 708 2789 eligi
716 2741 835 2790 poffint
846 2743 885 2776 in
898 2741 1080 2777 ‘Patronos
1093 2741 1124 2776 ii
1127 2739 1238 2790 solum
1253 2763 1268 2783 ‚
1288 2739 1348 2787 qui
1360 2738 1403 2774 ab
1433 2736 1574 2787 Ecclesia
1598 2737 1801 2787 vniversalt‘
1828 2734 1947 2773 Titulo
1969 2732 2175 2806 Sanfflarum
2198 2732 2387 2781 coluntur,

244 2797 316 2822 non
341 2797 455 2823 autem
482 2786 684 2835 ‘Beatzficati
705 2790 879 2826 duntaxat
893 2815 903 2825 .

342 2836 498 2871 Secundo
512 2862 522 2872 .
546 2836 651 2887 Qd
660 2838 701 2874 de
712 2837 867 2876 Patrono
882 2838 1054 2875 Civitatis
1065 2836 1175 2874 elefiio
1193 2836 1279 2883 fieri
1289 2837 1409 2874 debeat
1416 2845 1481 2885 per
1495 2834 1630 2883 secreta
1643 2833 1815 2886 sufflagia
1828 2834 1850 2871 ἃ
1864 2833 1991 2882 Popula
2006 2856 2020 2878 ‚
2043 2832 2216 2869 mediante
2233 2832 2391 2870 Concilio

248 2882 414 2919 Generalt'
424 2883 520 2919 illius
533 2886 704 2923 Civitatis
718 2911 733 2930 ,
759 2886 818 2923 vel
827 2887 930 2926 Locis
961 2898 1029 2923 non
1043 2896 1156 2924 autem
1170 2887 1213 2922 ab
1226 2884 1551 2936 Officialibusfhlum
1565 2909 1580 2930 ‚
1599 2885 1642 2927 ἐς·
1653 2884 1743 2934 quod
1757 2883 1916 2921 accedere
1927 2882 2050 2920 debeat
2065 2881 2242 2932 consensus
2253 2882 2389 2932 Episco-

242 2931 281 2978 pi
296 2954 309 2974 ‚
334 2931 377 2972 ὠ·
390 2931 485 2969 Cleri
513 2932 608 2970 illius
632 2936 738 2971 Loci.

343 2979 498 3029 Idemque
512 2981 655 3030 servari
680 2982 800 3019 debeat
813 2983 852 3018 in
866 2981 1019 3021 Patrono
1031 2981 1172 3032 Regni,
1198 2986 1260 3033 qui
1269 2985 1407 3034 pariter
1419 2983 1503 3032 eligi
1514 2983 1634 3020 debeat
1643 2990 1709 3032 per
1715 2982 1853 3033 secreta
1867 2979 2041 3033 suffragia
2054 2979 2076 3018 ἃ
2090 2979 2228 3031 ‘Populo
2239 2979 2390 3030 singula-

242 3039 322 3064 rum
333 3028 531 3066 civitatum
543 3030 751 3067 ‘Provinciae
766 3058 776 3067 .

273 3125 282 3133 ·
338 3076 385 3112 Et
399 3078 490 3126 quod
499 3078 838 3135 Repraefintantibus
861 3080 1022 3129 Regnum
1031 3104 1046 3125 ,
1074 3080 1267 3119 Civitatem
1277 3105 1291 3125 ,
1309 3081 1536 3119 Provinciam
1560 3081 1659 3119 nulla
1670 3091 1838 3134 competat
1852 3078 2008 3130 facultas
2019 3078 2170 3128 eligendi
2184 3079 2354 3118 Patronos
2369 3089 2383 3118 3

243 3124 306 3173 mfi
313 3124 359 3160 ad
369 3125 429 3161 hoc
443 3125 592 3164 habeant
593 3127 742 3175 speciale
755 3129 954 3167 mandatum
964 3154 978 3174 ,
992 3130 1036 3171 &⁵
1047 3129 1193 3167 ulterius
1207 3132 1426 3168 interveniat
1438 3130 1612 3180 consensus
1623 3131 1799 3180 Episcopi,
1821 3133 1867 3174 &⁶
1880 3129 1976 3168 Cleri
1985 3129 2153 3165 dietarum
2161 3128 2360 3165 Ct'vitatum
2373 3151 2383 3160 ·

339 3173 387 3232 βε
402 3173 520 3211 Tertio
536 3200 550 3220 ,
572 3176 662 3224 quod
673 3176 778 3225 causae
801 3177 970 3214 elefiiionis
983 3190 1148 3215 novorum
1165 3179 1396 3218 Patronorum
1409 3180 1555 3217 debeant
1578 3182 1619 3216 in
1628 3181 1741 3218 Sacra
1766 3179 2042 3230 Congregatione
2056 3177 2179 3214 deduci
2190 3198 2207 3220 ,
2232 3174 2275 3215 &⁵
2289 3175 2332 3210 ab
2342 3185 2384 3211 ea

240 3225 432 3259 exammari
447 3247 460 3267 ‚
487 3236 528 3260 ac
552 3225 684 3262 demum
704 3228 808 3263 causa*
830 3229 969 3275 cognita
990 3227 1035 3263 ab
1058 3227 1173 3264 eadem
1187 3228 1459 3276 Congregatione
1482 3237 1523 3277 ap
1567 3230 1666 3266 abari
1674 3253 1691 3274 ‚
1717 3229 1760 3271 &⁶
1781 3229 2001 3278 confirmari.

269 3314 274 3317 ¹
337 3271 383 3308 Et
402 3284 444 3308 ne
465 3271 705 3324 praemissorum
719 3274 921 3321 ignorantia
946 3275 1015 3312 ullo
1037 3288 1188 3324 unquam
1215 3285 1363 3325 tempore
1380 3278 1475 3328 poffit
1490 3291 1511 3315 a
1524 3278 1638 3327 legari
1649 3302 1665 3325 ,
1689 3278 1807 3317 eadem
1825 3280 1940 3319 Sacra
1960 3274 2115 3322 Rifuum
2144 3271 2382 3322 Congregaffl?

239 3319 472 3369 supradiffium
486 3322 684 3360 ‘Decretum
698 3324 848 3372 imprimi
859 3348 876 3369 ,
896 3323 1123 3375 &publicari
1135 3325 1318 3363 mandavit
1332 3353 1344 3363 .
1469 3326 1472 3328 ’
1606 3325 1619 3328 “
1986 3322 1988 3324 ’

583 3423 756 3476 Joannes
782 3422 965 3481 Baptista
995 3422 1115 3466 Card.
1131 3427 1256 3469 Detur
1268 3455 1282 3467 .

341 3524 452 3562 Locus
468 3526 501 3561 ›1‹
515 3526 652 3573 sigilli.

1566 3636 1612 3677 Τ.
1635 3632 1852 3691 Tegrimius
1875 3633 2144 3679 secretarius&
2206 3677 2215 3689 ζ

438 3730 496 3780 (⁴⁸)
511 3735 565 3772 De
578 3746 763 3776 memorato
772 3739 806 3778 in
820 3738 952 3792 Libello
966 3740 1111 3791 supplici
1121 3741 1308 3793 P-Joanne
1322 3742 1486 3783 Antonio
1497 3742 1580 3781 alibi
1592 3751 1740 3782 recurret
1753 3739 1915 3781 memoria
1929 3767 1944 3778 .
